2314 3970
21 3593 25 3670 1

24 3763 27 3822 Ε

106 218 202 271 406]
491 216 772 256 Ptolemaeus
794 215 851 255 VI
883 215 1158 256 Philometor
1190 217 1364 265 (484-4
1381 217 1430 255 46
1455 228 1492 256 a.
1516 214 1614 256 Chr.
1639 214 1709 265 n.).
1980 216 2079 265 183

105 397 128 434 6
166 392 227 434 Cf.
258 390 416 432 Strabo
438 389 574 442 XVII,
598 393 635 443 4,
660 393 682 430 8
715 401 758 443 p.
783 392 862 430 794
888 390 956 431 C.:
990 388 1077 430 ἔστι
1108 387 1155 430 δὲ
1183 388 1238 447 τῇ
1270 388 1434 446 συνόδῳ
1462 386 1595 446 ταύτῃ
1626 387 1700 431 καὶ
1727 388 1930 446 χρήματα
1958 388 2082 431 κοινὰ

102 463 172 506 Ικαὶ
203 461 333 519 ἱερεὺς
365 460 386 503 ὁ
418 459 487 503 ἐπὶ
515 460 578 516 τῷ
609 457 808 517 Μουσείῳ
840 459 1092 517 τεταγμένος
1122 461 1217 503 τότε
1250 461 1326 517 μὲν
1358 459 1438 503 ὑπὸ
1468 467 1552 503 τῶν
1587 459 1807 517 βασιλέων,
1839 463 1910 502 νῦν
1943 456 1972 502 δ’
1999 460 2080 504 ὑπὸ

102 532 325 593 Καίσαρος.
387 534 511 583 Quos
551 534 808 576 sacerdotes
846 534 969 587 quod
1008 534 1195 576 eosdem
1241 534 1379 575 fuisse
1421 545 1523 575 cum
1572 534 1926 575 bibliothecariis
1972 535 2078 576 olim

102 609 280 662 negavit
301 608 347 648 G.
367 607 560 659 Parthey
590 607 678 648 Das
700 607 753 648 al.
777 607 981 648 Museum
1014 618 1056 659 p.
1076 610 1143 659 57,
1175 607 1220 647 id
1252 618 1355 647 cum
1387 608 1474 648 hoc
1494 607 1626 648 titulo
1656 606 1950 648 confirmatur
1980 610 2079 647 tum

100 693 140 723 n.
166 683 258 733 472,
282 684 318 721 5.
343 684 381 732 6,
412 679 491 720 ubi
523 679 623 720 vice
653 690 785 720 versa
815 679 1115 720 bibliothecae
1146 679 1398 731 praefectus
1431 681 1820 720 commemoratur
1849 679 1971 720 nulla
2003 680 2077 720 ad-

101 753 191 795 dita
220 753 361 794 Musei
394 753 635 793 mentione.

207 974 318 1028 105
370 978 514 1028 Basis
553 978 824 1028 marmoris
862 977 1004 1027 rubri
1040 977 1248 1026 inventa
1286 978 1337 1024 in
1366 977 1575 1027 delubro
1603 978 1810 1027 Veneris
1836 978 2074 1043 Paphiae.

97 1065 185 1114 Ed.
233 1065 285 1114 Ε.
322 1065 376 1114 Α.
418 1064 664 1130 Gardner‚
713 1065 770 1113 D.
808 1063 864 1114 G.
901 1063 1148 1128 Hogarth‚
1196 1064 1257 1111 M.
1297 1063 1354 1112 R.
1391 1064 1560 1112 James
1605 1064 1813 1112 Journal
1863 1064 1920 1113 of
1954 1065 2075 1113 Hell.

98 1151 287 1202 studies
311 1152 378 1200 IX
407 1152 445 1218 (4
461 1149 583 1219 888)
609 1168 659 1218 p.
683 1151 784 1201 233
826 1166 875 1201 n.
899 1151 981 1201 24.
1049 1150 1353 1200 Sakellarios
1380 1145 1651 1218 Κυπριακά
1680 1150 1734 1198 Ι2
1758 1166 1808 1216 p.
1834 1151 1899 1199 98
1935 1166 1983 1199 n.
2010 1151 2074 1199 65

97 1235 175 1307 (M.
205 1239 258 1288 L.
290 1239 469 1289 Strack
505 1239 596 1289 Die
634 1238 874 1304 Dynastie
913 1238 1003 1288 der
1041 1238 1324 1287 Ptolemaer
1359 1253 1409 1303 p.
1442 1237 1544 1287 248
1585 1252 1632 1287 n.
1665 1234 1764 1303 84).

240 1378 468 1434 Βασιλέα
507 1379 820 1450 Πτολεμαῖον
872 1378 990 1432 θεὸν
1039 1378 1370 1450 Φιλομήτορα
1418 1379 1424 1450 Ι
1473 1379 1719 1450 βασιλέως
1761 1378 2079 1448 Πτολεμαίου

238 1466 324 1520 καὶ
363 1467 655 1539 βασιλίσσης
695 1464 1060 1538 ΚλεοπάΙτρας,
1103 1467 1233 1519 θεῶν
1268 1462 1555 1537 Ἐπιφανῶν
1573 1469 1605 1534 1,
1644 1496 1939 1505 ---------
1944 1465 2081 1536 Ι----

191 1571 216 1612 5
243 1552 596 1628 Ἀλεξανδρεὺς
623 1558 648 1609 ὁ
678 1556 950 1627 συγγενὴς2
989 1556 1143 1609 αὐτοῦ
1181 1555 1267 1609 καὶ
1303 1554 1318 1626 ΙΙ
1356 1555 1630 1627 στρατηγὸς
1668 1554 1752 1608 καὶ
1792 1555 2081 1628 ἀρχιερεὺς3

238 1646 335 1694 τῶν
373 1639 504 1695 κατὰ
542 1642 630 1713 τὴν
669 1647 836 1713 νῆσον.

211 1805 404 1846 Litterae
448 1805 668 1856 ΑΘΞΠΣ;
714 1815 743 1844 ο
784 1804 970 1845 minoris
1009 1815 1148 1856 quam
1196 1804 1396 1856 reliquae
1442 1803 1776 1856 magnitudinis.
1948 1807 1963 1843 4
2016 1805 2080 1844 Ex

95 1878 332 1931 parentum
365 1877 593 1917 mentione
623 1875 822 1917 editores
853 1887 942 1917 non
973 1875 1169 1917 absurde
1200 1876 1505 1928 coniecerunt,
1548 1877 1664 1916 hanc
1705 1877 1901 1916 statuam
1935 1877 2080 1917 Ptole-

96 1960 224 1991 maeo
258 1949 545 1990 Philometori
584 1949 810 2001 proximis
846 1950 950 2001 post
980 1949 1105 2000 regni
1136 1948 1313 1988 initium
1343 1949 1485 2000 annis,
1527 1950 1768 2000 antequam
1799 1959 2001 1989 sororem
2035 1950 2079 1989 in

96 2022 438 2063 matrimonium
477 2021 675 2074 duceret,
725 2022 751 2062 i.
791 2032 827 2062 e.
867 2022 984 2062 intra
1025 2032 1247 2062 annorum
1293 2023 1516 2062 484--472
1547 2033 1584 2061 a.
1617 2021 1717 2062 Chr.
1766 2022 1964 2073 spatium
2011 2021 2078 2072 (cf.

97 2106 137 2135 n.
161 2093 286 2146 4061)
316 2094 513 2147 positam
545 2104 655 2134 esse.
824 2097 847 2133 2
890 2093 951 2135 Cf.
983 2106 1024 2135 n.
1050 2092 1171 2133 4042.
1232 2092 1407 2135 Nomen
1439 2093 1634 2134 hominis
1666 2106 1707 2134 v.
1734 2097 1756 2133 3
1791 2095 1901 2134 extr.
1928 2096 1949 2133 4
1983 2094 2077 2134 init.

97 2167 302 2208 consulto
344 2166 544 2207 deletum
586 2177 686 2208 esse
726 2168 951 2207 testantur
988 2166 1205 2219 editores;
1252 2166 1374 2218 quod
1416 2167 1526 2218 quin
1567 2177 1682 2207 anno
1725 2168 1804 2207 446
1837 2178 1874 2206 a.
1906 2167 2005 2207 Chr.
2036 2178 2077 2206 n.

95 2238 263 2280 factum
307 2239 377 2292 sit,
417 2249 524 2280 cum
555 2238 838 2280 Ptolemaeus
870 2238 967 2278 VIII
1007 2239 1251 2291 Euergetes
1281 2239 1319 2278 II
1362 2249 1498 2291 regno
1530 2239 1703 2291 potitus
1743 2239 1790 2279 in
1821 2238 1970 2280 fratris
2003 2239 2079 2279 de-

95 2311 236 2353 functi
265 2311 438 2353 amicos
469 2313 516 2351 et
545 2311 740 2352 asseclas
772 2311 980 2363 saeviret,
1013 2312 1090 2352 vix
1112 2310 1311 2352 dubitari
1340 2311 1457 2363 licet,
1488 2311 1595 2363 quia
1626 2311 1762 2351 etiam
1794 2311 1840 2350 in
1870 2322 1949 2351 sex
1980 2311 2078 2351 aliis

95 2394 200 2424 cum
244 2383 448 2424 eiusdem
493 2383 612 2435 regis
657 2383 975 2424 Philometoris
1015 2383 1252 2436 (η.424,3.
1298 2386 1457 2435 422,2.
1507 2386 1601 2435 423,
1627 2382 1664 2434 3)
1711 2385 1810 2423 tum
1855 2383 1935 2423 filii
1981 2384 2077 2424 eius

96 2455 337 2509 Eupatoris
369 2467 395 2496 a
424 2457 587 2508 patruo
623 2456 762 2496 occisi
794 2456 849 2507 (n.
875 2458 971 2508 425,
998 2458 1034 2495 4.
1070 2458 1164 2507 426,
1190 2459 1226 2496 3.
1271 2458 1367 2507 427,
1392 2455 1430 2506 2)
1463 2456 1606 2496 titulis
1639 2455 1770 2508 plane
1801 2457 1978 2508 gemina
2009 2468 2078 2497 ra-

96 2538 228 2569 surae
257 2528 463 2581 exempla
495 2529 754 2568 occurrunt.
903 2531 925 2567 3
972 2526 1031 2567 Cf.
1064 2539 1105 2567 n.
1130 2527 1226 2568 841.
1261 2531 1340 2566 230
1355 2526 1385 2567 2.

205 2748 320 2804 106
369 2753 520 2818 Lapis
559 2753 837 2818 quadratus
875 2753 1110 2803 inventus
1149 2768 1181 2802 a
1205 2753 1487 2818 Brugschio
1513 2767 1676 2819 prope
1701 2753 1870 2802 vicum
1905 2749 2080 2802 Ghazi

96 2839 248 2889 situm
292 2840 344 2887 in
393 2839 621 2889 orientali
668 2841 782 2905 ripa
827 2841 1005 2906 capitis
1043 2840 1139 2888 Nili
1177 2840 1454 2904 Rosettani‚
1503 2855 1605 2889 non
1642 2840 1821 2905 procul
1867 2839 1931 2887 ab
1971 2840 2076 2888 eius

95 2924 251 2991 initio,
290 2926 455 2975 illatus
493 2927 543 2974 in
569 2940 803 2976 museum
829 2926 1165 2976 Berolinense.
1231 2926 1319 2975 Ed.
1363 2927 1416 2976 F.
1446 2927 1608 2976 Krebs
1647 2925 1830 2975 Nachr.
1860 2940 1962 2975 von
1990 2927 2078 2974 der

12 3033 14 3051 τ
71 3010 209 3062 GreS.
249 3013 338 3062 der
371 3012 678 3062 Wissensch.
716 3013 767 3061 in
802 3012 1071 3078 Gottingen
1113 3013 1249 3063 4892
1291 3029 1340 3079 p.
1371 3013 1474 3062 536
1514 3029 1562 3062 n.
1592 3014 1657 3061 III
1703 3010 1781 3079 (M.
1813 3014 1866 3062 L.
1898 3013 2076 3062 Strack

12 3113 16 3138 ss
97 3097 185 3148 Die
220 3099 461 3165 Dynastie
500 3100 590 3148 der
626 3099 912 3149 Ptolemaer
948 3115 997 3166 p.
1030 3100 1132 3150 250
1172 3115 1220 3149 n.
1253 3097 1352 3167 93).

239 3237 453 3293 Βασιλεῖ
485 3239 805 3311 Πτολεμαίωι
841 3241 927 3294 καὶ
966 3243 1256 3313 βασιλίσσηι
1296 3240 1303 3311 Ι
1344 3239 1714 3311 Κλεοπάτραιῑ,
1754 3241 1892 3299 θεοῖς
1921 3241 2076 3293 Φιλο-

217 3403 231 3438 4
279 3400 391 3442 Hinc
431 3403 631 3453 apparet,
673 3403 853 3454 nuptias
893 3403 1214 3443 Philometoris
1254 3403 1299 3442 et
1336 3401 1596 3454 Cleopatrae
1638 3400 1807 3441 sororis
1846 3400 1944 3440 eius
1984 3412 2075 3440 non

20 3473 23 3527 ξ
101 3472 208 3522 post
237 3483 402 3512 annum
435 3476 515 3512 ⁴72
548 3484 586 3513 a.
619 3473 718 3513 Chr.
748 3486 790 3515 n.
823 3474 927 3525 (not.
953 3474 990 3525 3)
1030 3474 1168 3515 factas
1200 3484 1310 3514 esse.
1374 3472 1471 3520 Quo
1510 3484 1626 3513 anno
1661 3483 1765 3513 cum
1808 3473 1846 3513 is
1877 3471 2073 3513 sedecim

21 3547 24 3588 'ss
105 3551 243 3583 annos
273 3546 406 3585 natus
437 3544 585 3596 fuerit,
626 3547 746 3586 certe
782 3557 838 3586 ne
868 3547 1012 3587 multo
1052 3548 1154 3587 ante
1184 3545 1369 3597 quidem
1408 3556 1598 3585 uxorem
1641 3545 1824 3585 duxisse
1862 3544 2074 3584 credibile

103 3614 183 3666 est,
221 3617 273 3656 ut
309 3617 417 3657 satis
456 3616 731 3658 confidenter
769 3618 824 3659 ad
855 3619 982 3659 illum
1022 3619 1172 3671 ipsum
1204 3629 1370 3658 annum
1410 3617 1545 3657 huius
1578 3617 1852 3657 matrimonii
1895 3618 2070 3657 initium

24 3675 25 3714 ἶ
105 3684 259 3726 referri
287 3686 430 3728 liceat.
