2314 3970
100 194 168 246 56]
580 194 825 235 Ptolemaei
856 194 913 233 111
946 195 1291 235 monumentum
1323 194 1588 246 Canopium.
2007 196 2075 246 99

156 373 208 414 10
238 364 327 435 τὴν
364 363 380 435 ΙΙ
416 365 703 433 ἐπιμέλειαν
751 362 837 417 διὰ
887 364 1068 424 παντὸς
1115 368 1375 418 ποιοῦνται
1420 361 1545 434 μετὰ
1588 363 1812 434 μεγάλης
1852 365 2080 435 δαπάνης

239 448 322 502 καὶ
357 450 621 521 χορηγίας,
660 450 747 504 καὶ
785 448 848 503 τὰ
889 451 1243 522 ἐξενεγχθέντα
1270 452 1327 503 ἐκ
1352 456 1440 521 τῆς
1466 452 1639 522 χώρας
1669 448 1780 522 ἱερὰ
1811 450 2081 522 ἀγάλματα

239 535 332 588 ὑπὸ
375 536 380 606 Ι
421 539 517 588 τῶν
560 535 768 607 Περσῶν
819 538 1178 608 ἐξστρατεύσας
1227 539 1252 589 ὁ
1293 536 1527 607 βασιλεὺς
1567 538 1838 591 ἀνέσωισεν
1879 540 1950 598 εἰς
1989 536 2082 590 Αἴ-

239 641 417 693 γυπτον
474 621 560 675 καὶ
611 624 867 676 ἀπέδωκεν
914 624 985 682 εἰς
1032 619 1096 675 τὰ
1148 621 1334 693 ἱεράῖθ,
1392 624 1510 676 ὅθεν
1559 625 1770 677 ἕκαστον
1818 626 1868 683 ἐξ
1917 625 2080 695 ἀρχῆς

238 710 457 780 ἐξήχθη,
506 710 596 778 τήν
645 730 698 762 τε
739 708 746 781 Ι
786 711 959 781 χώραν
1007 710 1059 761 ἐν
1109 711 1307 779 εἰρήνηι
1354 712 1708 780 διατετήρηκεν
1748 714 2077 782 προπολεμῶν

239 795 361 866 ὑπὲρ
402 797 556 865 αὐτῆς
594 795 715 866 πρὸς
753 793 917 849 πολλὰ
956 794 1079 864 ἔθνη
1119 793 1204 848 καὶ
1241 794 1357 855 τοὺς
1397 799 1447 849 ἐν
1477 798 1644 856 αὐτοῖς
1673 798 2076 865 δυναστεύοντας,

237 881 323 934 καὶ
367 882 468 942 τοῖς
517 883 569 934 ἐν
618 888 702 952 τῆι
748 883 918 954 χώραι
958 880 963 953 Ι
1003 885 1153 935 πᾶσιν
1203 881 1290 934 καὶ
1334 883 1437 942 τοῖς
1484 882 1656 942 ἄλλοις
1703 886 1805 943 τοῖς
1856 883 1950 936 ὑπὸ
1989 885 2078 955 τὴν

239 969 400 1021 αὐτῶν
453 969 713 1039 βασιλείαν
760 970 1085 1038 τασσομένοις
1132 968 1220 1039 τὴν
1271 968 1506 1038 εὐνομίαν
1554 970 1859 1040 παρέχουσιν
1876 974 1937 1037 2⁷,
1994 974 2081 1023 τοῦ

238 1074 292 1107 τε
338 1059 566 1124 ποταμοῦ
609 1057 788 1108 ποτε28
834 1056 1234 1126 ἐνλιπέστερον29
1290 1054 1585 1127 ἀναΙβάντος
1623 1055 1709 1108 καὶ
1746 1055 1942 1110 πάντων
1982 1060 2078 1109 τῶν

238 1142 290 1194 ἐν
352 1146 437 1211 τῆι
490 1142 661 1214 χώραι
714 1142 1263 1212 καταπεπληγμένων3θ
1319 1140 1400 1195 ἐπὶ
1456 1146 1548 1196 τῶι
1605 1143 1941 1213 συμβεβηκότι
1996 1140 2081 1195 καὶ

154 1237 206 1277 15
236 1229 619 1298 ἐνθυμουμένων
681 1228 769 1299 τὴν
832 1229 1166 1299 γεγενημένην
1223 1226 1555 1300 καταφθορὰν
1593 1227 1608 1299 ΙΙ
1646 1229 1725 1281 ἐπί
1780 1250 1923 1282 τινων
1981 1232 2077 1282 τῶν

235 1315 473 1386 πρότερον
513 1315 958 1385 βεβασιλευκότων,
1009 1311 1083 1386 ἐφ’
1128 1317 1196 1368 ὧν
1238 1316 1422 1386 συνέβη
1465 1315 1731 1386 ἀβροχίαις
1768 1336 2082 1387 περιπεπτω-

235 1401 378 1454 κέναι
416 1399 530 1460 τοὺς
568 1401 656 1472 τὴν
694 1402 869 1472 χώραν
908 1405 1264 1462 κατοικοῦντας
1279 1405 1338 1469 31,
1378 1400 1682 1473 προστάντες
1720 1402 2077 1474 κηδεμοΙνικῶς

234 1490 330 1540 τῶν
369 1507 422 1540 τε
461 1489 512 1540 ἐν
551 1488 652 1547 τοῖς
695 1488 844 1558 ἱεροῖς
881 1488 967 1541 καὶ
1005 1491 1101 1541 τῶν
1142 1487 1308 1541 ἄλλων
1348 1492 1444 1541 τῶν
1471 1488 1560 1559 τὴν
1587 1490 1760 1560 χώραν
1789 1490 2080 1543 κατοικούν-

235 1593 356 1641 των,
413 1569 576 1626 πολλὰ
637 1573 723 1643 μὲν
779 1574 1166 1645 προνοηθέντες,
1226 1575 1316 1628 οὐκ
1373 1575 1520 1645 ὀλίγα
1572 1575 1626 1628 δὲ
1674 1578 1771 1628 τῶν
1819 1578 2080 1647 προσόδων

236 1658 563 1731 ὑπερΙιδόντες
578 1661 622 1696 32
659 1660 808 1713 ἕνεκα
844 1666 932 1731 τῆς
970 1663 1065 1713 τῶν
1107 1661 1387 1732 ἀνθρώπων
1429 1661 1693 1732 σωτηρίας,
1734 1661 1792 1714 ἔκ
1817 1683 1869 1714 τε
1897 1661 2081 1733 Συρίας

236 1745 323 1799 καὶ
370 1746 670 1816 Φοινίκης33
725 1745 812 1799 καὶ
859 1745 1068 1818 Κύπρου
1087 1749 1131 1784 34
1175 1747 1262 1800 καὶ
1311 1750 1359 1806 ἐξ
1409 1747 1576 1800 ἄλλων
1626 1750 1868 1802 πλειόνων
1917 1750 2079 1802 τόπων

237 1832 369 1885 σῖτον
411 1831 870 1904 μεταπεμΙψάμενοι
907 1834 977 1893 εἰς
1015 1834 1103 1905 τὴν
1142 1834 1315 1905 χώραν
1354 1837 1510 1904 τιμῶν
1550 1835 1850 1904 μειζόνωνῧ5
1884 1837 2082 1889 διέσωι-

207 1996 261 2034 26
304 1992 365 2034 Cf.
397 2004 438 2033 n.
464 1992 577 2034 5425.
726 1996 776 2033 27
818 1993 932 2034 Cum
974 1994 1186 2047 proximo
1227 1994 1459 2035 enuntiato
1512 1995 1630 2047 regis
1673 2006 1744 2036 res
1784 2006 1865 2049 per
1910 1994 2080 2036 bellum

91 2065 267 2117 egregie
304 2067 455 2117 gestae
492 2065 777 2118 praedicatae
818 2066 921 2118 sint,
961 2066 1048 2106 hoc
1089 2066 1255 2118 plurali
1303 2066 1360 2107 ad
1398 2067 1639 2119 utriusque
1679 2067 1887 2119 coniugis
1924 2067 2080 2109 laudes

91 2137 275 2178 reditur.
337 2137 538 2186 Quarum
578 2137 762 2190 similes,
810 2138 887 2178 sed
928 2138 1073 2178 multo
1121 2139 1272 2179 minus
1319 2139 1518 2191 meritas,
1563 2140 1608 2179 in
1655 2139 1901 2192 Epiphanis
1947 2140 2079 2181 titulo

91 2209 333 2250 Rosettano
367 2208 422 2260 (n.
447 2212 515 2263 90,
538 2213 606 2251 20.
630 2210 698 2261 24)
741 2209 887 2250 redire
927 2210 1143 2251 observat
1173 2210 1382 2263 Mahaffy.
1533 2214 1586 2251 28
1631 2211 1696 2252 Ex
1734 2212 1824 2252 hoc
1862 2211 2080 2253 adverbio

91 2281 284 2334 Mahaffy
316 2282 507 2334 collegit,
549 2284 671 2322 certe
701 2282 875 2334 aliquot
905 2293 1127 2323 annorum
1159 2283 1358 2335 spatium
1399 2283 1516 2323 inter
1546 2283 1662 2324 hanc
1701 2284 2004 2324 calamitatem
2037 2286 2082 2325 et

91 2365 259 2394 annum
291 2354 538 2406 Euergetae
568 2365 739 2395 nonum
770 2355 1093 2395 intercessisse.
1155 2355 1241 2395 Sed
1271 2366 1382 2395 num
1414 2357 1535 2396 recte
1566 2355 1822 2408 coniecerit,
1855 2367 1956 2397 eam
1988 2367 2080 2397 non

90 2427 195 2478 post
225 2437 393 2467 annum
423 2427 611 2466 tertium
645 2423 790 2480 (245l4
823 2438 861 2467 a.
885 2426 1001 2478 Chr.)
1042 2426 1262 2467 accidisse
1293 2437 1436 2478 eaque
1474 2438 1626 2479 regem
1666 2439 1722 2468 ex
1753 2428 1902 2468 medio
1942 2438 2080 2469 cursu

91 2498 308 2539 victoriae
359 2498 550 2539 Asianae
599 2498 645 2538 in
695 2497 954 2550 Aegyptum
1015 2500 1284 2539 revocatum
1345 2509 1457 2552 esse,
1519 2498 1838 2540 dubitaverim.
1923 2499 2080 2552 Neque

90 2570 211 2610 enim
258 2580 357 2610 esse
402 2570 584 2610 videtur
628 2580 710 2609 cur
757 2569 892 2610 fidem
944 2581 1035 2610 non
1084 2570 1334 2611 habeamus
1380 2570 1541 2623 Trogo,
1597 2571 1676 2623 qui
1725 2571 1920 2612 reditum
1961 2573 2078 2622 regis

91 2640 148 2681 ad
189 2638 456 2683 seditionem
499 2638 790 2683 domesticam
835 2642 989 2694 potius
1034 2641 1171 2682 refert
1219 2642 1386 2693 (lustin.
1423 2641 1558 2695 XVII,
1596 2646 1635 2694 4,
1674 2646 1712 2683 9.
1777 2643 1837 2684 Cf.
1877 2655 1919 2684 n.
1952 2642 2078 2694 5422).

93 2715 145 2752 29
186 2710 480 2767 ἐλλιπέστερον
511 2713 560 2754 Α.
711 2716 761 2753 30
805 2714 1207 2755 ΡΕΠΛΗΓΗΕΝΩΝ
1240 2714 1288 2754 Α.
1439 2717 1483 2754 34
1532 2714 1586 2754 Et
1618 2715 1692 2755 hic
1722 2717 1767 2755 et
1801 2717 1960 2769 postea
1990 2727 2079 2756 non

73 2784 284 2825 arctiore
303 2785 350 2825 vi
382 2785 447 2836 (ut
474 2782 667 2826 κάτοικοι
691 2782 832 2831 ἱππεῖς
866 2788 962 2839 428,
987 2788 1008 2826 4
1042 2787 1087 2826 et
1117 2786 1308 2838 similia),
1341 2786 1535 2827 verbum
1558 2787 1784 2839 usurpari,
1818 2787 1897 2827 sed
1920 2798 2076 2827 omnes

90 2857 274 2898 omnino
296 2857 576 2910 quicumque
606 2857 652 2897 in
671 2856 877 2910 Aegypto
901 2857 1182 2898 domicilium
1214 2858 1410 2899 habeant
1439 2858 1635 2910 intellegi
1664 2859 1849 2899 adnotat
1869 2858 2076 2911 Mahaffy.

93 2931 146 2968 32
188 2929 301 2970 Cum
345 2929 391 2970 in
429 2929 651 2981 Euergeta
695 2930 954 2971 sacerdotes
998 2930 1086 2971 hoc
1125 2931 1171 2971 in
1216 2931 1483 2971 universum
1522 2930 1746 2971 indicasse
1787 2932 1895 2971 satis
1941 2930 2078 2971 habe-

91 3001 180 3053 ant,
211 3000 257 3040 in
287 2999 532 3053 Epiphanis
563 3000 773 3042 laudibus
803 3002 1059 3043 accuratius
1091 3004 1416 3043 enumerantur
1439 3003 1674 3054 vectigalia
1707 3014 1731 3043 a
1754 3013 1856 3054 rege
1888 3003 2079 3042 remissa

93 3071 175 3125 (9⁰,
199 3075 248 3111 43
269 3073 395 3124 sqq.).
447 3072 562 3113 Mah.
701 3076 752 3112 ³3
793 3073 854 3114 Cf.
888 3085 930 3114 n.
953 3076 1021 3126 54,
1047 3077 1084 3116 6.
1110 3078 1146 3115 7.
1287 3077 1338 3114 34
1372 3074 1531 3114 Versio
1564 3074 1788 3114 demotica
1818 3085 1900 3125 pro
1924 3073 2075 3125 Cypro

50 3199 55 3201 Α
91 3143 295 3184 nominat
325 3144 560 3196 Salamina,
592 3155 709 3196 quae
739 3145 839 3185 tum
870 3145 988 3186 inter
1018 3145 1192 3186 insulae
1224 3145 1392 3198 oppida
1422 3145 1675 3198 principem
1705 3144 1856 3185 locum
1879 3146 2077 3185 tenuisse

91 3214 284 3255 videtur.
432 3218 481 3254 35
524 3215 644 3256 Emit
674 3217 794 3256 enim
825 3216 1103 3258 frumentum
1134 3228 1215 3258 rex
1246 3217 1302 3258 ab
1330 3218 1514 3258 illarum
1545 3217 1779 3268 regionum
1803 3227 1918 3268 quae
1949 3218 2077 3258 extra

91 3285 348 3339 Aegyptum
379 3287 421 3327 ei
451 3286 673 3340 parebant
702 3288 874 3342 incolis,
906 3300 997 3330 non
1026 3290 1283 3342 imperavit.
1334 3289 1448 3329 Mah.
1510 3289 1630 3328 Inter
1651 3288 1847 3339 reliquas
1871 3289 2076 3340 regiones

94 3356 180 3407 (καὶ
211 3355 254 3406 ἐξ
285 3356 428 3400 ἄλλων
461 3357 669 3400 πλειόνων
707 3358 863 3412 τόπων)
907 3361 955 3401 G.
978 3361 1231 3402 Lumbroso
1271 3360 1553 3400 Recherches
1592 3370 1634 3410 p.
1660 3362 1740 3399 456
1782 3359 2077 3411 probabiliter

81 3428 301 3481 ,inprimis
332 3430 527 3472 Siciliam
560 3430 698 3472 fuisse
729 3432 933 3485 coniecit,
972 3444 1027 3473 ex
1059 3445 1149 3486 qua
1185 3434 1275 3473 iam
1308 3431 1585 3482 Philadelphi
1623 3441 1761 3482 regno
1805 3442 1887 3483 per
1917 3433 2076 3472 carita-

79 3501 187 3542 ‘tem
218 3513 420 3544 annonae
451 3502 727 3544 frumentum
756 3503 1071 3546 Alexandriam
1106 3505 1345 3546 devectum
1378 3503 1546 3543 indicat
1576 3501 1831 3544 Athenaeus
1854 3503 1891 3543 V
1918 3508 1996 3543 209
2021 3504 2073 3544 b:

80 3562 232 3626 »Ἱέρων
261 3595 320 3604 —-
349 3572 498 3632 διέγνω
531 3573 666 3631 δῶρον
698 3573 827 3632 αὐτὴν
869 3575 959 3632 (τὴν
992 3578 1106 3628 ναῦν)
1149 3572 1402 3616 ἀποστεῖλαι
1434 3571 1687 3630 Πτολεμαίῳ
1725 3575 1787 3632 τῷ
1818 3573 1986 3631 βασιλεῖ
2015 3575 2074 3621 είς

95 3635 419 3705 Ἀλεξάνδρειαν·
457 3644 531 3687 καὶ
559 3644 639 3704 γὰρ
669 3644 722 3702 ἦν
755 3645 902 3694 σπάνις
934 3646 1047 3689 σίτου
1080 3645 1190 3688 κατὰ
1219 3645 1296 3702 τὴν
1329 3642 1559 3702 Αἴγυπτον.

1674 3730 1728 3773 7*
