2314 3970
133 212 148 248 ⁴
164 209 230 260 99]
785 202 1126 243 Monumentum
1157 198 1461 241 Adulitanum
1998 195 2100 245 287

131 264 2099 289 W

232 380 361 449 μου4
440 376 565 445 ἔθνη
638 373 1005 446 εἰρηΙνεόεσθαι
1072 372 1246 426 κελεύ-
1298 375 1357 437 †²’¹
1377 371 1606 443 σχόλιον·
1651 364 1822 438 Γάζην
1861 366 1998 436 λέγει
2034 364 2148 424 τοὺς

233 485 324 523 σας
435 461 727 531 ἐπολέμησα
846 458 933 513 καὶ
1031 459 1245 518 ὑπέταξα
1378 453 1698 528 [Ἀ]Εωμίτας·
1742 453 1866 526 ἄχρι
1903 449 2018 524 [γὰρ
2046 451 2149 521 καὶ]

233 548 427 622 μάχαις
481 545 546 600 τὰ
611 546 1042 619 ὑπογεΙγραμμένα
1095 544 1245 614 ἔθνη·
1377 548 1464 598 τοῦ
1501 547 1584 597 νῦν
1608 539 1787 613 Ἀγάζη
1833 537 2010 600 αὐτοὺς
2041 540 2150 592 ὀνο-

231 635 476 706 Γάζη5ῒθ
519 633 665 695 ἔθνος
714 634 1026 704 ἐπολέμησα,
1076 631 1247 684 ἔπειτα
1380 628 1640 700 μά[ζοο]σι
1677 631 1717 681 F

223 720 444 794 Ἀγάμε6
525 719 611 774 καὶ
680 720 1010 792 ΣιγύηνΊῒ-θῧ,
1088 716 1174 770 καὶ
1239 715 1246 788 Ι
1292 716 1559 786 -ί-ὃᾶσιγύην
1583 758 1593 768 .
1618 755 1629 767 .
1654 756 1665 767 .
1691 757 1702 768 .
1738 711 2018 768 σουσκωῖτα
2052 754 2063 766 .
2094 755 2103 765 .
2135 755 2146 766 .

231 811 439 880 νικήσας
520 807 610 878 τὴν
716 805 949 878 ἡμίσειαν
1047 802 1246 856 πάντων
1378 800 1464 855 καὶ
1499 798 1562 854 τὰ
1591 799 1734 872 ἐγγὺς
1770 802 1930 855 αὐτῶν
1961 799 2083 871 ἔθνη
2113 803 2152 852 F

230 899 326 948 τῶν
426 889 536 964 παρ’
644 892 813 951 αὐτοῖς
909 890 994 944 καὶ
1087 890 1248 943 αὐτῶν

180 998 205 1038 5
233 977 590 1052 ἐμερισάμηνὸ.
663 975 883 1031 Αὖὰ9*ἶ’
930 976 947 1048 ΙΙ
989 975 1075 1030 καὶ
1133 975 1251 1047 Ζιγ-
1306 971 1361 1006 *¹²
1381 970 1613 1045 Τιαμοὶ10
1682 973 1794 1034 τοὺς
1856 975 2151 1046 λεγομένους

128 1145 175 1186 in
206 1145 327 1184 terra
356 1153 472 1195 quae
507 1140 645 1181 hodie
679 1135 808 1194 Tiqre
837 1139 1040 1190 vocatur,
1078 1137 1106 1178 i.
1135 1147 1173 1178 e.
1204 1137 1252 1177 in
1291 1136 1631 1189 septentrionali
1669 1138 1798 1189 parte
1834 1135 2110 1177 editissimae

130 1216 250 1257 illius
280 1214 477 1267 regionis
506 1212 708 1266 undique
728 1211 902 1264 campis
932 1208 1184 1251 humilibus
1205 1209 1392 1262 cinctae,
1422 1220 1563 1262 quam
1593 1208 1684 1250 fere
1713 1207 1997 1249 Abessiniam
2028 1220 2111 1250 vo-

131 1299 235 1330 care
274 1287 487 1329 solemus.
547 1286 596 1326 In
633 1284 795 1325 litteris
828 1283 1008 1324 Graecis
1046 1282 1351 1335 Romanisque
1386 1281 1701 1324 Axomitarum
1740 1281 1900 1335 populi
1939 1281 2109 1322 mentio

130 1371 220 1401 non
249 1359 299 1400 fit
329 1360 433 1400 ante
464 1357 691 1410 Periplum
721 1356 861 1397 maris
891 1355 1131 1408 Erythraei
1154 1357 1176 1395 4
1207 1365 1252 1407 p.
1276 1357 1373 1408 260,
1396 1356 1464 1408 42,
1497 1354 1654 1408 oppidi
1674 1354 1859 1396 Axomis
1890 1365 1980 1395 non
2011 1354 2112 1395 ante

129 1432 439 1474 Ptolemaeum
472 1430 633 1482 Geogr.
664 1428 735 1482 IV,
759 1431 798 1481 7,
822 1431 846 1470 8
889 1439 931 1481 p.
956 1430 1053 1480 778,
1078 1430 1100 1467 3
1134 1427 1312 1468 Miiller:
1357 1425 1386 1483 ἥ
1418 1440 1463 1468 τε
1500 1421 1693 1483 Ἀξούμη,
1737 1424 1780 1468 ἐν
1823 1416 1855 1485 ᾗ
1888 1423 2111 1482 βασίλειον,

128 1515 275 1558 neque
305 1503 352 1545 id
379 1503 547 1544 mirum
585 1501 694 1554 quia
733 1502 836 1542 ante
876 1511 929 1541 ea
966 1510 1083 1553 quae
1123 1500 1211 1541 hoc
1240 1499 1372 1541 titulo
1409 1501 1650 1541 narrantur
1680 1499 1764 1541 fuit
1801 1499 1985 1553 quidem
2017 1499 2113 1540 sine

129 1576 270 1618 dubio
288 1575 559 1629 iampridem
576 1573 812 1627 oppidum,
836 1572 916 1614 sed
941 1573 1262 1614 tenuissimum
1285 1574 1330 1614 et
1359 1572 1756 1614 obscurissimum.
1803 1571 1933 1622 Quod
1953 1573 2113 1625 Lagar-

131 1649 232 1691 dius
269 1649 458 1702 propter
496 1646 696 1700 glossam
735 1646 924 1687 Cosmae
965 1645 1023 1687 ad
1059 1641 1176 1702 Γάζη
1213 1657 1256 1686 v.
1281 1648 1303 1685 3
1338 1647 1482 1698 negat,
1521 1645 1612 1687 iam
1643 1645 1779 1686 huius
1819 1645 1939 1686 tituli
1970 1646 2114 1686 aetate

129 1721 323 1763 Axomin
364 1720 504 1774 caput
543 1719 669 1772 regni
699 1718 852 1770 fuisse,
891 1718 1004 1758 mihi
1041 1729 1131 1759 non
1169 1717 1397 1771 persuasit
1435 1717 1502 1768 (cf.
1535 1718 1626 1759 not.
1652 1717 1704 1769 5).
1880 1719 1903 1758 4
1948 1718 2114 1759 Prono-

130 1805 236 1835 men
266 1793 436 1835 omittit
465 1793 513 1833 R.
652 1795 676 1833 5
719 1791 768 1831 In
798 1791 828 1832 F
859 1792 1031 1844 postea,
1064 1790 1144 1832 sed
1174 1803 1200 1832 a
1230 1791 1379 1844 prima
1399 1802 1551 1844 manu,
1584 1804 1604 1836 ς
1634 1790 1764 1831 finale
1795 1790 2001 1832 additum
2031 1792 2112 1832 est.

129 1865 305 1907 Nomen
335 1864 493 1918 gentis,
524 1874 641 1916 quae
666 1863 911 1904 vernacula
940 1863 1091 1915 lingua
1120 1857 1289 1918 Aq‘ctm·
1315 1862 1389 1904 vel
1425 1857 1553 1905 Ge‘ex
1577 1863 1894 1916 appellaretur,
1932 1864 2116 1916 agnovit

130 1937 432 1990 Montfaucon,
464 1935 721 1989 probarunt
751 1936 811 1976 St.
833 1936 1007 1988 Martin,
1039 1935 1278 1988 Dillmann,
1310 1934 1520 1988 Lagarde.
1573 1934 1703 1983 Quod
1732 1947 1839 1977 vero
1871 1936 2115 1989 Lagardius

129 2021 185 2052 ex
223 2009 414 2052 Cosmae
453 2007 645 2059 scholio,
685 2008 763 2061 qui
801 2008 885 2049 hos
922 2007 1156 2049 Axomitas
1204 2018 1304 2049 esse
1343 2007 1465 2061 dicit,
1511 2008 1637 2060 regni
1683 2009 1820 2062 caput
1865 2009 2115 2062 antiquitus

130 2082 333 2126 nondum
354 2081 548 2123 Axomin
569 2081 675 2133 (not.
695 2080 732 2132 3)
755 2080 895 2122 fuisse
916 2081 1101 2134 colligit,
1132 2080 1328 2134 probare
1348 2092 1538 2134 nequeo.
1587 2081 1762 2123 Etenim
1785 2082 1930 2134 gentis
1952 2093 2115 2124 nomen

130 2157 226 2199 sine
257 2154 396 2197 dubio
427 2153 608 2196 labente
638 2155 845 2207 tempore
875 2153 1010 2195 latius
1041 2155 1341 2207 propagatum
1366 2155 1447 2207 est,
1480 2156 1531 2195 ut
1559 2155 1670 2195 nihil
1700 2155 1805 2196 miri
1835 2154 2000 2197 habeat
2032 2167 2112 2210 op-

126 2229 285 2283 pidum
317 2227 514 2269 Axomin
555 2227 704 2280 primo
746 2226 931 2279 quidem
972 2237 1015 2280 p.
1047 2226 1147 2268 Chr.
1180 2239 1221 2268 n.
1265 2227 1446 2268 saeculo
1485 2228 1722 2269 etiamtum
1760 2229 1887 2270 extra
1917 2229 2112 2282 regionis

127 2297 243 2356 Γάζη
265 2300 486 2341 terminos
507 2298 659 2352 fuisse,
677 2298 758 2340 sed
778 2299 895 2340 sexti
915 2299 1043 2340 initio
1064 2299 1154 2340 iam
1177 2300 1241 2340 eis
1263 2300 1645 2352 comprehensum
1667 2311 1779 2342 esse.
1820 2300 1983 2354 Utique
2003 2301 2114 2343 haec

129 2383 237 2426 gens
275 2371 534 2426 quaerenda
572 2372 641 2412 est
675 2371 721 2411 in
751 2371 1082 2412 mediterranea
1113 2372 1295 2424 regione
1329 2369 1459 2427 Tiqre
1494 2373 1701 2426 proxime
1732 2372 1939 2427 Axomin,
1978 2376 2030 2415 ut
2067 2375 2113 2415 in

129 2456 317 2487 censum
361 2455 452 2486 non
495 2443 647 2485 veniat
686 2440 905 2498 oppidum
943 2440 1086 2497 Gaza,
1133 2443 1255 2497 quod
1296 2443 1464 2485 Plinius
1501 2444 1553 2487 N.
1586 2445 1689 2486 hist.
1719 2445 1790 2499 VI,
1820 2448 1902 2486 474
1942 2446 1988 2487 in
2034 2458 2113 2488 ora

132 2517 361 2560 maritima
399 2516 522 2558 ultra
559 2515 724 2557 Adulin
762 2517 1106 2558 commemorat.
1156 2516 1393 2558 Dillmann.
1558 2521 1580 2558 6
1625 2518 1697 2559 Sic
1737 2518 1784 2572 R,
1825 2512 2000 2575 Ἀγάμη,
2039 2520 2113 2560 cui

130 2590 236 2631 voci
255 2590 415 2643 postea
442 2602 465 2630 ν
496 2588 777 2642 adiunctum,
808 2602 837 2644 η
869 2599 979 2630 vero
1001 2589 1047 2630 in
1067 2599 1227 2630 rasura
1246 2589 1519 2643 rescriptum
1542 2589 1785 2632 videbatur
1806 2591 2038 2645 Lagardi0‚
2070 2593 2113 2633 F.

18 2712 20 2725 ³
130 2662 271 2704 Hodie
308 2671 492 2715 quoque
531 2671 698 2702 nomen
737 2657 911 2716 Aqafme
950 2661 1064 2714 gerit
1100 2673 1207 2715 pars
1248 2663 1398 2703 terrae
1441 2659 1571 2718 Tiyre
1609 2663 1694 2704 sita
1731 2675 1876 2718 prope
1919 2663 2114 2706 Axomin

56 2770 58 2772 ,
131 2735 351 2776 orientem
389 2743 566 2775 versus.
750 2736 773 2774 7
814 2734 874 2775 St.
897 2734 1059 2776 Martin
1099 2735 1279 2787 gentem
1312 2731 1502 2790 Tziqam
1538 2735 1582 2776 in
1619 2736 1802 2788 regione
1830 2734 2115 2791 Aqawmeder

132 2806 413 2849 occidentem
444 2816 606 2847 versus
637 2818 663 2847 a
692 2805 795 2847 lacu
827 2803 979 2849 Tscma
1014 2806 1285 2848 incolentem
1323 2808 1659 2861 interpretatur.
1721 2809 1807 2850 Sed
1850 2811 1971 2850 recte
2008 2810 2114 2851 Dill-

131 2890 323 2922 mannus
355 2878 631 2932 observavit,
672 2877 748 2920 illa
781 2878 883 2920 loca
913 2880 1048 2921 nimis
1079 2882 1255 2922 remota
1294 2891 1394 2922 esse
1435 2880 1492 2922 ab
1526 2881 1690 2923 Axomi
1730 2882 1786 2923 ad
1818 2882 2110 2924 occidentem.

129 2951 245 2994 Nam
276 2951 475 3005 scriptor
503 2950 639 3004 tituli,
671 2951 750 3004 qui
779 2952 956 2992 certum
989 2952 1190 2994 ordinem
1212 2953 1554 3006 diligentissime
1575 2956 1740 3008 servat,
1772 2955 1846 2995 hic
1878 2954 2112 2996 manifesto

129 3024 368 3066 etiamtum
404 3024 450 3064 in
487 3023 698 3076 proxima
728 3023 894 3065 vicinia
924 3026 1049 3078 regni
1088 3026 1261 3079 antiqui
1302 3028 1532 3079 versatur3
1581 3038 1636 3067 ex
1674 3026 1827 3068 verbis
1865 3024 1996 3082 πέραν
2035 3030 2111 3068 τοῦ

131 3092 289 3139 Νείλου
320 3108 364 3138 v.
388 3098 411 3136 7
444 3096 567 3137 recte
598 3095 836 3150 colligitur,
876 3097 1032 3150 priora
1068 3099 1221 3140 omnia
1260 3098 1316 3140 ad
1356 3099 1501 3140 terras
1539 3099 1652 3140 citra
1682 3098 1833 3140 Nilum
1866 3100 1892 3140 i.
1916 3111 1953 3140 e.
1985 3099 2113 3141 Asta-

131 3168 292 3210 boram
324 3168 431 3221 (not.
454 3167 537 3221 20),
569 3168 615 3208 in
646 3167 805 3209 dextra
834 3168 933 3211 eius
953 3170 1053 3224 ripa
1074 3171 1184 3212 sitas
1206 3171 1445 3224 pertinere.
1592 3175 1614 3211 8
1655 3171 1728 3212 Sic
1758 3171 1800 3212 F.
1851 3172 1901 3212 In
1930 3172 1977 3212 R.
2001 3172 2113 3214 haec

111 3243 260 3290 ,suntz
303 3238 375 3282 καὶ
410 3238 590 3296 νικήσας
628 3239 706 3296 τὴν
745 3237 918 3296 ἡμίσιαν
956 3240 1126 3284 πάντων
1164 3248 1248 3285 τῶν
1280 3237 1372 3298 παρ’
1409 3240 1554 3290 αὐτοῖς
1592 3242 1664 3284 ’καὶ
1694 3256 1771 3284 αυν
1805 3241 2053 3302 ἐμερησάμ.
2073 3276 2110 3286 ..

135 3317 158 3354 9
201 3313 262 3355 Cf.
294 3313 537 3355 Nonnosus
558 3324 628 3366 ap.
652 3312 696 3354 C.
717 3314 878 3355 Miiller
897 3314 965 3357 Fr.
987 3316 1091 3357 hist.
1113 3316 1186 3357 Gr.
1209 3316 1267 3356 IV
1298 3327 1342 3369 p.
1366 3319 1471 3356 ⁴80:
1513 3313 1576 3356 ὅτι
1607 3313 1871 3371 διεστηκέναι
1903 3315 2006 3373 φησὶ
2032 3315 2111 3374 τὴν

132 3380 324 3428 Ἄὸουλιν
364 3388 443 3441 τῆς
473 3380 735 3440 ΑὐΕοὺμεως
765 3383 1065 3430 πεντεκαίδεκα
1095 3385 1272 3445 ἡμερῶν
1305 3385 1416 3440 ὁδόν,
1455 3384 1626 3428 ἀπιοῦσι
1665 3385 1710 3428 δὲ
1748 3384 1809 3434 εἰς
1839 3387 1916 3444 τὴν
1949 3384 2112 3439 Αὔξου-

135 3470 219 3512 μιν,
258 3453 462 3513 Νοννόσῳ
491 3470 537 3498 τε
567 3454 639 3499 ’καὶ
666 3459 758 3505 τοῖς
789 3452 879 3514 μετ’
910 3457 1037 3502 αὐτοῦ
1070 3458 1263 3518 μέγιστον
1302 3458 1439 3516 ἐφάνη
1480 3455 1624 3515 θέαμα
1663 3457 1759 3518 περὶ
1793 3458 1951 3517 χωρίον
1990 3457 2111 3518 Αὔην

134 3527 578 3586 προσονομαζόμενον·
616 3531 756 3571 κεῖται
796 3528 843 3572 δὲ
879 3528 908 3587 ὴ
940 3527 1036 3589 Αὔη
1077 3531 1119 3575 ἐν
1159 3530 1276 3588 μέσῳ
1306 3534 1385 3588 τῆς
1415 3545 1461 3572 τε
1498 3536 1583 3573 τῶν
1614 3527 1888 3587 Αὐξουμιτῶν
1931 3531 2006 3575 καὶ
2034 3540 2112 3592 τῆς

134 3606 217 3643 τῶν
247 3596 496 3644 Ἀδουλιτῶν
527 3599 707 3648 πόλεως.
769 3602 996 3657 Oppidum
1026 3602 1194 3649 Adaua
1223 3601 1388 3658 (Adua,
1417 3601 1613 3658 Adeunt),
1654 3604 1779 3658 quod
1808 3605 1945 3647 hodie
1975 3609 2113 3660 caput

136 3674 205 3714 est
233 3675 380 3716 terrae
414 3671 555 3730 Tv‘yre,
587 3674 774 3727 agnovit
802 3675 1040 3732 Dillmann,
1073 3689 1177 3719 cum
1211 3678 1411 3718 sumeret
1434 3688 1590 3719 recens
1613 3688 1778 3719 nomen
1804 3679 2110 3732 compositum
