2314 3970
182 162 286 213 640
633 160 724 201 VII.
771 160 918 211 Regna
950 158 1267 200 Arsacidarum
1300 159 1344 199 et
1374 159 1705 201 Sasanidarum.
2000 161 2160 213 [429—
2244 125 2248 135 ι
2283 186 2285 190 Α

323 351 471 402 τηγον
510 335 598 400 τῆς
630 326 846 398 Ἀσίαςθ,
887 326 986 398 διΙά
1017 348 1070 381 τε
1107 328 1195 399 τὴν
1235 327 1392 399 ἄλλην
1432 328 1625 400 ἀρεΙτὴν
1663 328 1749 383 καὶ
1785 330 1873 402 τὴν
1912 332 1983 391 εἰς
2020 331 2109 402 τὴν
2151 331 2159 403 Ι

323 419 465 470 πόλιν
506 415 719 468 εὔνοιαν.

177 583 548 638 proconsulatum
570 581 832 635 pervenisse
854 580 1115 623 observavit
1134 580 1438 634 Waddington
1459 580 1570 622 Bull.
1593 581 1647 622 de
1670 592 1786 623 corr.
1807 582 1917 624 Hell.
1938 583 1996 623 VI
2019 583 2050 634 (4
2064 583 2159 636 882)

176 667 219 708 p.
242 658 338 695 289.
399 654 575 694 Etenim
613 653 659 693 in
697 652 828 693 titulo
860 652 1053 705 Ephesio
1086 663 1142 692 ex
1173 651 1349 704 Cyriaci
1379 651 1647 693 Anconitani
1679 653 1857 694 schedis
1895 653 2016 694 edito
2048 654 2160 696 Bull.

177 727 231 767 de
270 737 384 767 corr.
425 725 534 766 Hell.
575 726 592 764 I
634 724 773 776 (4877)
814 735 857 777 p.
881 726 962 765 292
1004 736 1045 765 n.
1070 727 1137 777 80,
1171 727 1311 777 8sqq.
1362 723 1474 765 haec
1518 724 1748 777 leguntur:
1803 722 1870 765 ἐπὶ
1914 722 2160 768 ἀνθυπάτου

175 794 334 850 Γ(αἶου)
370 791 553 838 Ἰουλίου
593 790 862 852 Ἀλεξάνδρου
903 792 1269 852 Βερενεικιανο[ὖ].
1329 795 1466 848 Atqui
1507 798 1552 836 et
1599 797 1782 838 nomina
1820 796 2070 838 Alexander
2116 800 2162 840 et

174 870 374 922 Agrippa
403 869 668 910 alternantia
691 868 878 910 Herodis
909 868 1140 920 progeniei
1172 868 1344 921 optime
1365 868 1656 921 conveniunt,
1688 870 1734 909 et
1763 870 1945 922 tempus
1969 880 2164 922 procon-

175 942 363 994 sulatus,
402 941 525 993 quod
563 940 620 981 ab
662 942 744 981 435
776 950 818 992 p.
849 939 949 981 Chr.
983 951 1024 980 n.
1065 940 1224 992 utique
1262 950 1353 980 non
1392 940 1548 981 multis
1587 941 1716 982 annis
1762 940 1930 982 distare
1975 941 2162 982 demon-

175 1013 337 1055 stravit
357 1012 676 1065 Waddington,
709 1011 906 1064 perbene
928 1011 1121 1064 quadrat
1151 1013 1195 1052 in
1227 1012 1325 1052 eius
1347 1012 1426 1064 qui
1457 1023 1495 1053 a.
1521 1014 1573 1052 74
1595 1023 1638 1065 p.
1662 1012 1763 1054 Chr.
1784 1023 1864 1053 rex
1885 1013 2160 1054 constitutus

174 1087 243 1126 est
273 1086 497 1138 nepotem,
529 1085 574 1124 et
603 1093 857 1136 cognomen
887 1079 1222 1126 Ber-anicianae
1262 1094 1354 1124 non
1388 1083 1524 1124 modo
1556 1094 1639 1137 per
1677 1094 1726 1125 se
1764 1085 2160 1126 accommodatum

174 1158 244 1198 est
273 1156 468 1197 familiae
497 1156 543 1196 in
574 1167 665 1208 qua
695 1155 799 1208 plus
831 1166 921 1196 una
950 1156 1164 1196 Berenice
1195 1154 1291 1209 fuit,
1323 1155 1403 1196 sed
1433 1157 1570 1197 etiam
1602 1155 1725 1197 aliud
1754 1157 1800 1197 in
1831 1157 1987 1198 eadem
2019 1157 2162 1211 stirpe
2251 1157 2256 1165 '

175 1228 436 1281 exemplum
467 1228 565 1268 eius
596 1227 869 1268 monstravit
898 1227 1201 1279 Waddington
1239 1227 1362 1280 apud
1398 1228 1642 1281 Iosephum
1681 1227 1781 1270 Ant.
1809 1228 1906 1283 XX,
1935 1230 2041 1270 ⁴04:
2085 1226 2162 1272 καὶ

172 1297 350 1355 τελευτᾷ
386 1298 458 1341 τὸν
511 1296 600 1354 βίον
633 1291 830 1354 Ἡρώδης
879 1298 1115 1350 (Chalcidis
1156 1298 1250 1349 rex)
1281 1322 1340 1328 —
1368 1297 1506 1356 ὀγδόῳ
1551 1303 1629 1355 τῆς
1675 1295 1897 1342 Κλαυδίου
1942 1297 2161 1355 Καίσαρος

173 1369 310 1430 ἀρχῆς
342 1369 438 1425 ἔτει,
469 1368 714 1412 ’καταλιπὼν
740 1372 854 1428 τρεῖς
884 1368 1015 1425 υἱούς,
1045 1365 1361 1428 Ἀριστόβουλον
1385 1369 1462 1426 μὲν
1495 1369 1575 1412 ὑπὸ
1605 1374 1683 1427 τῆς
1712 1371 1886 1429 πρώτης
1917 1369 2033 1429 αὐτῷ
2061 1385 2160 1430 τεχ-

172 1441 302 1485 θέντα
329 1441 542 1500 γυναικός,
575 1441 624 1483 ἐκ
642 1438 878 1498 Βερενίκης
900 1440 947 1483 δὲ
966 1445 1046 1499 τῆς
1065 1439 1281 1500 τάδελφοῦ
1303 1440 1513 1501 θυγατρὸς
1531 1439 1829 1500 Βερενικιανὸν
1849 1443 1923 1485 καὶ
1945 1437 2158 1501 Ὑρκανόν.

175 1518 197 1554 3
237 1515 409 1567 Regum
438 1516 648 1567 posteros
675 1525 1003 1566 nonnunquam
1024 1514 1280 1556 honoribus
1301 1515 1578 1568 reipublicae
1598 1515 1823 1557 Romanae
1850 1515 2029 1557 functos
2060 1527 2160 1558 esse

175 1586 357 1628 Curtius
387 1586 718 1627 demonstravit
747 1586 954 1638 exemplo
986 1586 1086 1626 Iulii
1112 1587 1266 1627 Severi
1297 1587 1341 1628 C.
1363 1588 1393 1628 Ι.
1418 1587 1465 1628 G.
1492 1590 1616 1628 4033.
1676 1587 1800 1628 Idem
1833 1587 1968 1628 docet
1998 1588 2158 1629 titulus

172 1658 396 1711 Ephesius
436 1669 574 1711 quem
613 1658 743 1699 attuli
781 1659 872 1698 not.
902 1661 926 1697 2
969 1659 1014 1698 et
1049 1657 1226 1699 Atticus
1264 1659 1309 1700 C.
1339 1659 1440 1699 Iulii
1476 1658 1688 1700 Antiochi
1726 1659 1972 1712 Epiphanis
2013 1659 2160 1702 Philo-

173 1731 313 1784 pappi
343 1743 385 1771 n.
411 1732 505 1771 409.
567 1729 652 1771 Sed
683 1729 979 1771 memorabile
1010 1731 1079 1771 est
1108 1729 1355 1784 Agrippam
1395 1742 1488 1772 non
1524 1732 1577 1771 ut
1608 1731 1939 1785 Philopappum
1981 1733 2156 1784 regium

173 1813 339 1843 nomen
368 1802 616 1843 hereditate
647 1813 673 1843 a
702 1800 954 1843 maioribus
985 1803 1224 1855 acceptum
1255 1803 1510 1844 retinuisse.

1108 2307 1216 2365 VII.

473 2453 691 2536 Regna
735 2452 1200 2522 Arsacidarum
1247 2454 1314 2521 et
1359 2453 1849 2524 Sasanidarum.

280 2622 396 2677 430
446 2627 590 2676 Basis
639 2628 910 2677 marmoris
956 2630 1274 2692 rectangula3
1323 2643 1481 2695 supra
1525 2629 1727 2679 titulum
1772 2631 2012 2695 protoma
2055 2630 2154 2680 viri

171 2712 462 2778 anaglypho
502 2727 760 2778 expressa,
800 2714 1004 2763 militari
1029 2713 1223 2764 habitu
1277 2715 1398 2764 Deli.
1465 2715 1553 2764 Ed.
1596 2715 1644 2765 S.
1673 2715 1899 2765 Reinach
1937 2716 2060 2765 Bull.
2091 2716 2153 2765 de

173 2812 302 2848 corr.
332 2799 455 2848 Hell.
486 2799 573 2848 VII
612 2797 787 2866 (4883)
825 2815 876 2865 p.
908 2799 1010 2848 349
1049 2815 1098 2849 n.
1130 2802 1177 2849 8.

317 2939 581 3010 Δορ----1
640 2970 792 2980 -----
801 2938 1006 3011 ράτηνῖ,
1063 2944 1159 2994 τῶν
1215 2942 1423 3012 πρώτων
1482 2942 1675 3013 φίλων3
1728 2945 1817 2995 τοῦ
1857 2940 1865 3012 Ι
1906 2928 2152 3013 βασιλέως

287 3107 478 3146 Litterae
508 3107 677 3148 ΑΞΠΣ.
825 3110 840 3146 4
888 3107 951 3147 De
983 3106 1164 3160 oppidis
1195 3103 1393 3165 Δόρβητα
1423 3107 1547 3159 (Ptol.
1569 3108 1621 3162 V,
1645 3111 1713 3162 47,
1739 3112 1761 3148 6
1794 3119 1837 3161 p.
1861 3112 1987 3161 4005,
2010 3109 2076 3161 40)
2108 3110 2153 3149 et

171 3173 424 3233 Δορδομοὶνα
455 3177 578 3228 (Ptol.
606 3177 672 3230 VI,
697 3181 735 3231 5,
760 3178 799 3226 2)
832 3179 1048 3230 cogitavit
1077 3179 1124 3220 R.
1184 3178 1241 3219 At
1271 3190 1374 3219 cum
1413 3181 1512 3232 ipse
1553 3191 1691 3233 supra
1721 3191 1907 3221 versum
1949 3181 2150 3233 primum

171 3249 280 3288 nihil
310 3259 511 3300 unquam
543 3250 765 3302 scriptum
797 3248 934 3290 fuisse
965 3251 1170 3303 testetur,
1213 3250 1323 3290 nihil
1353 3251 1475 3291 aliud
1505 3252 1578 3292 hic
1609 3251 1920 3304 quaerendum
1959 3254 2028 3293 est
2064 3253 2151 3293 nisi

171 3331 334 3360 nomen
356 3321 596 3373 proprium
627 3322 724 3361 eius
753 3322 884 3363 cuius
915 3323 1063 3363 statua
1094 3322 1305 3375 imposita
1337 3321 1434 3376 fuit,
1465 3319 1708 3380 Δορίμαχον
1741 3325 1819 3365 aut
1839 3319 2044 3380 Δόρκωνα
2072 3326 2152 3364 aut

170 3387 386 3446 Δορύλαον
425 3393 503 3432 aut
543 3392 689 3432 simile
730 3393 912 3445 aliquid.
1097 3397 1121 3434 2
1163 3393 1395 3434 Manifesto
1426 3394 1538 3435 haec
1575 3395 1741 3435 ethnici
1780 3395 2037 3436 terminatio
2068 3397 2150 3436 est.

171 3462 447 3514 Cogitaveris
479 3463 534 3503 de
563 3459 854 3522 [Κιβυ]ράτην.
1002 3468 1025 3505 3
1065 3464 1335 3517 Lagidarum
1368 3464 1422 3517 (n.
1447 3470 1498 3506 99
1513 3465 1543 3506 3.
1578 3465 1700 3517 4042)
1736 3467 1782 3506 et
1811 3466 2148 3508 Seleucidarum

170 3533 226 3584 (n.
249 3537 346 3585 255,
371 3536 407 3575 4.
439 3537 537 3588 256,
562 3534 599 3586 4)
632 3547 806 3577 morem
838 3536 884 3577 in
913 3537 999 3577 hoc
1024 3537 1212 3578 honoris
1233 3535 1456 3579 vocabulo
1488 3538 1751 3590 usurpando
1781 3537 2018 3580 Arsacidas
2050 3539 2150 3579 imi-

170 3605 257 3645 tari
288 3605 362 3644 hic
391 3606 616 3647 videmus.
661 3607 709 3648 R.
