2314 3970
50 269 93 309 44
108 267 147 320 4]
428 262 711 306 Ptolemaeus
733 261 790 305 VI
821 263 1098 306 Philometor
1128 264 1158 316 (4
1172 267 1217 305 84
1230 267 1303 304 -4
1319 264 1370 305 46
1392 276 1430 305 a.
1453 261 1553 305 Chr.
1575 263 1647 315 n.).
1924 258 2028 314 193

162 441 352 480 Litterae
389 439 598 491 volgares
635 441 815 492 praeter
853 441 893 480 Π
931 442 976 479 et
1015 441 1073 491 Σ,
1119 437 1243 490 quod
1285 449 1374 479 non
1421 438 1552 491 plane
1592 437 1805 490 parallela
1843 437 2025 489 quidem

51 512 184 554 habet
215 511 411 564 brachia,
452 511 531 552 sed
569 512 822 564 paullulum
862 511 1000 552 modo
1033 511 1323 562 divergentia.
1385 511 1426 551 Ω
1464 511 1639 552 minore
1671 520 1898 562 mensura,
1944 511 2029 550 ΘΟ

52 596 138 626 non
169 585 288 624 item.
342 583 580 624 Hastarum
613 583 724 624 fines
755 584 929 624 lineolis
960 583 1232 623 transversis
1263 582 1423 623 ornati.
1572 586 1587 623 4
1635 582 1859 622 Theraeos
1887 580 2030 621 Ptole-

51 657 165 698 maei
209 656 524 696 philometoris
574 657 720 696 aetate
770 656 816 696 in
866 655 1045 696 dicione
1096 665 1255 706 regum
1301 654 1494 707 Aegypti
1546 654 1684 695 fuisse
1737 655 1925 707 apparet
1975 665 2030 694 ex

52 741 93 770 n.
115 731 210 781 402,
235 731 256 767 3
286 727 378 780 το[ὑ
407 726 680 783 τετ]αγμὲνου
705 725 774 769 ἐπὶ
796 723 953 782 Θήρας.
1003 730 1098 779 440,
1122 729 1146 766 5
1179 724 1200 767 ὁ
1231 726 1486 782 τεταγμένος
1517 725 1584 767 ἐπὶ
1613 723 1772 783 Θήρας.
1911 729 1935 765 2
1967 725 2029 767 Cf.

50 813 90 842 n.
114 799 228 841 4441.
378 802 399 838 3
443 800 618 840 Baccho
651 799 942 852 potissimum
974 796 1179 839 dedicata
1211 797 1392 838 videtur
1433 809 1510 839 ara
1551 810 1575 839 a
1607 799 1779 851 populo
1811 798 2030 839 Theraeo-

51 884 166 925 rum,
197 872 304 925 quia
335 871 391 912 ad
421 872 542 912 hunc
573 871 709 912 deum
731 872 887 924 stirpis
918 881 1028 911 suae
1060 869 1279 922 originem
1312 869 1567 911 referebant
1597 873 1641 911 et
1669 873 1912 923 propterea
1933 872 2030 911 eius

51 945 189 986 sacris
220 955 328 997 prae
358 943 458 985 aliis
489 943 734 985 studebant
754 942 1009 984 Ptolemaei.
1071 941 1132 982 Cf.
1166 953 1207 982 n.
1232 943 1300 994 54,
1324 945 1346 982 5
1379 944 1424 982 et
1445 943 1593 994 Satyri
1625 941 1925 995 fragmentum
1959 953 2029 995 ap.

53 1017 95 1058 C.
118 1015 276 1058 Miiller
305 1015 348 1056 F.
371 1015 480 1056 Hist.
505 1016 576 1056 Gr.
599 1016 656 1055 111
687 1026 730 1068 p.
754 1016 835 1055 464
868 1014 920 1055 fr.
943 1017 1011 1054 24.

162 1237 270 1292 113
319 1241 463 1291 Basis
501 1241 750 1306 quadrata
787 1239 1059 1290 marmoris
1096 1238 1393 1305 leucophaei
1442 1240 1649 1289 inventa
1688 1239 1815 1304 Citii,
1865 1243 2033 1289 trans-

49 1330 152 1378 lata
187 1329 476 1378 Berolinum
512 1328 564 1376 in
601 1343 835 1377 museum
873 1327 1083 1394 regium.
1158 1327 1281 1376 Post
1318 1328 1505 1377 multos
1543 1327 1669 1376 alios
1707 1342 1772 1376 ex
1810 1327 1922 1392 ipso
1960 1328 2033 1374 la-

50 1416 166 1483 pide
205 1415 282 1465 ed.
313 1414 520 1464 Boeckh
558 1413 609 1464 C.
640 1415 674 1463 I.
706 1414 761 1464 G.
792 1411 948 1463 26⁴7.
1015 1414 1269 1463 Letronne
1308 1412 1629 1463 Recherches
1655 1428 1787 1482 pour
1812 1414 1978 1463 servir
2003 1413 2034 1464 ὲ.

49 1498 292 1552 l’histoire
318 1502 381 1552 de
406 1489 637 1566 l'Egypte
674 1517 723 1567 p.
745 1501 807 1549 54
853 1500 931 1565 (Μ.
954 1502 1005 1549 L.
1027 1499 1209 1550 Strack
1247 1500 1337 1550 Die
1364 1501 1605 1565 Dynastie
1634 1501 1724 1549 der
1750 1501 2034 1550 Ptolemaei·

51 1589 233 1655 p.252
271 1586 452 1654 n.97l

184 1726 252 1782 ‘H
288 1730 431 1789 πόλις
472 1731 478 1802 Ι
514 1726 678 1800 Ἀγίαν
718 1729 1044 1799 Δαμοθέτου1
1084 1727 1278 1801 Κρῆτα,
1318 1727 1402 1782 τὸν
1431 1729 2030 1800 ἀρχισωματοφύλακαῖι

0 1822 2 1890 ᾗ
195 1816 283 1870 καὶ
339 1815 419 1870 ἐπὶ
474 1821 562 1886 τῆς
610 1817 860 1884 πόλεωςθ,
914 1817 1094 1887 ἀρετῆς
1145 1816 1310 1868 ἕνεκεν
1358 1814 1444 1869 καὶ
1494 1816 1692 1875 εὐνοίας
1751 1815 1757 1885 Ι
1816 1821 1904 1886 τῆς
1961 1818 2033 1875 εἰς

141 1917 166 1958 5
201 1903 414 1976 βασιλέα
450 1901 799 1973 Πτολεμαῖον4
824 1903 910 1956 καὶ
945 1903 1239 1974 βασίλισσαν
1276 1900 1608 1974 Κλεοπάτραν
1632 1902 1649 1974 ΙΙ
1671 1902 1760 1975 τὴν
1790 1903 2032 1975 ἀδελφήν,

195 1988 343 2050 θεοὺς
381 1989 749 2061 Φιλομήτορας,
787 1988 873 2043 καὶ
910 1988 973 2044 τὰ
1014 1992 1163 2043 τέκνα
1203 1988 1210 2061 Ι
1254 1991 1452 2043 αὐτῶνῦ
1498 1989 1583 2044 καὶ
1631 1995 1721 2060 τῆς
1768 1992 1839 2050 εἰς
1879 1990 2032 2062 αὑτὴν

194 2076 496 2149 εὐεργεσίας.

9 2266 11 2292 ι
167 2253 359 2294 Litterae
390 2253 597 2305 volgares
627 2253 809 2306 praeter
839 2253 976 2295 ΑΠΣ.
1126 2256 1141 2292 4
1181 2252 1473 2294 Memorabile
1505 2263 1684 2305 nomen,
1723 2252 1846 2304 quod
1886 2253 2031 2294 civem

10 2307 14 2381 ’ῃ
54 2326 361 2379 ascripticium
393 2323 713 2383 (ὃημοποίητον,
751 2327 803 2365 ut
834 2325 889 2366 de
920 2324 1136 2378 adoptato
1167 2327 1212 2366 et
1241 2323 1417 2381 ποιητός
1446 2325 1493 2366 et
1521 2322 1646 2371 θετός
1678 2324 1857 2376 dicitur)
1899 2325 2034 2378 signi-

11 2385 16 2461 }
54 2397 170 2440 ficat.
229 2397 343 2440 Nam
380 2398 539 2451 utique
569 2393 832 2452 Δαμόθετος,
871 2409 961 2438 non
994 2393 1248 2455 Δαμοθέτης
1289 2397 1603 2438 nominativus
1641 2399 1723 2450 est,
1762 2398 1868 2450 quia
1907 2397 2035 2438 aliter

14 2469 18 2519 ἰ
55 2469 109 2511 de
130 2470 311 2512 homine
332 2470 534 2512 Cretensi
556 2470 692 2511 etiam
714 2470 758 2510 in
782 2469 914 2511 titulo
937 2481 1027 2511 non
1047 2470 1212 2511 Dorico
1234 2465 1464 2524 Δαμοθέτα
1486 2468 1774 2510 scriberetur.
1917 2473 1939 2509 2
1972 2469 2033 2510 Cf.

15 2542 19 2619 ’ἓ
56 2542 212 2584 n.991.
360 2546 381 2582 3
428 2541 684 2583 Praefectus
723 2542 875 2594 regius
919 2542 966 2582 in
1014 2541 1237 2595 oppidum
1277 2541 1545 2582 Citiensium
1590 2542 1770 2582 missus.
1830 2540 1948 2582 Alibi
1989 2542 2035 2581 hi

16 2621 20 2660 t
57 2610 272 2656 ἐπιστάται
302 2617 539 2655 vocantur.
592 2613 653 2655 Cf.
685 2626 727 2655 n.
751 2613 845 2654 443.
907 2613 992 2662 Qui
1023 2614 1262 2667 praesidiis
1295 2613 1568 2655 militaribus
1601 2613 1874 2667 oppidorum
1907 2625 2035 2666 prae-

18 2674 21 2740 }
57 2687 160 2728 sunt
198 2684 500 2745 (φρούραρχοι),
542 2697 620 2728 eos
658 2688 780 2727 recte
818 2685 875 2727 ab
913 2686 983 2727 his
1025 2686 1368 2739 magistratibus
1407 2686 1614 2727 distinxit
1643 2686 1849 2739 Droysen
1880 2686 2035 2727 Kleine

21 2786 23 2813 :
57 2757 272 2800 Schriften
302 2759 340 2799 11
370 2769 413 2812 p.
439 2761 534 2799 398.
595 2758 797 2812 Cyprum
837 2770 920 2812 per
961 2760 1110 2801 totum
1141 2758 1458 2800 philometoris
1501 2769 1691 2811 regnum
1730 2760 1775 2799 in
1816 2759 1914 2800 eius
1956 2770 2035 2811 po-

21 2818 26 2870 l
56 2831 217 2872 testate
247 2832 480 2885 mansisse,
511 2831 597 2872 etsi
626 2830 763 2872 frater
794 2833 904 2872 natu
925 2832 1074 2873 minor
1094 2831 1251 2873 favore
1273 2831 1435 2884 populi
1455 2830 1647 2872 Romani
1666 2830 1810 2872 fretus
1841 2831 2033 2872 insulam

54 2900 118 2960 villi
147 2905 416 2957 extorquere
446 2906 636 2945 conatus
666 2905 799 2957 esset,
832 2904 876 2945 in
905 2904 1068 2957 volgus
1099 2906 1259 2946 notum
1291 2906 1372 2945 est.
1524 2906 1544 2943 4
1584 2903 1867 2944 Ptolemaeus
1890 2903 2036 2945 Philo-

25 2986 31 3016 ι
59 2975 202 3018 metor
232 2976 407 3028 (484-4
421 2978 474 3017 46
496 2987 535 3017 a.
558 2975 660 3017 Chr.
681 2976 753 3027 n.).
902 2980 926 3017 5
966 2976 1029 3017 Cf.
1060 2987 1102 3018 n.
1128 2975 1244 3018 4441.

22 3197 30 3339 ι
166 3194 277 3250 114
329 3200 502 3250 Ombis
547 3201 598 3248 in
643 3201 817 3266 templi
860 3204 1008 3267 parte
1057 3202 1311 3251 interiore.
1375 3201 1466 3250 Ed.
1515 3201 1772 3249 Hamilton
1816 3199 2028 3264 Aegypt.

59 3298 109 3348 p.
137 3282 219 3334 75.
281 3286 491 3335 Jomard
529 3287 700 3336 Descr.
728 3288 845 3353 Aeg.
874 3292 977 3337 ant.
1007 3289 1050 3336 V
1072 3287 1178 3337 tab.
1209 3288 1275 3337 55
1303 3302 1351 3336 n.
1380 3287 1460 3335 46.
1529 3285 1638 3335 Gau
1674 3286 1828 3334 Inscr.
1856 3284 1960 3334 tab.
1989 3285 2034 3332 X

26 3344 37 3439 ι,
61 3381 110 3418 n.
140 3369 184 3420 4.
247 3371 528 3422 Wilkinson
566 3387 647 3438 ap.
687 3373 870 3439 Young
906 3373 1294 3440 Hieroglyphics
1320 3374 1363 3421 II
1400 3372 1502 3422 tab.
1535 3372 1599 3420 65
1642 3370 2034 3436 (Champollion-

28 3443 34 3528 Ι
63 3453 237 3520 Figeac
272 3458 445 3508 Annal.
474 3461 528 3508 T.
551 3459 595 3507 ΙΙ
632 3475 682 3525 p.
709 3459 826 3509 460.
851 3460 953 3510 405
980 3476 1029 3510 n.
1055 3461 1102 3510 4.
1167 3460 1397 3525 Walpole
1435 3458 1642 3507 Travels
1667 3473 1718 3523 p.
1743 3457 1844 3507 593
1873 3473 1922 3507 n.
1947 3458 2030 3507 59.

30 3529 309 3595 {Letronne
354 3545 676 3596 Recherches
725 3561 858 3612 pour
907 3549 1071 3598 servir
1119 3547 1150 3595 a
1193 3543 1438 3594 l'histoire
1485 3545 1547 3594 de
1583 3531 1818 3610 l’Egypte
1864 3560 1914 3611 p.
1946 3542 2030 3593 76.

21 3596 38 3675 l
65 3626 260 3678 Recueil
303 3632 392 3681 des
438 3633 588 3682 inser.
642 3631 725 3682 Gr.
779 3638 830 3683 et
874 3635 981 3683 Lat.
1024 3634 1044 3681 Ι
1088 3649 1138 3698 p.
1181 3633 1245 3681 40
1295 3646 1342 3680 n.
1373 3631 1453 3696 VI,
1501 3630 1603 3679 tab.
1632 3630 1723 3679 Ve.
1797 3631 1840 3679 J.
1869 3631 2032 3679 Franz

35 3685 41 3783 l,
67 3710 116 3762 C.
142 3714 178 3763 I.
207 3714 262 3764 G.
293 3716 462 3784 4859).
528 3719 586 3767 R.
610 3719 821 3785 Lepsius
860 3720 1164 3769 Denkmaler
1188 3732 1280 3768 aus
1305 3718 1566 3783 Aegypten
1603 3717 1709 3766 und
1734 3716 2034 3783 Aethiopien

37 3785 42 3870 ξ
148 3809 495 3857 Bistoniam-ger,
519 3814 677 3848 Orientis
700 3815 758 3848 Gr.
781 3814 887 3849 inser.
923 3816 951 3849 1.
1635 3820 1685 3857 43

39 3871 45 3970 ¹·
