2314 3970
77 251 94 288 4
108 247 174 300 44]
415 245 696 287 Ptolemaeus
718 245 814 286 VIII
847 245 1087 298 Euergetes
1119 246 1154 285 ΙΙ
1189 245 1218 297 (4
1233 246 1429 285 46-446
1452 256 1490 285 a.
1513 244 1613 286 Chr.
1639 243 1712 295 n.).
1951 244 2054 295 223

76 421 344 474 Partheyius
383 420 438 461 de
476 420 612 461 Philis
652 420 800 462 insula
830 431 872 473 p.
898 424 950 461 55
997 420 1169 461 invenit
1205 419 1392 460 titulum
1438 416 1684 475 ----ιερτία
1727 415 1887 473 ἐπόησε
1932 417 2060 473 [τ]ῆ[ι]

74 488 328 551 Ἀφροδεὶτῃ,
369 492 491 533 unde
530 493 620 533 iam
662 493 930 533 Letronnius
970 494 1093 533 recte
1131 492 1371 544 collegerat
1415 492 1461 532 in
1500 491 1707 532 Bankesii
1752 490 2058 543 descriptione

76 566 336 617 neutiquam
384 566 594 605 accurata
641 566 791 605 tamen
839 565 925 605 hoc
967 564 1191 616 templum
1234 564 1582 616 intellegendum
1624 574 1737 604 esse.
1798 562 1921 603 Idem
1963 563 2058 602 sine

76 637 214 679 dubio
245 648 407 677 verum
438 636 554 677 vidit
584 648 687 677 cum
721 638 940 678 statueret
961 636 1017 677 ab
1045 636 1146 689 ipso
1167 636 1424 677 Ptolemaeo
1446 636 1667 688 Euergeta
1697 636 1886 688 eiusque
1916 645 2060 676 uxore

74 710 166 750 hoc
195 709 409 750 sacellum
443 711 726 750 exstructum
759 719 871 750 esse.
922 708 1037 750 Nam
1069 719 1174 748 eum
1215 709 1454 760 antiquum
1485 708 1640 750 fanum
1677 709 1875 749 numinis
1907 708 2059 748 cuius-

74 782 196 835 piam
227 781 436 834 Aegyptii
468 781 523 822 ad
555 781 687 822 deam
710 782 926 823 Graecam
958 780 1243 822 transtulisse
1268 782 1458 834 propter
1488 792 1540 822 ea
1571 792 1687 833 quae
1718 781 1773 822 de
1802 781 1923 822 illius
1954 791 2060 832 erga

73 854 320 906 Aegyptios
350 853 504 894 favore
535 855 714 906 cognita
744 853 1017 895 haberemus
1047 853 1179 906 plane
1207 853 1473 894 incredibile
1504 853 1856 895 existimandum
1888 864 2000 894 esse.

185 1053 294 1108 143
353 1058 496 1106 Basis
545 1058 815 1107 marmoris
861 1057 1076 1107 caerulei
1136 1061 1281 1107 eruta
1328 1057 1580 1107 Salamine
1620 1056 1788 1122 Cypri.
1867 1059 2059 1107 Titulus

76 1145 337 1210 evanidus,
385 1145 475 1194 sed
512 1145 582 1195 ita
618 1148 675 1194 ut
711 1149 881 1194 tamen
931 1145 1027 1210 legi
1071 1144 1248 1210 possit.
1314 1145 1371 1193 In
1415 1146 1576 1193 altera
1619 1144 1801 1210 lapidis
1846 1145 2060 1210 planicie

73 1231 245 1281 titulus
272 1232 534 1281 Romanae
566 1232 761 1282 aetatis.
826 1232 916 1281 Ed.
958 1231 1018 1280 H.
1047 1231 1102 1280 A.
1134 1231 1305 1281 Tubbs
1342 1232 1551 1281 Journal
1578 1231 1636 1281 of
1656 1231 1778 1280 Hell.
1809 1232 1942 1281 stud.
1971 1232 2060 1280 XII

75 1314 250 1385 (4894)
298 1334 347 1384 p.
382 1319 481 1367 495
530 1334 577 1368 n.
616 1319 682 1368 52
742 1315 822 1385 (M.
859 1319 912 1367 L.
950 1317 1131 1368 Strack
1187 1319 1277 1368 Die
1332 1319 1574 1384 Dynastie
1630 1319 1721 1370 der
1776 1319 2062 1369 Ptolemaer

73 1402 255 1471 p.273
296 1402 514 1472 Π.464Ι

220 1545 534 1616 Πτολεμαῖον
552 1550 586 1617 1,
638 1549 921 1618 βασιλέως2
959 1549 1079 1615 υἱόν,
1126 1548 1131 1619 Ι
1172 1547 1254 1601 τὸν
1305 1546 1576 1619 στρατηγὸν
1627 1546 1713 1601 καὶ
1751 1549 2007 1620 ναύαρχον
2051 1549 2056 1619 Ι

218 1631 305 1686 καὶ
345 1634 619 1706 ἀρχιερέα3
658 1634 744 1687 καὶ
785 1635 1170 1707 ἀρχικύνηγον4,
1216 1634 1221 1705 Ι
1263 1634 1318 1687 τὸ
1357 1634 1521 1688 κοινὸν
1567 1638 1663 1688 τῶν
1703 1636 1754 1689 ἐν
1795 1633 2011 1708 Κύπρωι
2046 1635 2062 1708 ΙΙ

166 1734 191 1774 5
221 1721 541 1790 τασσομένων
581 1720 847 1793 Θραικῶν5
888 1722 893 1793 Ι
935 1720 1021 1776 καὶ
1058 1724 1155 1775 τῶν
1197 1722 1694 1792 συμπολιτευομένων
1709 1726 1740 1774 ⁶.

187 1880 379 1922 Litterae
410 1883 590 1923 ΑΘΠΣ.
652 1882 815 1923 Hastae
846 1884 1075 1924 extremae
1096 1882 1303 1936 apicibus
1327 1885 1525 1924 ornatae.
1653 1888 1668 1923 4
1709 1885 1932 1937 Perquam
1954 1896 2058 1938 pro-

71 1951 236 1993 babilis
266 1955 335 1994 est
365 1954 409 1994 P.
431 1955 601 2006 Meyeri
634 1954 735 2006 (Das
766 1955 1035 1997 Heerwesen
1067 1956 1146 1996 der
1167 1956 1418 1997 Ptolemaer
1447 1956 1542 1997 und
1563 1957 1728 1998 Ro'mer
1757 1957 1804 1997 in
1825 1958 2061 2010 Aegypten

71 2035 114 2078 p.
139 2028 190 2066 98
223 2027 314 2066 not.
338 2026 432 2078 347)
473 2027 708 2080 sententia,
749 2028 824 2068 hic
863 2028 1086 2080 designari
1119 2028 1427 2070 Ptolemaeum
1465 2027 1560 2071 νέον
1592 2025 1880 2086 Φιλοπάτορα,
1916 2031 2062 2072 Ptole-

71 2098 189 2138 maei
219 2097 466 2150 Euergetae
495 2105 541 2139 et
571 2099 834 2152 Cleopatrae
866 2101 904 2140 II
934 2100 1092 2154 filium,
1132 2100 1186 2141 de
1218 2113 1309 2154 quo
1341 2101 1394 2142 cf.
1427 2113 1469 2142 n.
1493 2101 1616 2142 4441.
1679 2101 1802 2150 Quae
1841 2103 2060 2144 sententia

72 2170 110 2210 si
141 2171 261 2211 recte
292 2181 340 2211 se
369 2171 520 2225 habet,
561 2172 721 2213 titulus
753 2173 903 2225 paullo
937 2174 1166 2226 antiquior
1196 2174 1379 2215 videtur
1409 2186 1526 2215 anno
1564 2177 1635 2214 424
1676 2187 1713 2216 a.
1746 2175 1847 2216 Chr.
1879 2187 1936 2229 n.,
1968 2187 2060 2228 quo

74 2243 146 2284 ille
177 2255 202 2284 a
232 2254 414 2285 summo
447 2246 640 2298 imperio
673 2246 857 2287 militari
895 2248 940 2287 et
971 2247 1094 2287 civili
1124 2247 1298 2288 insulae
1329 2247 1467 2300 Cypri
1499 2247 1555 2288 ad
1588 2248 1757 2300 regiam
1796 2248 2058 2300 dignitatem

0 2314 1 2317 ’
76 2315 287 2357 ascendit.
425 2320 449 2357 2
491 2318 775 2359 Ptolemaeus
798 2318 897 2358 VIII
927 2319 1171 2372 Euergetes
1203 2321 1241 2359 II
1274 2320 1516 2371 (446-446
1540 2332 1576 2360 a.
1602 2320 1702 2361 Chr.
1726 2320 1798 2372 n.).
1938 2324 1960 2360 3
1998 2321 2059 2362 Cf.

2 2418 3 2438 Ι
75 2399 116 2428 n.
141 2388 233 2429 841.
374 2392 396 2429 4
437 2389 498 2430 Cf.
530 2401 571 2430 n.
596 2389 688 2431 992.
833 2395 857 2431 5
898 2391 1073 2444 Corpus
1103 2392 1329 2433 Thracum
1359 2393 1777 2434 mercennariorum
1809 2394 1887 2446 qui
1918 2394 1962 2434 in
1994 2394 2061 2434 in-

75 2460 172 2501 sula
203 2461 354 2514 Cypro
385 2463 626 2502 stationem
657 2463 887 2504 habebant
916 2465 1150 2516 praeterea
1181 2475 1407 2516 nusquam
1428 2467 1828 2519 commemoratur,
1861 2466 1941 2507 sed
1971 2467 2062 2507 sin-

3 2534 5 2571 !
75 2532 261 2584 gillatim
291 2534 462 2586 passim
496 2534 719 2575 Thracum
751 2536 830 2587 qui
871 2536 917 2576 in
948 2536 1150 2577 exercitu
1180 2536 1457 2589 Aegyptiaco
1490 2537 1744 2578 militabant
1782 2538 1952 2579 mentio
1997 2538 2059 2579 fit.

4 2590 5 2594 ¹
76 2603 136 2645 Cf.
168 2605 322 2658 Polyb.
346 2605 397 2658 V,
422 2608 488 2658 34,
513 2610 549 2646 8.
601 2607 645 2647 Ρ.
667 2608 821 2659 Meyer
851 2608 1023 2649 Heerw.
1056 2608 1136 2649 der
1167 2609 1421 2651 Ptolemaei·
1453 2609 1544 2650 und
1564 2610 1730 2650 Ro'mer
1760 2611 1806 2650 in
1825 2610 2060 2664 Aegypten

75 2686 117 2728 p.
143 2679 209 2718 40.
234 2681 300 2718 45.
326 2680 393 2718 22.
416 2681 483 2718 23.
514 2681 582 2720 24.
606 2683 658 2719 37
677 2690 742 2732 sq.
775 2683 828 2719 93
847 2691 945 2733 sqq.
1125 2685 1147 2721 6
1189 2681 1313 2722 Idem
1346 2683 1505 2722 Ionum
1537 2683 1769 2723 communi
1801 2683 2061 2736 adiungitur

62 2759 116 2812 {¹-
140 2751 236 2802 445,
262 2753 298 2790 3.
350 2751 450 2790 Sine
482 2750 619 2792 dubio
652 2753 692 2792 ei
723 2753 1034 2806 mercennarii,
1065 2754 1143 2806 qui
1176 2754 1348 2806 origine
1378 2755 1435 2795 ad
1466 2754 1638 2795 nullam
1668 2766 1723 2796 ex
1755 2756 1820 2796 eis
1850 2756 2060 2808 gentibus

5 2807 7 2856 f
75 2821 373 2875 pertinebant,
415 2834 531 2875 quae
572 2825 762 2865 concilia
802 2835 885 2866 sua
924 2825 1154 2866 habebant
1192 2827 1238 2866 in
1274 2827 1476 2868 exercitu
1509 2827 1694 2881 Cyprio,
1734 2829 1885 2869 tamen
1926 2829 2059 2870 alicui

77 2902 131 2933 ex
161 2893 247 2934 illis
278 2894 594 2936 sodalitatibus
626 2907 674 2936 se
705 2897 1018 2949 aggregabant.
1079 2898 1133 2938 Hi
1164 2901 1270 2939 sunt
1308 2897 1348 2940 οἱ
1380 2897 1798 2956 συμπολιτευόμενοι.

187 3093 297 3148 144
348 3099 493 3148 Basis
540 3114 828 3150 marmorea
884 3105 1029 3151 eruta
1085 3103 1206 3151 Deli.
1287 3103 1375 3154 Ed.
1418 3103 1507 3152 Th.
1546 3105 1774 3153 Homolle
1820 3104 1942 3152 Bull.
1996 3104 2058 3153 de

79 3195 206 3232 corr.
248 3185 369 3234 Hell.
412 3186 477 3235 IV
516 3183 692 3253 (4880)
730 3203 780 3253 p.
811 3187 912 3238 223
955 3204 1002 3239 n.
1037 3187 1102 3237 47
1143 3186 1223 3256 (Μ.
1253 3190 1307 3238 L.
1338 3189 1520 3240 Strack
1557 3191 1647 3240 Die
1685 3190 1928 3254 Dynastie
1967 3190 2058 3239 der

10 3274 12 3304 ἱ
78 3268 359 3322 Ptolemaer
395 3288 445 3338 p.
477 3273 577 3323 264
619 3288 667 3323 n.
699 3273 836 3340 ⁴38).

256 3411 524 3482 [Βασιλεὺς
600 3413 948 3485 Πτολεμαῖός1
1026 3418 1273 3488 βασιλέως
1357 3416 1674 3487 Πτολεμαίου
1741 3416 1748 3489 Ι
1823 3416 2056 3490 Εὐ]εργέ-

192 3571 382 3614 Litterae
422 3576 558 3615 ΑΠΣ.
707 3579 723 3615 4
762 3575 875 3617 Cum
906 3577 1153 3630 Euergetae
1184 3576 1301 3617 filius
1334 3577 1573 3630 diceretur,
1611 3589 1702 3619 non
1732 3578 1860 3620 facile
1891 3580 2053 3621 diiudi-

5 3631 19 3704 {¹
82 3642 184 3683 catu
213 3655 323 3698 esse,
362 3647 465 3687 uter
493 3657 546 3686 ex
584 3646 680 3686 eius
721 3646 823 3689 filiis
854 3649 1179 3702 designaretur,
1212 3649 1494 3690 Ptolemaeus
1524 3650 1566 3690 X
1597 3651 1725 3692 Soter
1754 3653 1791 3692 II
1824 3665 1879 3693 an
1911 3654 2054 3694 Ptole-

6 3755 9 3779 :
82 3723 235 3756 maeus
271 3717 332 3757 XI
368 3718 618 3759 Alexander
653 3719 684 3772 I,
724 3722 900 3761 monuit
938 3722 1066 3763 Hom.
1137 3722 1194 3762 At
1237 3721 1365 3762 facile
1403 3723 1472 3763 est
1509 3722 1836 3778 demonstratu,
1882 3737 1936 3766 ex
1983 3727 2052 3767 his
