2314 3970
68 217 136 270 90]
543 217 785 259 Ptolemaei
807 218 845 258 V
877 219 1222 260 monumentum
1253 219 1561 261 Rosettanum.
1937 224 2035 274 145

207 391 426 463 κάτηιῖὗ,
468 395 734 465 ψήφισμα·
776 396 822 448 οἱ
863 394 1176 467 ἀρχιερεῖς26
1211 395 1297 450 καὶ
1322 398 1635 469 προφῆται27
1673 395 1759 450 καὶ
1797 397 1845 449 οἱ
1884 397 1955 457 εἰς
1984 396 2039 450 τὸ

207 478 384 533 ἄδυτον
435 480 934 552 εΞΙσΙπορευόμενοι28
970 481 1092 554 πρὸς
1129 482 1210 536 τὸν
1251 481 1512 554 στολισμὸν
1527 485 1573 520 29
1608 486 1704 536 τῶν
1747 482 1753 555 Ι
1795 482 1926 536 θεῶν
1953 482 2039 537 καὶ

204 568 570 638 πτεροφόραι30
606 567 691 621 καὶ
733 569 1201 640 ἱερογραμματεῖς31
1245 569 1332 623 καὶ
1380 571 1426 622 οἱ
1475 569 1620 624 ἄλλοι
1674 570 1821 642 ἱερεῖς
1857 568 2040 630 πάντες

207 654 255 706 οἱ
293 653 664 723 ἀπαντήσαντες
703 657 759 709 ἐκ
796 659 892 708 τῶν
920 652 1052 708 κατὰ
1091 655 1179 726 τὴν
1217 657 1391 728 χώραν
1434 658 1575 728 ἱερῶν
1615 658 1685 717 εἰς
1711 655 1918 729 Μέμφιν
1947 659 2040 710 τῶι

205 740 402 812 βασιλεῖ
437 738 559 811 πρὸς
595 740 684 812 τὴν
721 742 996 814 πανήγυριν
1035 747 1125 812 τῆς
1162 744 1505 814 παραλήψεως
1542 748 1631 814 τῆς
1673 743 1679 813 Ι
1721 743 1980 815 βασιλείας
1995 745 2041 780 3²

62 950 114 990 ut
143 948 330 989 constat.
379 947 513 1000 Apud
543 947 790 1000 scriptores
821 957 928 988 sane
964 945 1137 999 ubique
1163 941 1376 992 Ξανθικός
1406 946 1613 1000 traditur,
1655 947 1736 989 sed
1766 948 2039 1000 aliquotiens

63 1021 107 1062 id
143 1019 434 1062 librariorum
478 1020 612 1072 culpa
651 1019 826 1061 illatum
867 1029 966 1060 esse
1004 1020 1166 1072 potest.
1323 1022 1376 1060 25
1417 1019 1581 1060 Mensis
1627 1021 1731 1060 anni
1776 1020 2040 1074 Aegyptiaci

63 1091 242 1134 mobilis
277 1103 415 1145 quem
454 1091 610 1133 dicunt
649 1093 816 1133 sextus.
879 1091 1017 1132 Cuius
1058 1091 1153 1132 dies
1193 1090 1563 1144 undevigesimus
1603 1102 1709 1132 cum
1754 1092 1895 1134 totius
1935 1094 2041 1134 anni

63 1165 333 1207 centesimus
366 1164 877 1218 duodeseptuagesimus
909 1165 979 1217 sit,
1021 1174 1165 1204 annus
1196 1174 1303 1205 vero
1338 1161 1466 1218 497s6
1497 1175 1535 1205 a.
1566 1164 1667 1205 Chr.
1701 1164 1758 1206 ab
1798 1165 2040 1207 undecimo

63 1236 133 1278 die
163 1237 328 1278 mensis
360 1236 568 1278 Octobris
598 1237 778 1278 initium
809 1236 992 1289 ceperit,
1025 1236 1232 1288 sequitur
1261 1237 1313 1276 ut
1343 1236 1454 1277 haec
1485 1236 1558 1277 die
1591 1239 1658 1277 27.
1688 1248 1747 1277 m.
1780 1237 1925 1279 Martii
1958 1240 2038 1278 496

63 1321 99 1351 a.
122 1309 221 1350 Chr.
244 1321 284 1350 n.
319 1309 499 1350 decreta
529 1309 630 1350 sint.
692 1308 822 1357 Quod
851 1308 966 1350 bene
998 1308 1209 1350 convenit
1247 1319 1351 1349 cum
1384 1308 1673 1351 Macedonico
1714 1320 1868 1351 mense
1900 1321 2038 1351 verno

61 1381 263 1423 Xandico
297 1381 401 1434 (not.
425 1381 506 1433 24).
569 1381 697 1430 Quod
729 1383 887 1423 contra
918 1391 1062 1422 annus
1094 1381 1291 1422 Siriacus
1323 1393 1348 1422 a
1379 1380 1450 1422 die
1482 1383 1550 1422 20.
1574 1393 1633 1422 m.
1655 1381 1754 1422 Iulii
1784 1382 1962 1436 incipit;
1994 1382 2040 1423 in

61 1453 135 1495 illo
180 1454 318 1507 igitur
355 1454 396 1495 d.
433 1453 574 1494 XVIII
611 1454 780 1495 mensis
826 1453 994 1494 Mechir
1031 1453 1077 1494 in
1123 1454 1221 1506 ipsa
1262 1453 1430 1494 mensis
1471 1454 1665 1495 Ianuarii
1704 1454 1832 1496 initia
1869 1454 2039 1496 incidit.

59 1525 341 1568 Manifestum
371 1527 510 1579 igitur
539 1527 620 1580 est,
652 1526 779 1568 illum
809 1538 979 1567 novum
1013 1526 1236 1567 fastorum
1268 1526 1487 1580 ordinem,
1520 1526 1600 1579 qui
1630 1526 1811 1568 decreto
1839 1527 2038 1580 Canopio

60 1598 294 1641 institutus
324 1601 432 1653 erat,
475 1599 564 1641 iam
603 1601 704 1640 ante
735 1599 870 1640 huius
901 1599 1022 1640 tituli
1052 1601 1260 1652 tempora
1291 1610 1452 1640 rursus
1491 1598 1764 1652 abrogatum
1803 1610 1915 1641 esse.
1978 1599 2039 1640 Cf.

61 1684 103 1714 n.
127 1671 238 1713 567⁷.
385 1674 438 1712 26
478 1671 539 1713 Cf.
571 1683 613 1712 n.
638 1670 751 1714 5610.
899 1674 951 1712 27
993 1670 1053 1713 Cf.
1086 1683 1127 1713 n.
1152 1670 1267 1713 5611.
1424 1674 1476 1712 28
1518 1672 2038 1715 ΕΙΞΓΙοΡΕΥΟΜΕΝΟΙ.

62 1747 113 1785 29
153 1743 214 1785 Cf.
247 1755 287 1784 n.
315 1742 446 1784 44413.
595 1747 646 1783 30
687 1743 748 1785 Cf.
781 1755 822 1784 n.
846 1742 959 1785 5613.
1099 1746 1143 1784 34
1192 1743 1253 1785 Cf.
1285 1755 1326 1784 n.
1354 1742 1465 1784 561⁴.
1617 1746 1667 1784 32
1699 1743 1850 1785 Verba
1880 1754 1962 1798 per
1992 1754 2039 1785 se

60 1827 148 1858 non
179 1815 315 1857 modo
346 1816 403 1857 ad
434 1816 554 1857 diem
584 1817 749 1869 ipsum,
792 1827 882 1869 quo
912 1827 1102 1868 regnum
1135 1816 1246 1869 iniit,
1288 1815 1368 1857 sed
1399 1816 1534 1857 etiam
1577 1815 1633 1857 ad
1663 1815 1797 1857 ferias
1836 1815 2038 1857 eiusdem

61 1888 147 1930 diei
178 1889 420 1942 quotannis
451 1888 682 1930 redeuntis
714 1888 870 1930 referri
902 1890 1119 1942 possunt;
1162 1890 1298 1942 atque
1329 1888 1416 1930 hoc
1447 1888 1673 1942 praeferas
1704 1888 1930 1942 siquidem
1961 1902 2040 1930 πα-

61 1958 344 2018 ραλαμβάνειν
382 1960 460 2017 τὴν
502 1959 716 2017 βασιλείαν
749 1973 854 2003 cum
886 1961 992 2002 alibi
1024 1961 1078 2002 de
1119 1972 1256 2013 regno
1287 1960 1537 2003 hereditate
1578 1974 1604 2002 a
1643 1963 1772 2015 patre
1809 1961 1855 2002 in
1894 1961 2038 2002 filium

59 2034 317 2075 transeunte
346 2034 596 2087 usurpatur
628 2033 681 2085 (n.
707 2033 834 2087 561⁷),
874 2035 972 2074 tum
1013 2034 1057 2074 in
1098 2034 1310 2087 proxima
1354 2034 1490 2075 huius
1531 2033 1618 2075 loci
1648 2034 1814 2076 vicinia
1844 2033 2037 2075 eundem

59 2115 194 2147 usum
224 2106 509 2158 agnoscimus
541 2118 582 2147 v.
607 2109 630 2147 8
653 2106 726 2147 fin.
787 2105 925 2159 Atqui
955 2106 1342 2158 magnificentiora
1382 2108 1501 2160 sunt,
1543 2117 1660 2160 quae
1701 2107 1775 2148 hic
1816 2106 2040 2160 suffragiis

60 2177 343 2220 sacerdotum
374 2179 723 2232 constituuntur,
763 2190 902 2232 quam
941 2181 992 2220 ut
1030 2180 1271 2232 quotannis
1311 2190 1392 2232 per
1434 2179 1559 2232 regni
1596 2179 1696 2220 initi
1733 2179 2040 2222 anniversaria

0 2270 2 2286 r
59 2250 163 2292 talia
193 2250 371 2293 decreta
402 2262 500 2293 esse
531 2251 745 2293 credibile
777 2252 847 2292 sit.
900 2251 1085 2293 Accedit
1116 2251 1239 2305 quod
1269 2262 1352 2304 per
1382 2252 1458 2293 illa
1488 2252 1588 2304 ipsa
1618 2253 1838 2306 tempora,
1871 2252 2038 2305 quibus

0 2293 3 2375 Ι
61 2321 170 2364 haec
198 2324 366 2376 scripta
396 2325 513 2378 sunt,
546 2324 826 2377 Epiphanem
858 2324 1103 2366 solenniter
1134 2324 1356 2377 puberem
1387 2324 1667 2366 declaratum
1699 2335 1811 2378 esse,
1846 2326 1895 2365 ut
1917 2326 2039 2366 certe

1 2386 6 2461 Ι
61 2395 238 2436 nomine
268 2397 400 2437 tenus
421 2396 511 2438 iam
533 2397 632 2449 ipse
653 2397 748 2437 sine
769 2396 999 2438 tutoribus
1021 2398 1242 2450 regnaret,
1275 2397 1459 2438 scimus.
1509 2395 1655 2445 Quare
1686 2394 1930 2454 παράληψιν
1961 2401 2039 2453 τῆς

2 2474 7 2548 Ι
61 2463 270 2522 βασιλείας
302 2467 375 2509 hic
406 2468 492 2510 alia
521 2469 568 2510 vi
597 2469 811 2521 usurpari
843 2468 898 2510 de
930 2480 982 2510 eo
1015 2470 1094 2522 qui
1132 2469 1222 2510 iam
1255 2469 1326 2510 sui
1357 2469 1468 2510 iuris
1496 2479 1596 2510 esse
1635 2468 1797 2522 incipit
1837 2471 2037 2524 apparet,

0 2565 1 2569 =
61 2540 105 2580 et
132 2539 276 2593 ferias,
309 2551 424 2593 quae
455 2551 562 2582 sane
593 2541 803 2582 consulto
835 2542 881 2582 in
908 2541 1102 2582 eundem
1131 2542 1254 2582 certe
1276 2541 1444 2582 mensis
1467 2540 1587 2581 diem
1610 2541 1882 2582 constitutae
1912 2543 2039 2582 erant

61 2621 149 2664 quo
178 2612 409 2665 quondam
441 2613 559 2666 patri
589 2615 872 2655 successerat
903 2614 1006 2666 (not.
1027 2614 1137 2667 435),
1169 2625 1257 2655 non
1290 2613 1492 2655 diversas
1524 2624 1622 2655 esse
1654 2613 1710 2655 ab
1742 2613 2037 2667 anacleteriis,

61 2693 174 2735 quae
203 2684 417 2725 novimus
448 2695 503 2725 ex
534 2685 737 2739 Polybio,
776 2686 854 2739 qui
895 2685 950 2726 de
989 2686 1089 2739 ipso
1131 2685 1363 2739 Epiphane
1403 2686 1515 2727 haec
1557 2684 1694 2727 habet
1723 2685 1877 2739 XVIII,
1902 2690 1968 2740 55,
1994 2689 2037 2726 3:

61 2749 205 2811 ἐπειδὴ
247 2753 294 2796 δὲ
338 2754 390 2797 τὰ
433 2755 543 2799 κατὰ
580 2755 679 2804 τοὺς
717 2753 938 2805 Αἰτωλοὺς
982 2755 1130 2800 ἔθεντο
1169 2755 1313 2804 καλῶς
1352 2755 1392 2800 οἱ
1432 2756 1528 2813 περὶ
1563 2755 1641 2813 τὴν
1681 2755 1831 2813 αὐλήν,
1876 2755 2038 2804 εὐθέως

62 2821 242 2884 ἐγίνοντο
272 2827 367 2884 περὶ
396 2827 443 2870 τὸ
473 2831 610 2871 ποιεῖν
642 2826 935 2887 ἀνακλητήρια
963 2832 1038 2872 τοῦ
1061 2827 1281 2886 βασιλέως,
1313 2827 1482 2872 οὐδέπω
1516 2828 1592 2885 μὲν
1626 2833 1705 2886 τῆς
1735 2828 1908 2886 ἡλικίας
1937 2844 2038 2872 κατ-

12 2907 15 2930 ¹
62 2897 318 2957 επειγούσης,
357 2898 598 2956 νομίζοντες
629 2900 675 2942 δὲ
706 2899 922 2960 λήψεσθαί
951 2916 1044 2944 τινα
1072 2900 1126 2944 τὰ
1160 2900 1387 2960 πράγματα
1416 2900 1672 2944 κατάστασιν
1702 2899 1776 2944 καὶ
1806 2899 1933 2944 πάλιν
1965 2899 2038 2958 ἀρ-

0 2963 21 3037 ,ss
90 2967 142 3026 ὴν
172 2975 248 3028 τῆς
279 2969 347 3013 ἐπὶ
375 2971 422 3014 τὸ
457 2970 620 3029 βέλτιον
653 2978 890 3032 προκοπῆς,
923 2971 1120 3023 δόξαντος
1143 2972 1453 3034 αὐτοκράτορος
1482 2971 1567 3032 ἤδη
1590 2972 1804 3033 γεγονέναι
1821 2976 1898 3016 τοῦ
1921 2972 2038 3030 βασι-

15 3038 20 3088 'i
54 3036 179 3089 ,λέως.
209 3043 471 3102 χρησάμενοι
503 3044 549 3087 δὲ
578 3049 672 3093 ταῖς
702 3050 988 3104 παρασκευαῖς
1018 3044 1337 3104 μεγαλομερῶς,
1369 3044 1593 3088 ἐπετέλουν
1624 3045 1702 3101 τὴν
1734 3043 1883 3102 πρᾶξιν
1912 3043 2037 3095 ἀξίως

16 3120 24 3145 i
61 3116 133 3155 τοῦ
163 3119 239 3172 τῆς
270 3114 479 3173 βασιλείας
499 3117 818 3176 προσχήματος,
850 3117 1030 3161 πλεῖστα
1052 3116 1355 3178 Πολυκράτους
1379 3120 1433 3172 (n.
1458 3122 1526 3173 93,
1551 3119 1587 3170 3)
1620 3117 1845 3164 δοκοῦντος
1868 3115 1928 3163 εἰς
1959 3116 2037 3173 τὴν

19 3189 27 3247 Ι
65 3181 263 3243 ἐπιβολὴν
304 3187 461 3244 ταύτην
499 3186 646 3237 αὐτοῖς
685 3189 1007 3247 συνηργηκέναι,
1046 3193 1090 3232 et
1123 3192 1178 3233 de
1208 3192 1306 3233 eius
1348 3191 1437 3232 filio
1471 3193 1579 3232 natu
1616 3190 1785 3231 maiore
1817 3189 2037 3230 Philome-

19 3262 26 3315 ξ
62 3257 160 3300 tore
187 3259 296 3302 haec
325 3260 520 3315 XXVIII,
555 3265 623 3315 42,
658 3266 704 3303 8;
748 3262 821 3304 καὶ
862 3263 972 3306 κατὰ
1011 3263 1083 3306 τὸν
1124 3261 1249 3306 αὐτὸν
1291 3263 1437 3320 καιρὸν
1476 3261 1549 3305 καὶ
1588 3261 1684 3318 περὶ
1722 3264 1797 3303 τοῦ
1829 3259 2037 3317 βασιλέως

23 3326 27 3376 Ι
65 3324 325 3388 Πτολεμαίου
365 3332 674 3391 προσπεσόντος
710 3337 801 3381 τοῖς
829 3330 1017 3394 Ἀχαιοῖς
1058 3334 1165 3378 διότι
1198 3334 1365 3393 γέγονεν
1404 3332 1520 3391 αὐτῷ
1554 3332 1606 3376 τὰ
1643 3331 1901 3389 νομιζόμενα
1930 3331 2037 3392 γίνε-

23 3386 30 3440 Ι
66 3396 161 3444 σθαι
185 3407 275 3450 τοῖς
313 3402 563 3460 βασιλεῦσιν,
609 3403 706 3447 ὅταν
746 3403 806 3453 εἰς
845 3405 1014 3462 ἡλικίαν
1048 3405 1244 3460 ἔλθωσιν,
1290 3404 1595 3463 ἀνακλητήρια,
1639 3403 1884 3460 νομίσαντες
1924 3403 2038 3464 σφίσι

27 3507 30 3511 ,
65 3468 263 3529 ’καθήκειν
295 3474 638 3533 ἐπισημήνασθαι
674 3476 721 3519 τὸ
758 3477 942 3535 γεγονός,
984 3477 1246 3536 ἐψηφίσαντο
1287 3476 1468 3533 πέμπειν
1509 3474 1765 3532 πρεσβευτὰς
1802 3474 2037 3520 ἀνανεωσο-

19 3557 31 3602 '3
69 3540 214 3597 μένους
242 3545 295 3589 τὰ
322 3547 648 3606 προϋπάρχοντα
676 3548 737 3606 τῷ
764 3546 877 3592 ἔθνει
908 3548 1193 3608 φιλάνθρωπα
1215 3548 1318 3608 πρὸς
1343 3547 1421 3604 τὴν
1450 3546 1677 3604 βασιλείαν,
1707 3547 1779 3590 καὶ
1799 3548 2038 3606 παραυτίκα

29 3630 32 3639 ·
66 3614 319 3675 κατέστησαν
363 3615 558 3663 Ἅλκιθον
604 3620 677 3663 καὶ
724 3618 952 3665 Πασιάὸαν.
1013 3623 1170 3676 Neque
1216 3622 1302 3663 alia
1347 3631 1446 3662 esse
1491 3621 1704 3662 videntur
1748 3620 2037 3679 πρωτοκλίσια

69 3683 264 3744 (αλήσια)
295 3703 493 3744 quorum
525 3693 570 3733 in
601 3693 716 3734 libro
739 3694 1113 3738 Maccahaeorum
1135 3695 1185 3747 ΙΙ,
1208 3696 1247 3747 4,
1271 3696 1315 3734 24
1357 3694 1463 3734 item
1495 3694 1540 3734 in
1562 3693 1877 3735 Philometoris
1899 3694 2035 3735 rebus

149 3769 492 3820 Dittenberger,
517 3775 673 3810 Orientis
698 3776 756 3811 Gr.
779 3777 886 3811 inscr-
923 3779 950 3812 Ι.
1638 3783 1687 3820 40
