2314 3970
73 229 171 281 453]
606 228 818 268 Seleucus
848 228 1024 281 Bithyis
1056 228 1081 269 f.
1115 229 1305 280 eiusque
1335 228 1516 269 familia.
1947 229 2046 279 231

219 399 462 452 Σέλευκον
502 396 707 468 Βίθυος,
748 398 830 452 τὸν
870 405 1079 470 συγγενῆ
1128 399 1211 453 τὸν
1259 401 1510 471 βασιλέως
1529 403 1562 469 ¹,
1604 398 1611 470 Ι
1652 398 1735 452 τὸν
1775 398 2054 470 στρατηγὸν

213 484 298 539 καὶ
342 485 598 557 ναύαρχον
645 486 733 540 καὶ
772 487 1076 558 οἰρχιιερε-Ξα2
1115 485 1121 558 Ι
1162 487 1331 556 τ(ῶ)ν3
1380 484 1515 539 κατὰ
1565 487 1652 557 τὴν
1702 491 1871 556 νῆσον,
1919 483 2055 539 Κου-

216 574 395 643 ριέων4
429 574 461 641 ἡ
503 573 645 632 πόλις
687 571 694 644 Ι
736 573 917 644 ἀρετῆς
956 574 1122 626 ἕνεκεν
1168 571 1258 624 καὶ
1296 573 1492 632 εὐνοίας
1535 578 1624 643 τῆς
1672 574 1743 632 εἰς
1786 574 2002 644 βασιλέα
2040 571 2055 642 ΙΙ

160 674 185 714 5
219 657 604 728 Πτολεμ(αῖ)ον5
654 657 739 711 καὶ
791 658 1088 730 βασίλισσαν
1134 656 1469 729 Κλεοπάτραν
1512 658 1517 727 Ι
1558 659 1646 729 τὴν
1697 659 1920 730 ἀδελφὴν
1967 658 2055 712 καὶ

213 745 511 817 βασίλισσαν
566 742 896 817 Κλεοπάτραν
958 746 964 815 Ι
1024 743 1113 814 τὴν
1170 745 1384 814 γυναῖκα
1401 748 1436 812 ⁶,
1494 744 1645 805 θεοὺς
1702 743 2001 817 Εὐεργέτας,
2046 744 2051 814 Ι

222 832 346 902 [τῆς]
384 851 437 883 τε
478 831 618 898 (εἰς)7
659 831 815 903 αὑτὴν
855 830 1161 902 εὐεργεσίας.

183 1007 375 1048 Litterae
405 1006 611 1058 volgares
641 1007 822 1058 praeter
854 1005 994 1058 ΘΠΣ,
1036 1005 1074 1045 si
1106 1003 1242 1045 modo
1274 1004 1537 1056 apographo
1578 1003 1689 1046 fides
1727 1005 1934 1046 habenda
1972 1009 2054 1047 est.

68 1080 180 1121 Ante
201 1090 384 1121 versum
410 1079 610 1132 primum
633 1077 807 1130 aliquot
835 1076 1091 1117 litterarum
1112 1076 1303 1128 vestigia
1335 1076 1472 1127 (ΣΨΥι
1487 1078 1575 1117 ΓιΡ
1593 1107 1602 1117 .
1622 1107 1631 1117 .
1651 1107 1659 1117 .
1679 1077 1742 1130 V),
1774 1089 1891 1129 quae
1913 1079 2055 1119 mani-

68 1153 180 1194 festo
201 1151 316 1193 alius
338 1152 610 1204 antiquioris
631 1150 917 1191 monumenti
939 1151 1056 1190 sunt.
1179 1152 1194 1188 4
1234 1148 1295 1190 Cf.
1320 1160 1361 1189 n.
1381 1147 1503 1190 4042.
1623 1154 1647 1189 2
1686 1149 1747 1190 Cf.
1770 1161 1811 1191 n.
1840 1152 1889 1190 84
1904 1150 1931 1191 1.
1960 1150 2053 1191 933.

70 1228 92 1265 3
131 1224 391 1266 Emendavi.
450 1225 570 1265 ΤΟΝ
612 1222 786 1263 Viduae
817 1221 1144 1275 apographum.
1213 1220 1422 1262 EdItores
1461 1222 1776 1263 accusativum
1815 1222 2055 1274 singularis

67 1299 319 1349 servarunt,
365 1296 445 1337 sed
492 1293 715 1353 ἀρχιερεὺς
760 1299 846 1335 τῶν
883 1293 995 1336 ’κατὰ
1029 1292 1108 1350 τὴν
1149 1297 1280 1349 νῆσον
1320 1294 1418 1346 (τῶν
1459 1293 1571 1335 κατὰ
1610 1288 1799 1350 Κύπρον)
1842 1294 1949 1335 alibi
1988 1296 2056 1335 in-

65 1370 247 1411 venitur
291 1367 358 1419 (cf.
392 1380 434 1408 n.
458 1366 598 1421 4593),
642 1363 866 1424 ἀρχιερεὺς
913 1364 935 1408 ὁ
973 1364 1085 1407 κατὰ
1125 1364 1204 1418 τὴν
1244 1369 1375 1421 νῆσον
1416 1377 1656 1419 nusquam.
1716 1366 1903 1408 Accedit
1932 1367 2057 1420 quod

67 1442 202 1483 etiam
233 1441 279 1482 in
309 1440 407 1481 aliis
438 1439 611 1480 Viduae
643 1439 928 1491 aliorumque
964 1438 1239 1491 apographis
1272 1440 1312 1479 O
1344 1449 1585 1491 perperam
1624 1449 1709 1490 pro
1749 1440 1791 1479 Ω
1832 1440 2054 1492 scriptum

68 1513 459 1567 deprehendimus,
491 1514 544 1553 ut
572 1512 884 1553 ΤΟΝΛΥΙΙΩΝ
918 1513 986 1563 99,
1010 1514 1049 1551 9.
1086 1511 1321 1551 ΠΡΟΤΩΝ
1356 1513 1452 1564 428,
1475 1514 1515 1551 3.
1552 1512 1859 1553 ΤΙΞΧΝΙΤΟΝ
1897 1515 1991 1564 464,
2017 1515 2054 1552 6.

69 1588 91 1627 4
132 1584 358 1639 Oppidum
389 1585 562 1626 insulae
585 1584 736 1637 Cypri,
769 1583 898 1624 cuius
924 1582 1047 1623 haud
1067 1581 1327 1634 infrequens
1350 1584 1418 1624 est
1448 1582 1568 1635 apud
1594 1583 1840 1636 scriptores
1863 1583 2057 1625 Graecos

0 1710 1 1713 Ι
66 1658 299 1699 memoria.
357 1656 419 1698 Cf.
460 1656 674 1697 Herodot.
702 1655 755 1708 V,
789 1658 885 1695 443.
948 1654 1108 1696 Strabo
1137 1654 1253 1707 XIV,
1288 1658 1325 1707 6,
1360 1657 1382 1694 3
1422 1666 1466 1707 p.
1494 1658 1572 1694 683
1606 1655 1703 1696 Cas.
1771 1655 2056 1696 Ptolemaeus

0 1739 1 1773 5
65 1729 118 1783 V,
141 1732 208 1782 43,
231 1732 270 1770 2.
323 1728 472 1781 Steph.
495 1729 603 1781 Byz.
626 1739 660 1768 s.
683 1739 726 1768 v.
877 1731 900 1767 5
935 1728 1312 1779 ΠΤΟΛΕΜΕΟΝ,
1352 1737 1509 1767 errore
1541 1727 1637 1768 sine
1668 1726 1808 1768 dubio
1840 1740 1865 1768 a
1893 1727 2056 1780 Vidua,

65 1813 156 1843 non
187 1813 211 1842 a
243 1800 435 1854 lapicida
466 1800 727 1842 commisso.
778 1798 1087 1840 Ptolemaeum
1109 1798 1207 1839 VIII
1239 1798 1491 1851 Euergeten
1520 1799 1558 1838 II
1602 1799 1844 1850 (446-446
1878 1812 1915 1840 a.
1939 1800 2054 1851 Chr.)

65 1883 165 1915 esse
209 1884 265 1914 ex
309 1874 551 1914 coniuncta
596 1872 766 1913 sororis
812 1874 858 1911 et
893 1872 1051 1912 uxoris
1090 1871 1321 1912 mentione
1359 1871 1465 1923 (not.
1498 1872 1536 1923 6)
1577 1874 1779 1924 apparet.
1846 1872 2055 1913 Ceterum

67 1945 317 1999 Seleucum,
349 1956 486 1998 quem
519 1957 563 1986 n.
586 1947 684 1997 450,
708 1946 730 1983 4
764 1943 934 1984 indicat
963 1944 1054 1984 iam
1086 1943 1210 1996 apud
1241 1943 1548 1984 Ptolemaeum
1570 1943 1874 1985 Philometora
1895 1956 2057 1997 magna

66 2019 207 2071 gratia
237 2018 459 2071 floruisse,
492 2017 741 2069 Euergetae
762 2017 799 2056 11
830 2027 969 2069 regno
994 2027 1230 2057 summum
1253 2016 1299 2056 in
1321 2015 1469 2056 insula
1492 2015 1644 2068 Cypro
1677 2014 1921 2069 imperium
1955 2029 2058 2059 nac-

65 2091 164 2132 tum
195 2100 295 2131 esse
326 2090 518 2142 mireris,
558 2090 778 2142 quoniam
811 2088 885 2129 ille
916 2089 1088 2129 amicos
1120 2087 1270 2129 fratris
1302 2087 1501 2129 defuncti
1540 2089 1704 2129 eximia
1737 2090 1926 2130 saevitia
1955 2100 2059 2142 per-

66 2164 250 2204 secutus
283 2163 352 2203 sit.
412 2162 470 2202 At
499 2160 638 2202 fuisse
669 2160 923 2213 nonnullos,
966 2161 1046 2213 qui
1077 2161 1161 2201 etsi
1194 2172 1219 2201 a
1250 2160 1434 2201 maioris
1475 2159 1626 2201 fratris
1666 2161 1875 2213 partibus
1908 2163 2057 2203 stetis-

0 2284 1 2291 ,
66 2236 177 2286 sent,
209 2236 361 2275 tamen
391 2235 497 2287 post
526 2233 650 2274 illius
683 2235 877 2274 mortem
909 2233 956 2274 in
987 2233 1175 2274 minoris
1207 2233 1399 2284 gratiam
1421 2243 1470 2273 se
1491 2233 1772 2273 insinuarent
1799 2244 1945 2286 neque
1975 2245 2058 2287 per

0 2306 1 2311 ’
67 2316 115 2348 se
145 2305 449 2359 improbabile
479 2308 548 2347 est
578 2307 623 2346 et
653 2305 862 2358 exemplo
894 2305 1027 2358 plane
1058 2306 1237 2357 gemino
1268 2304 1494 2358 Numenii,
1527 2305 1605 2357 qui
1638 2316 1754 2347 anno
1791 2309 1869 2346 464
1894 2318 1930 2346 a.
1955 2306 2054 2347 Chr.

67 2375 93 2419 a
128 2378 432 2419 Philometore
467 2380 512 2418 et
544 2377 764 2429 Euergeta
795 2378 984 2419 Romam
1020 2378 1190 2418 missus
1227 2378 1323 2418 erat
1358 2377 1532 2429 legatus
1569 2377 1739 2429 (Polyb.
1759 2377 1897 2431 XXX,
1919 2381 1984 2431 47,
2005 2379 2056 2431 4),

67 2451 225 2504 postea
254 2461 363 2491 vero
386 2450 575 2491 minoris
597 2449 749 2491 fratris
770 2449 1170 2503 epistolographus
1191 2448 1277 2490 fuit
1299 2449 1353 2501 (n.
1379 2451 1473 2502 439,
1497 2448 1565 2500 44)
1597 2448 1812 2502 probavit
1839 2450 1883 2490 L.
1903 2450 2057 2491 Couve

67 2522 177 2563 Bull.
210 2522 265 2563 de
296 2533 412 2563 corr.
445 2521 552 2562 Hell.
584 2521 726 2562 XVIII
767 2533 810 2574 p.
837 2525 918 2561 253
938 2532 1004 2574 sq.
1181 2524 1203 2560 6
1244 2520 1304 2562 Cf.
1337 2532 1379 2561 n.
1404 2520 1527 2562 4387.
1695 2524 1716 2560 7
1762 2523 2052 2564 ΓΤΕΑΥΤΗΝ

67 2593 226 2636 Vidua.
277 2594 456 2636 Boeckh
486 2593 746 2635 emendavit
775 2591 862 2646 [καὶ
889 2593 982 2650 τῆς]
1014 2590 1102 2645 (εἰς)
1136 2591 1282 2648 αὐτήν,
1322 2604 1428 2634 cum
1467 2595 1671 2634 sumeret
1703 2595 1808 2634 ΓΤΕ
1840 2605 1923 2646 pro
1958 2596 2055 2636 ΕΙΣ

9 2710 13 2730 ,
69 2676 219 2707 errore
265 2666 433 2707 lectum
472 2676 585 2707 esse.
651 2665 782 2714 Quod
827 2677 853 2706 a
898 2666 1133 2706 literarum
1173 2664 1471 2706 similitudine
1511 2666 1622 2706 satis
1663 2676 1873 2717 magnam
1919 2666 2057 2707 hahet

11 2737 13 2745 '
69 2737 449 2792 probabilitatem,
488 2739 534 2778 at
563 2748 643 2778 sex
674 2737 848 2779 litteras
880 2750 922 2779 v.
947 2741 970 2779 8
1003 2738 1131 2779 initio
1163 2749 1383 2791 reponere
1414 2749 1505 2778 non
1536 2738 1653 2790 licet,
1694 2750 1719 2778 a
1750 2738 1908 2779 dextra
1946 2749 2055 2780 vero

70 2819 227 2851 omnes
256 2820 419 2850 versus
448 2810 611 2862 integri
642 2811 761 2851 sunt.
822 2809 971 2858 Quare
1002 2810 1156 2851 nescio
1191 2821 1247 2851 an
1278 2811 1479 2863 praestet
1510 2811 1594 2851 ΕΙΣ
1633 2820 1786 2850 errore
1816 2810 2055 2863 omissum,

12 2878 15 2919 ἓ
70 2881 239 2934 reliqua
269 2892 378 2923 vero
410 2882 593 2922 omnino
625 2883 746 2922 recte
776 2882 1005 2935 exscripta
1035 2884 1249 2936 statuere,
1295 2884 1348 2922 ut
1388 2883 1419 2922 Γ
1450 2892 1506 2922 ex
1539 2883 1567 2923 Ε
1607 2883 1778 2922 restare
1815 2882 2053 2922 iudicetur.

71 2951 280 2994 Omnium
314 2954 545 2995 lenissima
574 2953 749 2994 medela
771 2964 878 2995 sane
900 2956 1021 2995 esset
1050 2952 1144 3007 [εης
1173 2967 1219 2995 τε
1251 2951 1397 3010 αὑτήν,
1430 2953 1510 2994 sed
1541 2965 1630 2994 non
1649 2953 1831 2994 videtur
1860 2957 1937 3007 τῆς
1969 2965 2010 2994 v.
2031 2956 2052 2993 4

14 3028 16 3040 ”
73 3025 206 3066 simul
235 3026 293 3067 ad
323 3022 487 3071 εὐνοίας
517 3025 721 3066 elusdem
754 3037 916 3068 versus
948 3028 992 3067 et
1023 3026 1079 3068 ad
1109 3024 1347 3083 εὐεργεσίας
1378 3038 1420 3066 v.
1446 3029 1467 3065 8
1500 3025 1656 3066 referri
1686 3035 1837 3077 posse.

18 3310 19 3314 Ἰ
178 3238 286 3294 153
337 3243 530 3292 Tabula
565 3243 837 3293 marmoris
870 3244 1087 3294 caerulei
1126 3259 1189 3294 ex
1225 3245 1338 3294 vico
1365 3239 1625 3291 K‘nodora
1662 3242 1855 3290 insulae
1883 3241 2053 3308 Cypri,

76 3341 107 3376 a
143 3327 392 3378 Salamine
441 3328 837 3394 septentrionem
893 3333 944 3379 et
999 3330 1309 3379 occidentem
1366 3342 1547 3377 versus
1603 3327 1717 3391 sitO,
1774 3326 2055 3390 Augustam

20 3466 22 3482 ἶ
76 3412 406 3464 Taurinorum
441 3415 493 3463 in
525 3428 759 3464 museum
796 3416 974 3465 delata.
1042 3416 1165 3465 Edd.
1208 3416 1261 3463 L.
1291 3415 1421 3463 Ross
1458 3414 1583 3461 Mus,
1614 3412 1773 3460 Rhen.
1800 3413 1887 3461 VII
1917 3414 2052 3463 4850

21 3495 23 3498 ’
75 3513 124 3565 p.
149 3499 248 3550 549
294 3516 343 3550 n.
376 3500 438 3549 ⁴4
490 3498 655 3565 (Arch.
695 3501 833 3551 Aufs,
874 3502 918 3550 II
954 3518 1004 3568 p.
1037 3499 1176 3565 627).
1259 3500 1546 3549 Lumbroso
1595 3498 1697 3548 Atti
1744 3499 1874 3547 della
1921 3502 2054 3549 reale

22 3571 24 3592 .
77 3586 216 3635 acad.
265 3588 315 3636 di
359 3587 545 3636 Torino
587 3587 724 3636 4869
769 3603 819 3654 p.
851 3589 970 3638 684.
1037 3586 1572 3649 Lebas-Waddington
1618 3585 1769 3634 Inscr.
1811 3585 2055 3635 111’2757

24 3656 25 3672 ¹
81 3669 150 3735 (Ε.
178 3671 548 3722 Oberhummer
586 3673 926 3738 Sitzungsber.
968 3675 1058 3723 der
1097 3674 1204 3738 Kgl.
1233 3672 1393 3721 Akad.
1436 3672 1483 3720 d.
1513 3671 1662 3720 Wiss.
1704 3686 1767 3720 zu
1805 3671 2052 3720 Miinchen

24 3769 27 3795 1

25 3809 27 3826 4
