2314 3970
259 184 361 236 436
922 180 973 220 V.
1018 180 1216 232 Regnum
1248 179 1556 221 Attalidarum.
2115 180 2212 233 [266

397 357 427 424 ἡ
470 356 519 407 ἐν
559 355 650 403 τῶι
686 348 927 421 τετάρτωι
963 349 1048 403 καὶ
1085 350 1504 421 τεσσαραΙκοστῶι
1540 350 1708 404 ἔτει14.
1772 350 1863 404 ἐάν
1901 371 1974 410 τις
2001 351 2215 423 ἄπεργος

396 441 600 509 γένηται
636 440 668 507 ἢ
716 437 1147 507 παραιτή[σ]ηται,
1201 436 1482 508 ἀφιέ[σΙθ]ω
1521 435 1607 490 καὶ
1646 437 1825 509 ἀτελὴς
1863 436 1990 490 ἔστω
2028 435 2214 508 ἐξάγων

255 530 287 593 ξ
313 531 342 577 6
400 521 462 576 τὰ
505 523 655 576 αὑτοῦ
695 520 1000 595 ὑπάρχοντα.
1067 522 1208 593 ὑπ[ὲρ
1238 522 1244 593 Ι
1273 522 1379 591 τ]οΰ
1417 523 1632 594 ὀψωνίου
1671 524 1728 576 οὗ
1766 525 2083 594 ὡμολόγησεν
2128 529 2216 594 τῆς

393 611 701 680 τετραμήνου
717 612 776 676 ¹⁵,
819 607 903 663 ἵνα
950 610 1100 679 ὃοθῆι
1144 608 1214 677 [τὸ
1255 607 1542 679 ὁΙμ]όλογον,
1595 608 1680 662 καὶ
1726 610 1791 681 μὴ
1841 610 2215 679 ὑπολογιζέσθω

367 830 418 868 44
459 827 716 869 Frankelius
745 838 847 868 cum
881 827 1047 880 legeret
1077 824 1190 873 ὅπως
1223 823 1271 868 ἂν
1303 825 1332 882 ἡ
1362 823 1532 869 ἀτέλεια
1562 823 1754 886 ὑπάρχηι
1784 828 1997 881 (neglecto
2031 830 2060 869 Η
2094 828 2218 881 quod

248 901 391 954 ipsius
423 900 576 941 tabula
606 901 711 953 post
741 900 967 942 ΥΠΑΡΧΗΙ
1001 898 1194 950 exhibet)
1235 897 1276 939 ἐν
1314 903 1391 939 τῶι
1425 897 1627 954 τετάρτωι
1656 898 1729 940 καὶ
1755 905 2092 957 τεσσαρακοστῶι
2123 898 2217 954 ἔτει,

249 973 571 1025 interpretatus
601 973 671 1012 est
701 971 755 1012 de
786 972 1069 1013 immunitate
1091 982 1180 1024 qua
1211 971 1375 1011 milites
1407 970 1662 1012 fruerentur
1692 972 1794 1012 inde
1825 972 1881 1013 ab
1913 973 2069 1013 aetatis
2101 984 2217 1014 anno

249 1045 595 1098 quadragesimo
636 1045 812 1096 quarto.
862 1043 920 1084 At
956 1044 994 1085 si
1030 1042 1076 1084 id
1113 1042 1400 1096 indicaretur,
1438 1040 1520 1084 ἀπὸ
1564 1045 1639 1084 τοῦ
1675 1041 1876 1099 τετάρτου
1913 1042 1986 1085 καὶ
2020 1056 2220 1098 τεσσαρα-

247 1119 400 1158 motos
444 1114 563 1163 ἔτους
602 1117 682 1158 aut
716 1119 806 1162 τοῖς
842 1114 1155 1172 τεσσαράκοντα
1194 1113 1265 1156 ’καὶ
1301 1113 1483 1172 τέσσαρα
1513 1113 1587 1172 ἔτη
1618 1114 1808 1172 γεγονόσι
1844 1115 2084 1157 dicendum
2122 1116 2219 1158 fuit.

249 1189 378 1237 Quod
399 1189 619 1242 scriptum
641 1190 722 1242 est,
754 1189 792 1229 si
815 1189 999 1229 omnino
1031 1187 1086 1229 de
1117 1187 1274 1229 aetatis
1305 1199 1419 1229 anno
1451 1187 1763 1241 accipiendum
1792 1190 1923 1241 esset,
1954 1188 2063 1229 nihil
2085 1189 2219 1241 signi-

248 1261 381 1302 ficare
412 1262 578 1314 posset,
611 1261 697 1302 nisi
728 1271 808 1313 per
836 1271 978 1301 unum
1010 1260 1138 1301 illum
1169 1271 1336 1301 annum
1356 1260 1523 1301 milites
1545 1260 1828 1301 immunitate
1851 1260 1951 1314 frui,
1983 1262 2088 1314 post
2116 1272 2220 1302 eum
2301 1261 2306 1267 ’

248 1344 358 1374 vero
391 1345 479 1374 non
511 1334 653 1385 magis
683 1344 820 1385 quam
852 1333 967 1386 ante,
998 1332 1044 1372 id
1074 1331 1196 1385 quod
1228 1331 1475 1373 absurdum
1509 1334 1589 1373 est.
1642 1332 1788 1380 Quare
1818 1343 1874 1373 ne
1905 1332 2093 1385 Koeppii
2123 1333 2222 1385 qui-

249 1405 351 1445 dem
383 1405 801 1458 interpretationem
832 1403 1029 1457 probare
1060 1415 1249 1457 possum
1290 1404 1478 1456 legentis
1517 1400 1632 1450 ὅπως
1673 1401 1723 1445 ἂν
1759 1400 1788 1459 ἢ
1827 1400 1993 1446 ἀτέλεια
2033 1401 2222 1461 ὑπάρχηι

247 1474 274 1531 ἢ
308 1476 351 1518 ἐν
382 1482 460 1518 τῶι
488 1474 691 1533 τετάρτωι
721 1475 794 1517 καὶ
821 1481 1160 1533 τεσσαρακοστῶι
1191 1474 1291 1529 ἔτει,
1324 1473 1397 1517 ἐάν
1427 1489 1487 1522 τις
1525 1473 1708 1533 ἄπεργος
1745 1473 1916 1532 γένηται
1954 1473 1982 1530 ἢ
2016 1474 2220 1532 παραιτή-

250 1562 383 1604 σηται,
416 1545 608 1605 ἀφιὲσθω
638 1546 714 1590 καὶ
742 1545 899 1604 ἀτελὴς
931 1545 1036 1588 ἔστω
1069 1544 1227 1604 ἐξάγων
1250 1545 1302 1588 τὰ
1334 1544 1462 1589 αὑτοῦ
1496 1544 1750 1606 ὑπάρχοντα.
1803 1547 1925 1596 Quae
1955 1548 2087 1589 lectio
2111 1548 2220 1589 vitio
2296 1543 2299 1546 ’

249 1620 543 1673 grammatico
565 1619 762 1672 laborat;
795 1631 899 1661 nam
921 1630 1027 1660 cum
1048 1619 1281 1673 particulis
1311 1615 1338 1674 ἢ
1360 1641 1418 1648 -
1436 1616 1465 1675 ἢ
1497 1621 1602 1672 post
1632 1617 1748 1665 ὅπως
1779 1620 1938 1672 positis
1970 1620 2059 1661 duo
2082 1631 2221 1661 enun-

248 1693 346 1734 tiati
375 1693 520 1734 finalis
558 1692 765 1733 membra
796 1692 1122 1746 disiungantur,
1163 1693 1350 1745 apparet
1379 1692 1424 1733 in
1455 1692 1594 1733 altero
1626 1703 1681 1732 ex
1722 1692 1787 1732 eis
1825 1703 1907 1744 pro
1940 1692 2221 1745 imperativis
2292 1736 2296 1740 ,

248 1762 440 1821 ἀφιέσθω
468 1762 541 1806 ’καὶ
571 1762 727 1818 ἀτελὴς
758 1761 866 1805 ἔστω
905 1764 1221 1806 coniunctivos
1261 1760 1406 1822 ἀφεθῇ
1437 1762 1510 1805 καὶ
1540 1760 1696 1818 ἀτελὴς
1735 1755 1764 1820 ᾖ
1805 1763 2038 1816 ponendos
2068 1763 2219 1805 fuisse.
2288 1784 2291 1788 Α

248 1837 448 1889 Denique
487 1835 598 1877 illud
637 1835 809 1877 nudum
848 1833 1017 1877 ἀτέλεια
1049 1832 1238 1894 ὑπάρχηι
1280 1835 1658 1877 obscurissimum
1690 1837 1772 1889 est,
1810 1836 2076 1888 praesertim
2115 1846 2219 1876 cum

248 1909 383 1949 etiam
415 1907 460 1948 in
491 1908 630 1949 altero
662 1907 868 1948 membro
901 1905 1055 1963 ἀτελὴς
1086 1905 1193 1948 ἔστω
1226 1908 1441 1960 legamus.
1490 1907 1575 1948 Sed
1612 1908 1723 1948 haec
1752 1908 1903 1949 omnia
1935 1907 2221 1948 incommoda

247 1981 495 2021 nascuntur
525 1991 580 2020 ex
609 1991 750 2033 prava
780 1979 1027 2020 verborum
1058 1977 1100 2020 ἐν
1131 1977 1193 2035 τῷ
1222 1978 1406 2035 τετάρτῳ
1437 1977 1509 2020 καὶ
1539 1978 1861 2036 τεσσαρακοστῷ
1891 1977 1972 2020 ἔτει
2001 1980 2220 2032 interpre-

248 2053 429 2106 tatione,
462 2062 577 2105 quae
608 2052 716 2104 quin
748 2051 801 2092 de
822 2052 1107 2093 immunitate
1138 2063 1253 2092 anno
1278 2053 1329 2092 44
1362 2062 1491 2092 aerae
1511 2051 1846 2092 Seleucidarum
1877 2048 2019 2107 (269s8
2043 2063 2080 2094 a.
2104 2051 2218 2103 Chr.)

249 2135 462 2165 concessa
492 2123 786 2176 intellegenda
827 2124 916 2165 sint
954 2123 1104 2164 nullus
1145 2123 1318 2165 dubito.
1370 2123 1669 2164 Philetaerum
1708 2123 1896 2175 eiusque
1934 2134 2219 2165 successores

248 2197 332 2237 hac
363 2206 505 2237 annos
536 2195 804 2237 numerandi
835 2196 1006 2236 ratione
1036 2206 1146 2237 usos
1171 2206 1283 2248 esse,
1316 2195 1423 2236 dum
1445 2194 1659 2237 AttalusI
1689 2195 1811 2247 regio
1833 2196 2014 2236 nomine
2035 2197 2220 2237 ornatus

248 2269 373 2320 regni
412 2279 551 2309 annos
592 2268 755 2309 litteris
792 2267 987 2321 publicis
1032 2267 1342 2321 praescribere
1385 2268 1604 2320 inciperet
1648 2267 1702 2318 (n.
1736 2270 1833 2320 268,
1864 2270 1879 2307 ⁴
1927 2265 2222 2323 βασιλεύοντος

247 2335 457 2394 Ἀττάλου,
490 2338 611 2386 ἔτους
642 2339 839 2396 πρώτου),
872 2340 980 2381 nihil
1011 2340 1147 2381 habet
1176 2340 1292 2381 miri.
1346 2338 1475 2388 Quod
1511 2350 1620 2380 vero
1652 2340 1755 2380 anni
1786 2339 2121 2381 Seleucidarum
2155 2341 2220 2381 in-

249 2412 454 2454 dicantur
483 2424 608 2454 mero
641 2424 847 2466 numero,
878 2412 999 2453 nulla
1021 2411 1171 2454 addita
1202 2423 1330 2453 aerae
1360 2411 1695 2466 significatione,
1727 2411 1806 2453 sed
1826 2411 2062 2454 vocabulis
2091 2412 2221 2465 plene

247 2485 442 2537 scriptis,
489 2497 579 2526 non
620 2485 740 2526 notis
780 2484 1104 2538 numeralibus,
1153 2485 1198 2525 id
1235 2485 1368 2525 etiam
1407 2485 1454 2525 in
1491 2484 1623 2525 titulo
1666 2485 1810 2525 aetate
1854 2485 2042 2537 suppari
2082 2484 2220 2526 habes

248 2568 288 2597 n.
313 2559 408 2609 225,
433 2561 469 2597 5.
495 2561 540 2597 6:
581 2554 652 2598 σὺν
683 2559 772 2603 τοῖς
803 2556 892 2609 [τοῦ
924 2555 1086 2610 ἐ]νάτου
1116 2554 1188 2598 καὶ
1208 2558 1494 2612 πεντηκοστοῦ
1518 2553 1638 2602 ἔτους
1666 2553 1903 2612 προσόδοις.
1953 2555 2061 2598 ibid.
2085 2569 2126 2598 v.
2145 2560 2219 2599 48:
2276 2546 2285 2576 ²

250 2625 292 2669 ἐν
323 2633 398 2668 τῶι
431 2625 663 2684 ἑξηκοστῶι
695 2626 788 2670 ἔτει.
838 2628 1111 2670 Philetaerus
1142 2629 1278 2681 igitur
1307 2629 1639 2669 immunitatem
1668 2630 1955 2670 concesserat
1985 2629 2219 2684 militibus,
2281 2638 2283 2642 ⁴
2313 2631 2314 2636 ’

249 2711 386 2752 quam
419 2710 496 2740 sex
528 2701 606 2740 aut
636 2700 786 2752 paullo
818 2700 1024 2753 pluribus
1055 2701 1180 2742 annis
1211 2702 1315 2754 post
1346 2701 1422 2754 eis,
1463 2701 1541 2753 qui
1572 2702 1676 2753 post
1713 2700 2007 2742 defectionem
2037 2701 2083 2742 in
2123 2713 2220 2754 gra-

249 2772 359 2812 tiam
381 2770 599 2825 redibant,
623 2771 909 2813 confirmavit
931 2773 1049 2814 illius
1072 2783 1308 2814 successor
1327 2773 1550 2814 Eumenes
1566 2773 1595 2814 I.
1639 2772 1760 2821 Quae
1789 2773 2053 2815 immunitas
2074 2774 2220 2827 qualis

250 2844 307 2884 sit
348 2843 590 2895 exponitur
629 2844 838 2896 proximo
881 2845 1109 2886 enuntiato
1147 2855 1228 2897 per
1272 2845 1521 2898 asyndeton
1563 2845 1884 2898 explicativum
1925 2845 2110 2887 adnexo.
2169 2847 2222 2887 Ut

249 2915 466 2968 principis
497 2915 723 2968 intererat,
763 2925 840 2955 eos
871 2917 949 2968 qui
980 2916 1098 2969 apud
1131 2917 1283 2969 ipsum
1314 2917 1558 2958 militarent
1587 2917 1704 2958 alere
1743 2928 1794 2958 ac
1826 2917 1990 2971 fovere,
2033 2918 2098 2958 sic
2129 2930 2221 2959 me·
2304 2915 2305 2946 ἶ

248 2985 466 3026 tuendum
500 2987 607 3039 erat,
650 2997 704 3027 ne
741 2997 899 3027 eorum
931 2988 1008 3039 qui
1047 2987 1132 3040 ipsi
1164 2988 1273 3029 nihil
1312 2988 1506 3041 amplius
1546 2989 1762 3042 prodesse
1793 2991 2011 3043 poterant,
2051 2989 2219 3031 nullam

250 3057 436 3099 haberet
466 3058 700 3112 rationem,
734 3058 812 3099 sed
842 3069 897 3099 ex
929 3069 1087 3100 eorum
1119 3059 1250 3101 bonis
1281 3060 1458 3101 lucrum
1490 3062 1703 3114 captaret.
1754 3060 1847 3102 Hoc
1877 3072 1932 3101 ex
1963 3062 2087 3102 metu
2116 3064 2221 3103 nata
2303 3045 2305 3075 ³

249 3132 317 3170 est
362 3129 568 3171 condicio
614 3130 669 3170 de
713 3130 949 3172 infantium
995 3131 1135 3172 tutela
1179 3131 1217 3183 (ἓ
1252 3135 1289 3186 4,
1329 3132 1382 3174 cf.
1425 3134 1514 3175 not.
1547 3133 1635 3185 ⁴2);
1678 3132 1839 3174 eodem
1885 3135 2060 3186 spectat
2099 3134 2220 3187 quod
2302 3127 2303 3148 ³

249 3202 322 3242 hic
367 3202 663 3256 interdicitur,
716 3214 771 3243 ne
825 3214 850 3243 e
903 3202 1172 3244 discedentis
1228 3204 1382 3246 militis
1437 3216 1485 3245 re
1530 3205 1736 3246 familiari
1779 3206 1954 3258 partem
1994 3205 2219 3247 Eumenes
2302 3208 2303 3214 ’

250 3273 480 3325 vectigalis
520 3275 701 3315 nomine
739 3274 940 3315 retineat.
1006 3275 1070 3315 De
1114 3275 1199 3316 alia
1243 3275 1528 3318 immunitate
1572 3276 1646 3318 hic
1684 3277 1866 3319 omnino
1914 3287 2002 3317 non
2041 3277 2218 3320 dicitur.
2300 3272 2303 3303 ἶ

250 3344 363 3385 Nam
411 3344 588 3398 milites,
635 3357 749 3398 quos
792 3345 998 3387 mercede
1042 3346 1319 3388 conduxerat
1362 3349 1587 3402 princeps,
1638 3349 1678 3388 ei
1729 3348 1962 3400 vectigalia
2010 3360 2098 3390 non
2142 3360 2220 3402 pe·

252 3417 462 3468 pendisse
513 3417 622 3458 dum
672 3418 915 3459 militarent
963 3429 1045 3471 per
1100 3429 1148 3459 se
1205 3419 1490 3471 intellegitur.
1770 3423 1818 3460 45
1873 3420 1955 3460 Per
2005 3422 2219 3472 quattuor
2298 3418 2301 3470 ξ

254 3499 429 3528 menses
476 3490 771 3530 mercennarii
817 3489 1070 3531 defecerant
1114 3489 1171 3530 ab
1207 3490 1424 3543 Eumene3
1471 3503 1667 3544 quorum
1713 3492 1937 3532 mensium
1983 3492 2217 3544 stipendia,

253 3570 366 3610 quae
397 3562 496 3600 ante
527 3561 600 3600 ille
630 3563 790 3613 pactus
822 3563 931 3614 erat,
964 3572 1017 3602 ne
1049 3561 1376 3602 deducerentur
1407 3563 1460 3603 de
1491 3574 1670 3604 summa
1701 3562 1850 3604 debita
1881 3562 1955 3603 hic
1985 3563 2218 3604 constitui-

251 3633 337 3671 tur.
389 3631 454 3671 Fr.
