2314 3970
229 159 298 208 72
911 155 960 195 11.
1008 155 1207 206 Regnum
1240 152 1523 205 Lagidarum.
2081 152 2202 204 [46-

374 328 548 396 ἀἿτοκα
586 329 827 397 χρήματα
865 326 936 383 εἰς
974 324 1062 393 τὴν
1101 323 1413 393 κατασκευὴν
1440 328 1527 392 τῆς
1565 317 1751 382 στοᾶς’.
1818 324 2206 394 ἀναγραφόντων

374 415 428 466 δὲ
485 412 693 483 πρῶΙτον
752 410 833 463 τὸν
891 411 1118 461 πλεῖστον
1177 411 1340 461 δόντα.
1418 411 1552 468 ὅπως
1610 405 1647 460 δ’
1699 408 1758 461 ἂν
1806 410 2113 478 κομίσωνται
2162 410 2209 462 οἱ

291 510 342 548 10
372 497 744 570 προδανεισταί,
795 494 993 567 πόΙΙρους
1040 495 1339 548 ὑποκεῖσθαι
1387 495 1588 553 αὐτοῖς8
1632 494 1745 554 τούς
1790 516 1843 548 τε
1882 495 2210 555 ὑποτεθέντας

373 587 442 644 εἰς
487 584 541 637 τὸ
590 584 955 654 βουλευτήριον,
1011 582 1015 652 Ι
1067 581 1415 651 κομισαμένων
1463 579 1537 639 οἷς
1581 582 1816 652 πρότερον
1871 582 2208 651 ὑπετέθησαν·

377 669 727 737 ὑποκε[ἷ]σθαι
766 667 821 720 δὲ
861 669 1028 727 αὐτοῖς
1067 666 1152 720 καὶ
1183 667 1187 737 Ι
1218 666 1332 726 τοὺς
1371 667 1702 727 ὑποτεθέντας
1741 669 1811 727 εἰς
1848 665 1940 727 τὰς
1967 668 2211 735 εἰκόναςθ,

371 756 458 826 τὴν
497 754 831 825 πεντηκοστὴν
849 757 890 790 ¹⁰
927 754 1012 807 καὶ
1049 753 1103 806 τό
1130 754 1398 824 ’γραφίον11
1427 751 1434 823 Ι
1462 755 1557 805 τῶν
1584 755 1746 823 ὅρκων
1763 755 1820 821 ¹²,
1859 756 2209 823 κομισαμένων

345 905 366 941 8
408 900 591 941 Reditus
623 900 879 941 ciVItatium
911 911 994 953 pro
1034 910 1135 940 aere
1167 900 1311 940 alieno
1351 899 1527 951 pignori
1566 900 1734 951 opponi
1775 899 1911 940 etiam
1952 899 2058 939 alibi
2090 899 2213 940 vide-

228 984 345 1013 mus.
407 972 467 1012 Cf.
507 972 934 1013 Pseudoaristotelis
982 972 1145 1012 Oecon.
1179 972 1214 1011 II
1247 982 1289 1023 p.
1327 974 1428 1012 4354
1446 983 1489 1023 a,
1522 974 1661 1023 5sqq.
1710 969 1748 1023 b,
1779 974 1794 1010 4
1821 981 1917 1023 sqq.
1971 971 2215 1012 Aeschines

227 1046 297 1097 III,
322 1046 428 1084 ⁴04:
475 1042 814 1100 ἀναγκαζόμενοι
845 1042 891 1085 δὲ
923 1038 1172 1099 οἱὨρεῖται
1201 1042 1272 1083 καὶ
1304 1040 1383 1083 οὐκ
1412 1040 1702 1100 εὐποροῦντες,
1733 1039 1943 1083 ὑπέθεσαν
1975 1041 2094 1098 αὐτῷ
2115 1038 2214 1099 (Δη-

230 1113 439 1170 μοσθένει)
472 1118 546 1157 τοῦ
576 1113 784 1157 ταλάντου
815 1114 888 1162 τὰς
920 1113 1129 1170 δημοσίας
1151 1113 1397 1171 προσόδους.
1450 1114 1631 1155 Boeckh
1661 1114 2109 1167 Staatshaushaltung
2136 1114 2216 1155 der

228 1188 423 1229 Athener
453 1186 499 1227 12
529 1199 570 1240 p.
604 1191 700 1228 767.
746 1188 945 1229 Dareste.
1008 1187 1068 1228 Cf.
1101 1188 1238 1228 etiam
1269 1186 1399 1239 Syll.2
1427 1186 1551 1227 4264.
1583 1191 1661 1227 547
1680 1186 1727 1226 11.
1876 1191 1899 1226 9
1943 1186 2052 1227 Male
2082 1185 2215 1227 New·

229 1262 365 1301 tonus
399 1261 508 1300 haec
539 1261 625 1301 tria
653 1259 728 1305 τὰς
759 1258 940 1313 εἰκόνας,
971 1259 1050 1314 την
1080 1258 1372 1315 πεντηκοστὴν
1404 1258 1476 1300 καὶ
1505 1258 1553 1300 τὸ
1583 1257 1763 1317 γραφίον
1796 1259 1945 1311 posita
1975 1256 2025 1299 ἐκ
2055 1256 2216 1314 παραλ-

228 1330 366 1386 λήλου
398 1333 453 1372 ad
486 1332 675 1372 eandem
707 1331 1094 1384 praepositionem
1132 1330 1193 1377 εἰς
1231 1331 1416 1372 rettulit.
1477 1331 1634 1384 Neque
1670 1331 1790 1371 enim
1829 1331 1981 1383 ipsum
2022 1330 2215 1383 fallebat,

229 1404 295 1444 sic
327 1414 467 1455 prave
498 1401 558 1449 εἰς
589 1414 673 1455 pro
707 1402 757 1444 ἐκ
787 1403 889 1456 dici,
923 1405 1059 1455 atque
1090 1403 1346 1444 inauditum
1377 1413 1475 1443 esse
1516 1403 1712 1443 reditum
1755 1414 1809 1443 ex
1851 1403 2012 1443 statuis
2053 1413 2217 1455 prove-

229 1475 441 1515 nientem.
502 1476 647 1515 Immo
680 1474 945 1530 πεντηκοστὴ
977 1477 1023 1515 et
1051 1473 1228 1532 γραφίον
1261 1475 1498 1527 vectigalia
1528 1477 1646 1527 sunt,
1689 1475 1865 1527 pignori
1897 1474 2000 1515 data
2042 1475 2106 1515 eis
2138 1475 2218 1526 qui

231 1548 403 1588 statuas
435 1547 736 1588 conficiendas
769 1547 1069 1588 redemerunt.
1129 1548 1287 1599 Itaque
1317 1549 1415 1587 tum
1448 1547 1647 1599 demum,
1690 1557 1795 1587 cum
1827 1546 1915 1587 illis
1953 1547 2103 1587 omnia
2135 1558 2218 1587 nu-

230 1620 402 1659 merata
448 1620 592 1671 erunt,
655 1630 710 1659 ex
755 1619 826 1659 his
869 1619 1164 1671 vectigalibus
1210 1618 1362 1659 debita
1406 1619 1598 1671 pecunia
1650 1618 1777 1659 reddi
1822 1618 1994 1670 poterit
2038 1618 2216 1659 civibus

229 1691 307 1742 qui
347 1701 447 1730 eam
489 1690 546 1730 ad
585 1692 733 1731 stoam
774 1690 1099 1731 aedificandam
1137 1692 1347 1732 mutuam
1385 1690 1607 1731 dederunt
1656 1690 1752 1730 sine
1788 1691 1958 1730 usuris.
2018 1690 2217 1731 Dareste.

231 1767 281 1801 40
324 1761 705 1814 Quinquagesima
725 1762 934 1803 omnium
951 1773 1105 1802 rerum
1126 1773 1244 1815 quae
1260 1763 1567 1815 importantur
1584 1764 1662 1803 aut
1678 1764 1987 1815 exportantur.
2018 1762 2217 1803 Dareste.

231 1837 274 1874 44
324 1834 418 1874 Hoc
448 1835 493 1874 in
525 1834 672 1886 lapide
703 1845 803 1874 esse
833 1833 1156 1875 Hirschfeldius
1187 1835 1394 1886 testatur,
1427 1845 1532 1875 cum
1564 1834 1758 1875 Newton
1788 1837 1989 1890 γραφεῖον
2021 1833 2215 1886 legisset,

229 1906 352 1958 quod
383 1916 489 1946 sane
520 1905 694 1958 legibus
725 1907 903 1958 linguae
934 1906 1002 1958 (cf.
1033 1907 1337 1964 γραμματεῖον)
1370 1906 1759 1947 accommodatius
1781 1905 1972 1946 videtur.
2022 1905 2215 1959 Nomen,

229 1978 355 2029 quod
370 1978 596 2030 scriptura
614 1979 1026 2019 inconstantissime
1046 1979 1163 2019 inter
1177 1981 1377 2035 γραφεῖον
1395 1980 1440 2018 et
1455 1975 1632 2034 γραφίον
1654 1979 1904 2019 fluctuante
1922 1978 2216 2030 perfrequens

229 2051 297 2090 est
327 2050 372 2089 in
394 2051 581 2102 papyris
602 2050 903 2102 Aegyptiacis,
936 2050 1026 2090 illic
1055 2051 1306 2103 usurpatur
1337 2050 1391 2090 de
1421 2050 1655 2091 tabulariis
1687 2061 1713 2090 a
1741 2049 1926 2102 regibus
1949 2050 2216 2091 Ptolemaeis

229 2122 462 2173 institutis,
496 2121 663 2173 quibus
694 2123 827 2174 pacta
859 2123 975 2162 inter
1005 2122 1213 2174 privatos
1246 2122 1300 2162 de
1330 2121 1540 2174 quolibet
1575 2122 1760 2174 negotio
1800 2121 1954 2162 inferri
1991 2122 2218 2163 debebant

228 2195 280 2232 ut
319 2195 415 2234 rata
453 2195 615 2234 essent.
678 2193 738 2234 Cf.
772 2193 1105 2246 Oxyrhynchus
1137 2195 1300 2246 papyri
1332 2194 1369 2233 11
1399 2205 1443 2246 p.
1468 2196 1543 2234 484
1581 2205 1622 2234 n.
1653 2193 1939 2246 CCXXXVII,
1971 2195 2079 2234 4-4
2119 2192 2217 2239 τοὺς

230 2263 408 2320 ἔχοντας
431 2265 669 2320 μετεώρους
691 2262 939 2321 οἰκονομίας
971 2263 1013 2306 ἔν
1042 2279 1089 2306 τε
1117 2270 1197 2307 τῶι
1228 2262 1515 2322 ἀγορανομίωι
1543 2264 1618 2306 καὶ
1648 2263 1910 2321 μνημονείωι
1939 2264 2013 2306 καὶ
2039 2263 2216 2323 γραφίῳ.

229 2338 277 2377 In
316 2347 453 2377 nomo
484 2337 715 2378 Arsino'ita
751 2348 887 2378 suum
932 2338 1097 2390 cuique
1134 2338 1238 2379 vico
1270 2341 1475 2394 γραφεῖον
1506 2337 1603 2378 fuit.
1656 2336 1717 2378 Cf.
1747 2335 1919 2390 Fayum
1950 2339 2099 2379 towns
2130 2338 2218 2379 and

229 2410 346 2449 their
383 2410 547 2461 papyri
582 2420 624 2461 p.
648 2411 728 2449 240
773 2421 814 2450 n.
836 2409 1024 2461 XCVIII,
1047 2414 1114 2450 28.
1145 2413 1198 2450 29
1245 2408 1317 2451 διὰ
1349 2401 1577 2464 (Ήρω[ν]ος
1620 2411 1695 2451 τοῦ
1741 2408 1845 2465 πρὸς
1888 2409 1949 2466 τῷ
1981 2407 1986 2463 Ι
2021 2408 2216 2467 [γρ]αφίῳ

229 2477 537 2538 Εὐημερ[εί]ας.
589 2482 654 2521 De
684 2482 825 2522 totius
856 2482 1051 2522 instituti
1082 2484 1243 2523 natura
1270 2483 1420 2535 deque
1450 2482 1711 2523 discrimine
1741 2482 1867 2534 quod
1889 2483 2007 2522 inter
2031 2482 2143 2523 illud
2173 2485 2218 2523 et

230 2549 508 2609 ἀγορανόμιον
537 2552 788 2605 intercedit,
824 2555 1032 2594 accurate
1061 2554 1273 2606 exposuit
1310 2554 1354 2594 L.
1375 2554 1541 2594 Mitteis
1580 2554 1771 2594 Hermae
1797 2553 1923 2594 XXX
1950 2564 1993 2606 p.
2018 2557 2099 2594 596
2117 2564 2215 2606 sqq.

230 2623 311 2663 Hic
341 2622 397 2664 de
428 2623 564 2663 simili
596 2624 793 2664 civitatis
824 2623 1286 2666 Halicarnassensium
1318 2624 1540 2666 tabulario
1583 2625 1685 2678 dici,
1726 2636 1873 2678 neque
1912 2636 2024 2666 vero
2064 2626 2214 2678 ipsum

229 2695 411 2735 nomine
441 2692 616 2752 γραφίον
648 2695 850 2748 indicari,
883 2696 962 2737 sed
988 2697 1180 2748 vectigal
1211 2697 1338 2748 quod
1369 2708 1452 2748 pro
1483 2708 1758 2749 unaquaque
1785 2698 2078 2749 inscriptione
2109 2708 2217 2750 pen-

231 2766 430 2807 dendum
448 2768 557 2819 erat,
575 2768 774 2819 apparet.
885 2770 938 2806 42
969 2767 1157 2820 Negotia
1178 2770 1224 2808 et
1238 2769 1371 2820 pacta
1387 2769 1498 2808 iuris
1516 2769 1661 2809 civilis
1679 2769 1998 2820 intelleguntur
2015 2769 2119 2820 (not.
2133 2773 2148 2809 4
2163 2770 2216 2822 4),

231 2849 283 2878 ac
312 2838 509 2879 maxime
539 2838 728 2890 quidem
766 2839 985 2879 emtiones
1015 2839 1316 2880 venditiones.
1377 2839 1533 2892 Neque
1572 2851 1680 2881 vero
1719 2846 1802 2881 τῶν
1843 2839 1962 2881 ὼνῶν
1999 2840 2073 2881 καὶ
2111 2841 2216 2899 προί-

231 2923 336 2950 σεων
370 2910 441 2950 vel
471 2914 554 2950 τῶν
586 2906 857 2965 συμβολαίων
890 2910 1068 2963 dicitur,
1101 2912 1206 2963 quia
1238 2912 1335 2952 iure
1368 2912 1557 2953 iurando
1590 2912 1764 2964 singula
1796 2912 1972 2964 negotia
2004 2912 2060 2953 ab
2090 2924 2217 2966 emp-

230 2982 407 3023 toribus
438 2984 483 3022 et
502 2981 816 3023 venditoribus
847 2982 1245 3035 confirmabantur,
1278 2995 1367 3036 qua
1389 2983 1444 3024 de
1466 2995 1515 3024 re
1546 2984 1690 3025 fusius
1726 2984 1930 3036 disputat
1957 2984 2214 3036 Theophra-

231 3056 330 3095 stus
360 3053 456 3112 περὶ
487 3051 762 3109 συμβολαίων
794 3054 918 3106 apud
948 3055 1190 3096 Stobaeum
1223 3056 1368 3096 Floril.
1400 3056 1545 3108 XLIV,
1571 3059 1646 3096 22:
1691 3056 1832 3113 ὥσπερ
1863 3055 1908 3097 ἐν
1938 3060 2028 3103 τοῖς
2058 3052 2214 3098 Αἰνίων

232 3124 419 3180 (νόμοις).
459 3123 682 3167 κελεύουσι
719 3124 812 3182 γάρ,
852 3124 923 3167 ἐὰν
968 3124 1045 3180 μὲν
1083 3141 1146 3172 τις
1177 3123 1312 3168 οἰκίαν
1350 3125 1539 3185 πρίηται,
1579 3125 1696 3169 θύειν
1739 3125 1809 3169 ἐπὶ
1847 3129 1922 3169 τοῦ
1952 3122 2213 3175 Ἀπόλλωνος

229 3199 303 3238 τοῦ
333 3190 642 3252 Ἐπικωμαίου,
684 3195 757 3239 ἐὰν
789 3196 835 3238 δέ
865 3196 1037 3256 χωρίον,
1077 3195 1150 3240 ἐπὶ
1178 3202 1256 3254 τῆς
1295 3199 1448 3255 κώμης
1484 3190 1511 3258 ᾖ
1554 3197 1679 3246 αὐτὸς
1719 3198 1843 3253 οἰκεῖ,
1885 3198 1958 3241 καὶ
1995 3198 2212 3254 ὀμνύειν

232 3266 415 3310 ἐναντίον
445 3272 522 3325 τῆς
555 3267 691 3327 ἀρχῆς
723 3267 1091 3327 ἐγγραφούσης
1122 3269 1195 3311 καὶ
1224 3275 1438 3326 κωμητῶν
1469 3275 1611 3326 τριῶν,
1642 3269 1670 3327 ἦ
1695 3269 1779 3327 μὴν
1801 3268 2004 3312 ὠνεῖσθαι
2025 3269 2213 3325 δικαίως,
2296 3316 2299 3318 ,

232 3337 366 3396 μηδὲν
399 3343 792 3399 συγκακουργοῦντα
823 3340 933 3398 μήτε
961 3339 1092 3398 τέχνῃ
1127 3339 1234 3397 μήτε
1268 3341 1443 3398 μηχανῇ
1473 3341 1682 3399 μηδεμιᾷ·
1721 3342 1792 3384 τὸν
1824 3340 1947 3384 αὐτὸν
1981 3340 2027 3383 δὲ
2056 3341 2212 3398 τρόπον

230 3410 303 3451 καὶ
339 3410 410 3451 τὸν
449 3410 675 3454 πωλοῦντα
712 3414 787 3466 (sc.
821 3410 1004 3468 ὀμνύειν)
1043 3410 1203 3455 πωλεῖν
1246 3410 1432 3460 ἀδόλως·
1478 3413 1550 3455 τὸν
1591 3413 1637 3455 δὲ
1677 3413 1738 3470 μὴ
1781 3412 1976 3457 οἰκοῦντα
2015 3412 2057 3455 ἐν
2097 3412 2214 3456 ἄστει

232 3478 348 3523 θύειν
377 3480 451 3523 τὸν
483 3479 607 3539 ὅρκον
641 3482 709 3525 ἐπὶ
738 3488 814 3526 τοῦ
835 3482 931 3532 Διὸς
960 3487 1035 3527 τοῦ
1055 3479 1283 3542 Ἀγοραίου,
1313 3507 1371 3514 -
1399 3483 1500 3526 ἄνευ
1533 3483 1579 3526 δὲ
1608 3484 1770 3528 τούτων
1803 3485 1862 3542 μὴ
1893 3483 2114 3542 ἐγγράφειν
2134 3485 2211 3542 τὴν

233 3552 391 3612 ἀρχήν·
433 3550 524 3609 ἅμα
552 3552 626 3595 καὶ
657 3552 700 3594 ἐν
731 3555 794 3612 τῷ
828 3555 943 3613 ὅρκῳ
975 3554 1266 3613 προσορκίζειν
1297 3554 1442 3612 αὐτήν,
1486 3554 1558 3598 ἐὰν
1592 3557 1652 3613 μὴ
1685 3556 1886 3612 ὀμνύωσι,
1919 3555 2031 3613 μηδὲ
2063 3555 2212 3615 ἐγγρά-

235 3624 327 3682 ψειν
357 3623 434 3681 τὴν
467 3622 593 3679 ὠνήν.
655 3628 853 3669 Dareste.
