2314 3970
47 175 53 205 '¹
139 184 238 237 432]
914 184 1126 225 Gotarzes
1158 185 1351 236 satrapa.
2018 184 2120 235 643

395 372 423 407 c
483 353 821 425 Γωτάρ(ζ)ης4
859 353 1190 426 Γεόποθρος.5
1712 356 1740 404 4

136 529 495 582 magnificentius
518 541 683 571 sonans
716 527 910 585 βασιλεὺς
943 526 1152 584 βασιλέων
1185 529 1361 582 legitur,
1395 530 1546 569 tamen
1569 539 1624 569 ne
1644 528 1766 569 hunc
1787 527 1973 581 quidem
1995 538 2127 568 num-

42 612 52 648 ·,
136 614 263 643 mum
295 603 400 655 post
430 602 644 643 Artabani
675 603 869 643 mortem
902 602 1130 653 signatum
1170 611 1268 641 esse
1306 601 1381 642 illa
1419 598 1658 655 καλύμενος
1687 595 1937 657 Ἀρταβάνου
1977 602 2127 642 osten-

136 675 260 715 dunt.
321 675 385 715 De
434 674 601 727 quibus
641 686 748 715 cum
794 675 925 714 antea
965 675 1010 713 et
1048 673 1104 714 ab
1146 673 1245 714 aliis
1284 674 1328 713 et
1366 673 1423 714 ab
1462 674 1563 725 ipso
1603 674 1852 714 sententiae
1883 674 2035 715 variae
2075 684 2128 714 ac

38 758 44 779 ·
134 747 376 800 pleraeque
398 747 582 799 quidem
616 746 866 787 admodum
889 744 1215 798 improbabiles
1243 745 1359 786 latae
1381 746 1544 798 essent,
1577 756 1797 797 perquam
1820 745 2129 786 verisimiliter

136 819 478 860 Gutschmidius
509 820 680 872 statuit,
720 818 859 859 latere
890 818 935 858 in
972 818 1042 858 his
1083 818 1244 858 litteris
1284 829 1451 859 nomen
1490 818 1739 859 barbarum
1778 818 2009 870 dignitatis
2046 829 2127 871 po-

38 867 59 914 ἰῑ-
134 892 416 944 testatisque,
448 891 575 944 quod
606 890 696 932 fere
726 891 951 932 vicarium
983 890 1101 942 regis
1144 889 1431 941 significaret.
1493 891 1605 931 Sane
1644 891 1766 943 quod
1799 891 1939 932 Cassii
1971 891 2127 931 Dionis

36 979 45 998 >
134 963 236 1004 loco
268 964 355 1017 XL,
381 967 447 1017 42,
471 967 495 1003 2
534 959 769 1018 ταλύμενος
802 958 991 1019 Σιλοίκης
1031 959 1053 1002 ὁ
1084 959 1179 1002 τότε
1211 965 1286 1016 τῆς
1325 962 1469 1020 χώρας
1515 959 1685 1018 ἐκείνης
1718 960 1991 1018 σατραπεύων
2024 974 2127 1003 ean-

54 1025 55 1028 *
135 1035 237 1076 dem
270 1046 432 1077 vocem
463 1029 719 1089 repperisse
761 1035 847 1076 sibi
880 1036 1007 1076 visus
1039 1037 1121 1088 est,
1161 1033 1400 1076 manifesto
1440 1034 1620 1075 fallitur.
1683 1035 1857 1075 Etenim
1890 1035 2129 1076 verissime

134 1108 396 1149 Boissevain
419 1107 619 1160 adnotat,
649 1107 798 1147 Kiddii
820 1107 1184 1148 emendationem
1206 1104 1314 1164 ταχὺ
1339 1105 1416 1161 μὲν
1441 1105 1461 1149 ὁ
1495 1108 1796 1148 necessariam
1820 1118 1920 1148 esse
1940 1109 2129 1160 propter

50 1173 56 1222 ἷ-
135 1180 382 1221 sententiae
404 1190 630 1221 conexum
663 1182 708 1220 et
727 1181 947 1220 enuntiati
970 1181 1260 1232 structuram,
1294 1180 1401 1232 quia
1432 1180 1543 1220 haec
1575 1180 1640 1220 sic
1672 1180 1963 1221 cohaereant:
1996 1178 2126 1237 ταχὺ

48 1247 52 1282 “·
135 1250 227 1308 μὲν
262 1251 283 1294 ὁ
316 1248 506 1308 Σιλοίκης
536 1274 592 1282 -
623 1249 795 1308 ἡττήθη
826 1266 873 1293 τε
905 1251 999 1309 περὶ
1031 1249 1183 1310 Ἰχνίας
1215 1274 1266 1282 -
1294 1250 1369 1293 ’καὶ
1398 1249 1580 1307 τρωθεὶς
1611 1251 1892 1309 ἀπεχώρησεν
1925 1249 2127 1309 αὐτάγγε-

48 1328 51 1346 ·
133 1321 208 1371 λος
239 1329 317 1365 τῶι
347 1322 513 1379 βασιλεῖ
547 1328 623 1380 τῆς
654 1321 943 1382 ἐπιστρατείας
982 1322 1110 1365 αὐτοῦ
1149 1322 1445 1380 γενησόμενος,
1484 1322 1618 1382 ταχὺ
1662 1323 1715 1365 δὲ
1755 1322 1828 1365 καὶ
1866 1321 1887 1364 ὁ
1930 1318 2127 1382 Κράσσος

44 1390 50 1467 ‘3'
132 1395 184 1438 τά
214 1411 259 1437 τε
292 1394 472 1454 φρούρια
499 1395 573 1438 ’καὶ
602 1395 679 1442 τὰς
711 1394 854 1442 πόλεις
884 1419 942 1425 -
972 1395 1329 1453 προσεποιήσατο.
1393 1397 1486 1437 lam
1518 1408 1624 1437 cum
1661 1396 1736 1437 illa
1767 1397 1912 1437 aetate
1942 1396 2130 1438 Ariano-

44 1472 49 1518 J
135 1480 238 1510 rum
269 1480 434 1509 nomen
466 1469 705 1510 etiamtum
745 1469 1011 1510 orientalem
1043 1469 1341 1522 potissimum
1381 1470 1479 1509 eius
1517 1470 1665 1509 terrae
1696 1480 1813 1521 quae
1851 1469 1987 1509 hodie
2019 1454 2130 1510 Ῐνᾶπ

28 1525 49 1613 ’ἶ
135 1541 390 1595 appellatur
428 1542 605 1594 partem
643 1541 978 1595 significaverit,
1022 1542 1261 1582 Gotarzem
1300 1541 1357 1582 ab
1387 1541 1615 1583 Artabano
1657 1541 1971 1594 superioribus
2012 1553 2128 1594 quae

134 1613 401 1655 dicebantur
432 1614 642 1667 satrapiis
672 1614 951 1666 praefectum
984 1625 1083 1656 esse
1115 1616 1160 1655 et
1190 1614 1379 1655 fortasse
1402 1625 1507 1655 cum
1537 1614 1610 1654 ille
1632 1625 1714 1667 per
1735 1614 1993 1655 rebellionis
2015 1615 2128 1654 tem-

26 1679 48 1721 ἰ
133 1698 248 1739 pora
279 1686 337 1727 ad
356 1687 506 1727 Izaten
526 1686 779 1728 Adiabenes
810 1698 962 1739 regem
989 1686 1266 1739 confugisset
1297 1687 1486 1740 (Ioseph.
1510 1686 1608 1727 Ant.
1632 1686 1728 1740 XX,
1754 1687 1820 1738 54)
1854 1687 1978 1727 vices
2009 1686 2128 1737 regis

133 1759 342 1812 gessisse,
383 1759 492 1800 dum
524 1759 562 1800 is
595 1760 639 1799 in
671 1760 867 1812 patriam
899 1759 1208 1812 reduceretur,
1250 1770 1430 1800 summa
1469 1770 1574 1799 cum
1607 1759 1704 1800 veri
1744 1759 1895 1812 specie
1936 1758 2130 1799 coniecit

136 1832 417 1872 Gutschmid.
569 1834 589 1872 4
634 1833 931 1874 ΓΩΤΑΡΣΗΣ
970 1832 1243 1874 Rawlinson.
1306 1832 1391 1872 Sed
1429 1833 1516 1872 hoc
1557 1842 1785 1883 nusquam
1829 1830 1935 1872 alibi
1967 1842 2128 1883 reppe-

134 1905 263 1958 ritur,
302 1915 408 1944 cum
441 1899 668 1961 Γωτάρζης
707 1906 888 1956 praeter
924 1916 1141 1945 nummos
1180 1906 1225 1944 et
1266 1905 1513 1956 scriptores
1555 1904 1692 1944 etiam
1726 1904 1798 1943 hic
1839 1904 1937 1956 ipse
1968 1903 2129 1955 titulus

139 1987 178 2016 v.
212 1978 236 2014 2
277 1974 454 2016 habeat.
517 1974 663 2023 Quare
709 1975 956 2016 admodum
1003 1975 1351 2017 accommodata
1395 1975 1451 2016 ad
1497 1975 1866 2028 persuadendum
1914 1976 1982 2016 est
2024 1975 2131 2015 Gut-

137 2047 348 2088 schmidii
380 2047 547 2100 opinio,
594 2048 639 2088 in
670 2047 819 2100 lapide
856 2049 1083 2089 inversam
1130 2048 1307 2089 litterae
1348 2046 1455 2104 ζῆτα
1493 2048 1686 2089 formam
1729 2051 1769 2089 Ξ
1815 2047 1967 2101 fuisse,
2015 2059 2131 2100 quae

137 2120 295 2161 eadem
319 2121 364 2160 in
387 2131 576 2161 nummo
600 2120 817 2173 Gotarzis,
840 2121 971 2162 cuius
995 2121 1271 2162 mentionem
1295 2120 1378 2161 feci
1401 2122 1491 2162 not.
1513 2124 1550 2173 3,
1575 2122 1848 2161 occurreret.
1999 2124 2022 2161 5
2058 2120 2132 2160 Al-

139 2194 282 2233 teram
314 2194 491 2246 partem
523 2193 768 2245 compositi
798 2204 960 2234 vocem
985 2191 1161 2247 puthra
1192 2192 1339 2244 (filius)
1378 2203 1477 2234 esse
1514 2193 1690 2245 pridem
1723 2194 2015 2245 perspectum
2048 2195 2130 2246 est,

138 2265 292 2317 priore
329 2276 439 2306 vero
476 2265 577 2306 loco
621 2265 861 2318 proprium
909 2276 1076 2306 nomen
1113 2262 1200 2307 Gev
1246 2266 1422 2318 primus
1468 2266 1652 2318 agnovit
1690 2265 1960 2318 Rawlinson,
2007 2265 2131 2318 quod

138 2337 334 2378 recurrit
370 2337 416 2378 in
454 2348 643 2378 nummo
677 2337 877 2378 Gotarzis
910 2338 1017 2389 (not.
1043 2338 1079 2390 3)
1114 2335 1187 2383 ὑὸς
1218 2334 1285 2390 ΓΞ,
1327 2339 1378 2378 ut
1408 2338 1585 2390 primus
1617 2338 1851 2390 perspexit
1883 2338 2130 2379 Olshausen

138 2420 181 2462 p.
205 2412 302 2451 477.
361 2410 425 2450 Ac
456 2411 574 2463 patri
611 2409 794 2462 quidem
829 2411 1033 2451 Gotarzis
1072 2410 1182 2451 illud
1223 2421 1388 2451 nomen
1430 2410 1596 2462 (lingua
1626 2410 1866 2451 Pahlavica
1894 2407 1995 2464 Vev,
2028 2411 2130 2451 Per-

139 2483 231 2524 sica
269 2481 495 2524 inferioris
535 2484 696 2524 aetatis
734 2480 832 2535 Gav)
875 2483 1016 2524 fuisse
1055 2494 1281 2536 nusquam
1319 2483 1483 2535 legitur
1521 2483 1608 2523 nisi
1646 2483 1731 2523 hic.
1793 2482 1849 2522 At
1889 2484 2041 2524 nescio
2075 2495 2129 2524 an

137 2554 275 2596 huius
305 2556 552 2596 memoriae
584 2556 826 2608 vestigium
861 2556 919 2596 sit
957 2556 1001 2596 in
1043 2556 1206 2597 fabulis
1238 2557 1429 2597 Persicis
1469 2555 1590 2608 apud
1628 2555 1885 2596 Firdusium
1926 2556 1971 2595 et
2009 2555 2129 2609 alibi,

138 2627 218 2668 ubi
250 2627 345 2669 Gev
373 2628 627 2681 appellatur
659 2627 973 2669 nobilissimus
1005 2640 1059 2669 ex
1081 2628 1382 2681 quadraginta
1413 2630 1492 2669 aut
1523 2628 1755 2679 octoginta
1777 2627 1981 2668 Gotarzis
2012 2627 2128 2669 filiis.

140 2698 200 2740 Cf.
232 2699 282 2740 A.
304 2711 346 2741 v.
372 2700 641 2741 Gutschmid
670 2700 735 2742 Kl.
767 2700 989 2742 Schriften
1018 2702 1074 2741 111
1107 2712 1149 2754 p.
1174 2704 1271 2743 ⁴49.
1329 2701 1372 2742 F.
1395 2701 1509 2741 Justi
1550 2700 1803 2741 Iranisches
1834 2699 2131 2742 Namenbuch

141 2783 182 2824 p.
209 2775 303 2812 366.
355 2772 515 2825 Utique
545 2773 704 2814 titulus
736 2772 872 2814 docet
895 2785 1046 2814 errare
1069 2774 1327 2827 Iosephum,
1360 2773 1438 2826 qui
1460 2773 1543 2813 XX
1568 2775 1618 2813 73
1653 2772 1890 2813 Gotarzem
1914 2772 2134 2814 Vardanis

139 2842 324 2885 fratrem
367 2845 572 2898 appellet.
634 2845 719 2894 Qui
761 2857 888 2887 error
928 2845 1139 2887 facillime
1180 2847 1242 2887 ita
1283 2845 1548 2899 explicatur,
1588 2846 1640 2885 ut
1680 2855 1786 2885 cum
1819 2845 2136 2886 Gutschmidio

140 2927 378 2958 sumamus
399 2917 692 2972 Artabanum,
725 2930 831 2960 cum
855 2919 1091 2960 Gotarzem
1116 2929 1197 2960 sua
1221 2919 1319 2959 vice
1342 2929 1476 2959 omne
1507 2928 1697 2969 regnum
1721 2917 1974 2970 gubernare
2008 2917 2147 2958 iube-

139 2991 221 3042 ret,
254 2990 391 3031 simul
422 3001 526 3031 eum
559 2990 802 3044 adoptione
835 2993 878 3032 in
911 2993 1079 3044 regiam
1114 2991 1304 3032 domum
1338 2991 1566 3032 ascivisse.

248 3204 382 3259 432.
428 3204 540 3260 433
593 3210 649 3258 In
685 3211 796 3260 loco
822 3207 1344 3260 Nalcsek-i-Rustam
1376 3208 1723 3275 anaglyphum
1757 3210 1871 3275 rupi
1898 3210 2129 3276 incisum,

143 3293 270 3344 duos
316 3296 510 3360 equites
559 3299 965 3362 repraesentans.
1037 3298 1093 3345 In
1137 3297 1430 3362 pectoribus
1479 3310 1727 3361 equorum
1775 3297 1956 3360 singuli
2001 3297 2130 3346 tituli

141 3380 404 3446 bilingueS,
459 3382 709 3448 scriptura
747 3387 797 3433 et
834 3398 1068 3433 sermone
1108 3383 1300 3432 Graeco
1341 3387 1390 3431 et
1428 3381 1667 3431 Parthico
1708 3378 1969 3447 (Palzlavz')
2011 3397 2131 3432 con-

143 3467 288 3532 cepti.
356 3467 479 3517 Edd.
522 3469 720 3519 Flower
758 3470 1134 3536 Philosophical
1160 3469 1517 3519 Transactions
1543 3469 1677 3517 XVII
1713 3484 1762 3534 p.
1790 3467 1891 3518 775
1932 3484 1980 3518 n.
2006 3469 2125 3519 2021.

141 3553 438 3604 Accuratius
478 3554 528 3605 C.
559 3556 787 3605 Niebuhr
823 3557 933 3606 Itin.
975 3557 1124 3605 Arab.
1169 3557 1220 3605 T.
1251 3557 1294 3604 II
1330 3556 1432 3605 tab.
1463 3555 1659 3620 XXVII,
1692 3555 1736 3603 l.
1811 3556 1913 3605 Ker
1950 3557 2131 3606 Porter

144 3639 252 3688 ltin.
308 3639 485 3705 Georg.
539 3642 679 3692 Pers.
735 3646 826 3692 cet.
879 3644 901 3691 I
961 3659 1011 3708 p.
1062 3644 1163 3692 548
1186 3658 1295 3708 sqq.
1362 3642 1418 3707 (J.
1457 3642 1619 3690 Franz
1666 3640 1715 3690 C.
1763 3642 1798 3690 I.
1849 3641 1904 3690 G.
1955 3639 2128 3708 4675).

1701 3738 1783 3781 44*
