2314 3970
0 273 2 328 ἱ
73 231 174 283 257]
514 226 763 269 Antiochus
784 227 882 268 VIII
914 227 1094 280 Grypus
1126 226 1336 278 (425-96
1359 237 1397 267 a.
1421 225 1521 267 Chr.
1543 225 1614 277 n.).
1941 227 2042 277 417

2 442 3 446 ,
69 405 238 461 populo
269 403 522 445 Samiorum
555 402 786 444 dedicatae
823 401 1136 455 subscriptum
1174 401 1314 443 habes
1345 401 1466 454 apud
1496 401 1749 453 Loewyum
1778 399 1948 440 Inschr.
1980 410 2042 451 gr.

1 463 5 564 *¹
68 478 307 519 Bildhauer
336 486 379 528 p.
403 478 485 515 206
517 486 558 516 n.
578 478 652 516 95:
694 471 952 533 Φιλότεχνος
984 468 1197 529 Ἠρώιδου
1230 471 1374 515 ἐποίει.
1427 473 1669 515 Ethnicum
1699 472 1790 515 illie
1820 471 2046 514 omittitur

0 571 6 604 μ
70 550 176 604 quia
205 548 554 590 monumentum
586 548 631 588 in
661 548 761 601 ipsa
790 548 1069 590 Philotechni
1100 547 1247 601 patria
1276 547 1479 589 erectum
1509 548 1590 588 est.

175 806 281 861 257
337 809 528 860 Tabula
564 810 835 860 marmoris
873 809 989 874 albi,
1028 807 1271 873 inscripta
1307 808 1485 857 litteris
1522 810 1696 874 parvis
1721 813 1933 859 venuste
1970 809 2047 858 in-

70 898 200 964 cisiS,
240 897 400 946 fracta
438 911 468 945 a
507 897 723 947 sinistra.
789 897 937 945 quta
975 895 1280 960 scripturam
1317 894 1381 943 ab
1406 898 1624 960 utraque
1649 898 1796 961 parte
1822 897 2047 961 singulae

51 984 218 1035 ‘antae
272 983 563 1050 anaglypho
630 996 919 1049 expressae.
1003 982 1245 1031 Inventus
1298 981 1428 1047 lapis
1490 982 1541 1030 in
1596 984 1786 1048 templo
1838 983 2047 1032 Veneris

67 1070 292 1138 Paphiae
328 1072 381 1119 in
418 1071 530 1120 vico
563 1065 766 1120 Kuklia
802 1068 937 1118 infra
973 1068 1324 1134 pavimentum
1363 1082 1519 1134 opere
1556 1069 1756 1119 musivo
1796 1070 2050 1135 composi-

13 1154 17 1207 !
56 1140 193 1223 tum,
251 1158 525 1207 translatus
580 1157 631 1205 in
695 1170 928 1205 museum
983 1155 1344 1205 Britannicum.
1427 1154 1551 1204 Edd.
1611 1155 1664 1204 E.
1704 1155 1760 1204 A.
1803 1155 2047 1223 Gardner,

69 1245 124 1295 D.
156 1243 212 1294 G.
241 1243 488 1309 Hogarth,
530 1244 591 1292 M.
621 1243 680 1292 R.
707 1243 875 1292 James
911 1242 1123 1292 Journal
1148 1241 1208 1291 of
1227 1241 1350 1291 Hell.
1381 1241 1514 1291 stud.
1542 1242 1609 1290 IX
1648 1239 1823 1310 (4888)
1862 1257 1912 1308 p.
1944 1243 2047 1293 229

15 1313 19 1403 Ι
68 1347 117 1382 n.
149 1331 211 1379 44
261 1329 480 1398 (Initium
526 1329 762 1396 repetivit
809 1330 870 1378 M.
899 1330 953 1378 L.
984 1328 1165 1379 Strack
1209 1329 1299 1378 Die
1337 1329 1580 1394 Dynastie
1625 1329 1716 1379 der
1765 1330 2050 1379 Ptolemaer

67 1433 118 1486 p.
147 1418 250 1469 269
290 1432 337 1466 n.
371 1413 506 1483 448).
569 1416 863 1466 Accuratius
909 1431 974 1466 ex
1019 1419 1201 1482 ectypo
1247 1415 1515 1466 chartaceo
1564 1429 1595 1464 a
1632 1415 1683 1466 C.
1714 1415 1928 1466 Smithio
1967 1430 2052 1465 ac-

69 1508 215 1570 cepto
252 1505 331 1553 W.
361 1504 418 1553 R.
447 1503 609 1553 Paton
660 1502 894 1553 Classical
932 1503 1140 1553 Review
1177 1503 1242 1551 IV
1280 1499 1458 1569 (4890)
1503 1518 1554 1568 p.
1584 1503 1686 1551 283
1737 1499 1844 1569 (Ch.
1872 1502 2051 1552 Michel

68 1591 267 1642 Recueil
293 1586 492 1640 d’inscr.
524 1588 605 1639 Gr.
634 1605 683 1656 p.
717 1590 781 1640 62
822 1604 870 1639 n.
902 1586 1003 1657 49).
1070 1588 1142 1639 Cf.
1172 1603 1302 1656 quae
1329 1588 1719 1655 disputaverunt
1742 1589 1802 1639 U.
1821 1589 2051 1639 Wilcken

69 1678 287 1728 Hermae
311 1677 471 1726 XXIX
504 1692 553 1743 p.
586 1676 687 1725 436
711 1692 820 1743 sqq.
850 1680 900 1726 et
933 1677 1071 1742 apud
1096 1677 1538 1741 Pauly-Wissowa
1564 1676 2053 1742 Realencyklopadie

69 1765 106 1831 1,
128 1765 157 1816 2
185 1780 235 1831 p.
256 1764 412 1816 2482.
463 1763 520 1812 Α.
543 1763 778 1814 Wilhelm
805 1762 1026 1829 Gotting.
1054 1765 1148 1828 gel.
1177 1763 1428 1828 Anzeigen
1459 1764 1596 1813 4898
1623 1764 1718 1813 n.3
1747 1780 1797 1830 p.
1816 1763 1918 1814 242
1938 1779 2047 1829 sqq.

155 1904 500 1975 Ι[Β]ασιλεὺς
558 1902 842 1977 Ἀντίοχος1
908 1904 1106 1976 βασιλεῖ
1164 1903 1487 1975 Πτολεμαίωι
1541 1906 1634 1958 τῶι
1690 1903 1777 1958 καὶ
1826 1904 1831 1976 Ι
1871 1900 2054 1975 [Ἀλ]ε-

214 1990 460 2062 ξάνὸρωι2
502 1994 595 2045 τῶι
640 1993 899 2064 ἀδελφῶι3
942 1991 1164 2063 χαίρειν·
1217 1992 1263 2044 εἰ
1307 1991 1556 2063 ἔρρωσαι,
1595 1990 1675 2062 εἴη
1716 1991 1775 2045 ἂν
1816 1994 1884 2052 ὡς
1923 1991 2054 2064 βου)-

210 2079 468 2149 [λόμε]θα·
521 2076 606 2132 καὶ
659 2078 801 2132 αὐτοὶ
852 2077 908 2132 δὲ
958 2078 1280 2149 ὑγιαίνομεν4
1325 2078 1411 2132 καὶ
1462 2082 1553 2132 σοῦ
1599 2079 2000 2150 ἐμνημονεύομεν
2043 2079 2049 2150 Ι

184 2257 378 2297 Litterae
409 2258 578 2309 ΑΞΠΣ;
619 2266 649 2296 o
688 2256 863 2296 minore
901 2266 1039 2308 quam
1077 2255 1279 2308 reliquae
1317 2254 1505 2296 modulo
1536 2255 1732 2296 exarata.
1913 2258 1928 2294 4
1965 2254 2053 2297 An-

34 2371 36 2373 ,
69 2329 248 2371 tiochus
279 2327 391 2381 VIII,
438 2329 516 2380 qui
557 2327 689 2380 volgo
732 2327 917 2380 Grypus
962 2326 1130 2367 dicitur
1169 2326 1381 2379 (425-96
1411 2338 1449 2367 a.
1481 2326 1580 2368 Chr.
1611 2326 1683 2378 n.).
1751 2326 1813 2369 Cf.
1854 2338 1896 2368 n.
1929 2327 2052 2369 2581.

34 2391 37 2428 ⁸
72 2404 96 2442 2
136 2400 419 2443 Ptolemaeus
438 2400 500 2440 XI
520 2399 771 2441 Alexander
791 2400 823 2440 1.
861 2399 922 2440 Cf.
944 2411 986 2440 n.
1007 2403 1087 2440 475
1099 2398 1131 2440 2.
1178 2400 1219 2440 Is
1242 2410 1323 2452 per
1344 2410 1485 2440 annos
1507 2401 1668 2440 444-4
1683 2403 1734 2441 08
1754 2399 1903 2454 Cypro
1927 2411 2055 2453 prae-

35 2445 39 2536 ιι
71 2472 167 2526 fult,
210 2484 314 2515 cum
352 2472 610 2526 Aegyptum
651 2471 954 2525 gubernarent
990 2473 1136 2513 mater
1175 2472 1272 2513 eius
1315 2471 1550 2525 Cleopatra
1589 2473 1646 2512 III
1688 2474 1733 2514 et
1771 2472 1908 2514 frater
1944 2474 2056 2514 natu

36 2537 41 2584 ¹·
73 2546 220 2588 maior
249 2546 533 2587 Ptolemaeus
553 2545 595 2585 X
626 2546 754 2586 Soter
781 2545 819 2585 II
851 2544 1117 2598 (Lathyrus).
1169 2543 1313 2592 Quem
1345 2544 1506 2586 deinde
1538 2546 1681 2586 mater
1711 2556 1849 2598 regno
1881 2545 2055 2598 expulit

72 2619 118 2660 in
139 2617 342 2672 Cyprum
372 2617 580 2671 insulam,
610 2617 913 2659 Alexandrum
935 2628 1044 2658 vero
1076 2616 1197 2658 illinc
1226 2617 1477 2671 arcessivit,
1508 2618 1560 2658 ut
1591 2628 1748 2659 secum
1778 2618 1823 2659 in
1844 2617 2052 2671 Aegypto

40 2692 290 2750 lregnaret.
343 2690 477 2739 Quod
506 2701 611 2731 cum
643 2701 733 2731 non
763 2691 866 2731 ante
896 2691 1194 2731 auctumnum
1226 2691 1329 2731 anni
1353 2693 1433 2731 408
1457 2702 1494 2731 a.
1518 2689 1619 2732 Chr.
1642 2703 1684 2732 n.
1707 2691 1927 2732 accidisse
1948 2701 2055 2732 con-

75 2764 162 2805 stet
193 2763 258 2816 (cf.
290 2763 345 2804 M.
368 2763 413 2804 L.
436 2762 592 2804 Strack
620 2762 701 2803 Die
721 2762 938 2815 Dynastie
970 2762 1048 2804 der
1069 2762 1322 2804 Ptolemaer
1350 2773 1394 2815 p.
1419 2765 1501 2802 202
1533 2764 1624 2804 not.
1650 2762 1732 2817 35),
1765 2765 1953 2817 apparet
1973 2764 2054 2804 has

75 2834 259 2888 lItteras‚
291 2836 461 2888 quippe
492 2845 608 2888 quae
637 2845 790 2876 mense
811 2834 1015 2887 Augusto
1039 2838 1120 2876 409
1143 2847 1180 2876 a.
1200 2835 1301 2876 Chr.
1326 2846 1366 2876 n.
1401 2835 1596 2888 scriptae
1628 2836 1718 2877 sint
1751 2835 1856 2888 (not.
1880 2838 1946 2876 22.
1971 2835 2053 2888 23),

44 2910 46 2922 ²
77 2907 133 2949 ad
147 2907 452 2949 Ptolemaeum
475 2906 776 2949 Alexandrum
797 2907 947 2961 Cypri,
970 2919 1060 2949 non
1075 2907 1269 2961 Aegypti
1285 2919 1438 2961 regem
1458 2908 1622 2949 missas
1638 2919 1751 2949 esse.
1873 2911 1893 2946 3
1935 2908 2055 2947 Inter

74 2977 345 3021 Antiochum
378 2979 581 3032 Grypum
613 2981 657 3020 et
686 2979 992 3020 Ptolemaeum
1014 2979 1318 3021 Alexandrum
1350 2991 1458 3022 sane
1489 2982 1612 3022 arcta
1643 2980 1873 3032 sanguinis
1901 2988 2054 3020 neces-

78 3050 226 3092 situdo
265 3050 584 3104 intercedebat,
625 3063 728 3092 nam
770 3062 826 3093 ex
866 3051 1043 3093 duabus
1082 3052 1330 3106 sororibus,
1373 3053 1616 3094 Ptolemaei
1646 3052 1705 3092 VI
1735 3050 2053 3092 Philometoris

77 3120 266 3176 filiabus,
306 3135 501 3176 quarum
531 3123 712 3176 utrique
743 3123 976 3177 Cleopatra
1006 3136 1172 3166 nomen
1203 3126 1299 3166 erat
1331 3124 1396 3175 (cf.
1427 3136 1469 3166 n.
1502 3123 1641 3178 2553),
1682 3124 1879 3176 suscepti
1912 3125 2052 3164 erant.

51 3208 52 3212 ¹
77 3191 231 3248 Neque
254 3206 361 3236 vero
393 3193 577 3252 ἀδελφός
606 3195 681 3237 hic
700 3197 849 3237 minus
871 3198 1080 3238 accurate
1108 3208 1192 3250 pro
1214 3194 1384 3251 ἀνεψιός
1414 3197 1628 3249 usurpari
1658 3195 1949 3237 statuendum
1972 3197 2054 3249 est,

51 3308 53 3316 ,
81 3265 159 3307 sed
187 3267 461 3309 vocabulum
482 3267 699 3309 blandum
729 3269 774 3309 et
793 3268 1090 3311 honorificum
1122 3271 1204 3322 est,
1236 3280 1328 3322 quo
1361 3279 1489 3321 reges
1510 3269 1556 3309 in
1577 3268 1786 3321 epistulis
1807 3279 1895 3308 non
1918 3267 2053 3309 modo

81 3346 129 3379 se
157 3338 364 3394 invicem,
404 3340 484 3381 sed
519 3340 655 3380 etiam
687 3340 905 3394 homines,
937 3343 1016 3394 qui
1046 3341 1317 3383 nobilissimi
1357 3341 1403 3381 in
1443 3340 1544 3381 aula
1575 3342 1698 3393 regia
1725 3345 1810 3381 τῶν
1843 3345 2053 3397 συγγενῶν

0 3446 2 3450 ,
56 3409 248 3452 1ordinis
277 3414 381 3453 sunt
412 3412 479 3465 (cf.
512 3423 552 3453 n.
572 3411 708 3466 4388),
741 3413 979 3466 appellant.
1030 3414 1182 3455 Simile
1212 3415 1334 3454 certe
1365 3414 1434 3454 est
1463 3413 1585 3466 quod
1617 3413 1662 3453 in
1692 3412 2054 3454 Ptolemaeorum

59 3491 218 3534 ¹regno
248 3485 398 3537 regina
433 3485 568 3526 etiam
601 3495 716 3537 quae
746 3485 867 3527 nulla
897 3487 1081 3540 originis
1110 3485 1442 3528 necessitudine
1470 3496 1620 3538 regem
1651 3485 1840 3537 attingat
1869 3485 2054 3526 honoris

58 3567 63 3594 ι
85 3563 220 3595 causa
239 3551 403 3612 ἀδελφή
425 3557 678 3610 appellatur
703 3555 770 3608 (of.
793 3569 835 3599 n.
854 3561 904 3599 60
915 3558 960 3611 ³).
1111 3562 1131 3599 4
1172 3557 1491 3611 Imperfectum
1514 3568 1626 3611 esse,
1657 3559 1930 3611 usurpatum
1953 3558 2054 3599 ideo

60 3637 61 3642 ¹
86 3625 189 3676 quia
219 3627 296 3678 qui
316 3627 555 3680 epistulam
586 3627 745 3670 scribit
773 3629 863 3670 iam
895 3630 949 3672 de
979 3631 1054 3672 illo
1078 3633 1284 3684 tempore
1305 3630 1485 3684 cogitat,
1519 3642 1610 3683 quo
1642 3630 1754 3671 alter
1783 3641 1883 3672 eam
1915 3630 2054 3672 lectu-

86 3706 163 3737 rus
193 3698 273 3751 est,
304 3702 491 3753 apparet
521 3712 576 3741 ex
607 3698 954 3758 ἐμνημονεὺομεν
986 3703 1111 3756 quod
1143 3703 1294 3744 statim
1327 3703 1545 3755 sequitur.

170 3779 529 3827 Dittenberger‚
553 3783 720 3819 Orientis
743 3786 808 3820 Gr.
831 3787 943 3820 inser.
990 3788 1023 3822 1.
1656 3791 1706 3829 27

53 3749 58 3775 l
