2314 3970
87 226 154 280 74]
667 225 801 266 Sacra
830 223 961 265 Panis
991 221 1168 264 Euhodi
1199 223 1246 264 in
1276 222 1467 264 deserto.
1954 223 2053 273 125

83 411 249 442 vocare
278 400 488 452 poterant
516 399 723 440 homines
760 400 806 439 et
842 398 949 451 quia
985 398 1110 451 ipsos
1150 397 1444 439 exaudiverat
1478 398 1525 438 et
1561 397 1668 449 quia
1708 405 1756 437 se
1794 396 2057 437 exauditum

82 473 138 514 iri
167 472 418 513 certissime
448 470 746 513 confidebant.

188 684 256 740 73
308 690 365 738 In
419 690 610 755 templo
668 690 804 755 quod
861 693 937 739 est
989 703 1152 755 prope
1206 685 1458 738 Redesfieh
1512 689 1564 738 in
1619 687 1891 739 Thebaide.
1966 687 2055 738 Ed.

79 778 330 827 Letronne
375 777 551 826 Revue
596 776 658 826 de
706 776 976 843 philologie
1013 776 1035 824 I
1090 772 1267 842 (4845)
1313 791 1364 841 p.
1404 775 1505 824 304
1557 772 1609 843 (Ι.
1637 775 1801 825 Franz
1840 774 1891 826 C.
1926 775 1961 824 I.
2000 774 2056 825 G.

82 864 220 913 4838
241 862 299 928 c).
363 863 611 913 Accurate
638 864 940 914 delineatam
965 862 1235 927 imaginem
1260 863 1530 928 proposuit
1554 862 1613 912 R.
1641 863 1853 928 Lepsius
1891 862 2061 912 Denk-

79 951 237 1000 miiler
273 964 366 1000 aus
403 950 666 1017 Aegypten
702 951 808 1000 und
832 949 1133 1015 Aethiopien
1157 949 1248 997 XII
1284 964 1333 1015 p.
1364 949 1420 997 84
1469 964 1518 998 n.
1550 948 1650 997 444
1692 949 1788 1015 (W.
1819 949 2060 999 Schwarz

77 1036 398 1088 Jahrbiicher
435 1036 517 1087 fiir
554 1038 831 1102 Philologie
869 1037 1014 1087 CLIII
1056 1036 1192 1086 4896
1233 1052 1282 1102 p.
1317 1035 1415 1085 464
1457 1050 1505 1085 n.
1536 1033 1637 1100 28).

222 1176 436 1250 Εὖλογεῖ
471 1178 553 1232 τὸν
592 1178 746 1232 θεὸν1
783 1177 791 1251 Ι
834 1178 1150 1247 Πτολεμαῖος
1191 1176 1197 1249 Ι
1239 1177 1503 1232 Διονυσίου
1543 1176 1551 1249 Ι
1587 1173 1844 1238 Ἰουδαῖος.

194 1355 387 1397 Litterae
417 1346 644 1398 ΑᾹΘΘΟ.
763 1356 779 1393 4
830 1353 950 1395 Haec
975 1352 1174 1394 formula
1203 1354 1249 1394 in
1280 1353 1460 1395 duobus
1480 1353 1578 1394 aliis
1609 1354 1752 1394 titulis
1772 1353 2061 1407 Aegyptiacis

80 1428 284 1481 recurrit,
313 1428 533 1469 Letronne
564 1427 665 1468 Rec.
698 1426 736 1467 11
766 1436 809 1479 p.
835 1428 916 1468 10⁵5
949 1438 992 1467 n.
1014 1425 1152 1466 DVIII
1185 1425 1243 1478 (C.
1276 1426 1308 1466 I.
1340 1426 1388 1467 G.
1423 1428 1533 1467 4705
1549 1424 1602 1478 b),
1636 1429 1684 1466 2:
1731 1424 1953 1483 ε[ὐ]λογ[ῶ]
1990 1425 2061 1468 τὸν

79 1497 252 1553 εὔο[ὃο]ν
284 1497 398 1542 θεόν.
450 1499 560 1541 Ibid.
593 1511 635 1540 n.
657 1498 757 1540 DIX
779 1498 836 1551 (C.
861 1499 891 1539 I.
915 1498 962 1539 G.
989 1500 1098 1538 4705
1115 1498 1165 1551 e),
1191 1501 1235 1538 2:
1273 1495 1436 1555 εὐλογῶ
1468 1497 1574 1554 [τ]ὴν
1605 1493 1742 1551 Εἷσιν,
1773 1498 1894 1540 unde
1924 1509 2061 1551 appa-

79 1573 161 1624 ret,
203 1582 303 1613 eam
335 1571 599 1624 neutiquam
631 1571 899 1611 Iudaeorum
944 1571 1178 1623 propriam
1218 1569 1369 1611 fuisse.
1431 1570 1495 1610 De
1535 1570 1797 1622 appellativi
1834 1567 1936 1616 θεός
1964 1581 2064 1611 usu

81 1654 196 1698 quae
217 1644 435 1696 sagaciter
455 1643 732 1696 excogitavit
751 1643 1032 1695 Letronnius,
1064 1641 1254 1683 Iudaeos
1284 1653 1340 1683 ne
1371 1642 1460 1684 sibi
1479 1642 1626 1684 fraudi
1649 1644 1769 1684 esset
1787 1643 1912 1696 quod
1931 1643 2063 1684 Panis

80 1716 249 1774 templo
282 1717 352 1757 sui
383 1715 454 1757 dei
484 1726 648 1757 nomen
679 1715 933 1768 insculpere
955 1715 1054 1756 ausi
1081 1716 1245 1768 essent,
1276 1716 1360 1756 hac
1381 1726 1493 1756 voce
1513 1726 1638 1768 usos,
1670 1727 1809 1767 quam
1837 1716 1916 1768 qui
1947 1716 2062 1767 lege-

80 1789 181 1828 rent
211 1787 265 1828 de
296 1789 412 1830 Pane
442 1789 697 1829 necessario
730 1787 1001 1828 intellecturi
1031 1789 1195 1840 essent,
1234 1788 1321 1841 ipsi
1352 1798 1463 1828 vero
1503 1787 1560 1828 ad
1600 1798 1710 1828 suae
1740 1788 1884 1840 gentis
1925 1788 2063 1828 deum

78 1859 310 1914 referrent,
341 1872 394 1902 ea
423 1861 522 1901 iure
553 1861 837 1902 Schwarzius
869 1860 1037 1913 reiecit,
1069 1871 1122 1901 eo
1153 1860 1447 1913 potissimum
1478 1861 1744 1913 argumento
1776 1871 1902 1914 usus,
1940 1860 2064 1914 quod

81 1943 137 1973 ex
166 1934 262 1974 toto
294 1933 380 1974 hoc
409 1944 571 1986 genere
591 1933 829 1974 titulorum
851 1943 958 1985 pars
980 1932 1117 1973 modo
1141 1933 1187 1973 in
1208 1933 1380 1986 pariete
1403 1933 1573 1986 templi,
1607 1934 1680 1974 alii
1711 1934 1756 1974 in
1778 1944 1892 1986 rupe
1915 1933 2063 1974 vicina

81 2004 294 2058 insculpti
331 2007 494 2058 essent,
535 2005 616 2046 ubi
667 2005 1003 2058 superstitionis
1042 2005 1305 2058 peregrinae
1345 2005 1536 2058 vestigia
1566 2006 1793 2047 neminem
1836 2006 2063 2047 offendere

81 2079 278 2131 possent.
339 2077 532 2119 Gravius
563 2078 675 2119 mihi
705 2077 816 2118 illud
846 2077 1041 2130 videtur,
1074 2077 1198 2130 quod
1230 2078 1415 2118 omnino
1448 2079 1635 2131 proprio
1668 2078 1739 2119 dei
1770 2079 1952 2119 nomine
1983 2078 2061 2119 ab·

83 2149 248 2190 stinere
280 2149 484 2191 solebant
513 2150 679 2191 Iudaei.
740 2149 801 2190 Cf.
834 2162 876 2191 n.
901 2148 995 2191 965.

189 2363 259 2418 74
309 2368 365 2417 In
418 2369 609 2435 templo
665 2368 804 2434 quod
859 2373 936 2418 est
990 2383 1155 2436 prope
1210 2366 1465 2419 Bedesieh
1519 2370 1569 2418 in
1621 2369 1891 2419 Thebaide.
1970 2371 2058 2420 Ed.

0 2503 1 2531 ᾖ
82 2455 332 2504 Letronne
384 2455 557 2505 Revue
603 2455 664 2505 de
707 2455 976 2521 philologie
1014 2456 1035 2504 I
1083 2453 1258 2523 (4845)
1298 2471 1347 2522 p.
1386 2456 1486 2504 304
1542 2457 1591 2521 (Ι.
1629 2457 1791 2505 Franz
1837 2455 1887 2506 C.
1928 2457 1963 2506 I.
2004 2457 2060 2507 G.

85 2541 219 2590 4838
241 2539 299 2609 o).
375 2542 622 2592 Accurate
659 2542 961 2592 delineatam
998 2543 1270 2608 imaginem
1309 2541 1515 2592 exhibet
1552 2543 1610 2592 R.
1643 2544 1856 2610 Lepsius
1894 2543 2064 2593 Denk-

82 2629 240 2678 miiler
278 2643 369 2678 aus
406 2629 668 2695 Aegypten
698 2629 803 2678 und
828 2629 1129 2696 Aethiopien
1153 2630 1243 2678 XII
1278 2645 1332 2695 p.
1366 2630 1422 2678 84
1471 2644 1520 2678 n.
1553 2629 1654 2679 436
1695 2627 1791 2698 (W.
1822 2630 2062 2681 Schwarz

0 2713 7 2799 ’Ξ
81 2714 399 2765 Jahrbiicher
436 2715 519 2765 fiir
556 2715 832 2781 Philologie
871 2716 1016 2766 CLIII
1058 2717 1193 2767 4896
1233 2733 1284 2783 p.
1316 2714 1417 2765 457
1456 2731 1505 2766 n.
1538 2715 1637 2783 40).

227 2855 355 2910 Θεοῦ
412 2857 669 2928 εὖλογίαῙ·
722 2856 729 2929 Ι
786 2857 1065 2918 Θεόδοτοςῖ
1114 2858 1377 2930 Δωρίωνος
1429 2858 1435 2929 Ι
1482 2855 1726 2918 Ἰουδαῖος
1775 2859 1956 2930 σωθεὶς
2006 2862 2063 2913 ἐκ

223 2941 572 3014 πε)λ(άγ)ους3.

86 3057 169 3064 ξ,-
174 3060 194 3063 „⁴
199 3060 335 3065 ———.

16 3169 17 3177 ἵ
198 3119 392 3160 Litterae
425 3118 736 3161 ΕΘΘΘΠΟω.
903 3123 919 3160 4
967 3120 1092 3162 Idem
1122 3121 1209 3162 hoc
1239 3121 1328 3162 sibi
1359 3121 1475 3163 velle
1506 3122 1631 3175 quod
1662 3118 1831 3177 εὐλογεῖ
1859 3118 1930 3161 τὸν
1963 3117 2061 3161 θεόν

16 3182 19 3248 Ῐ
87 3187 141 3241 (n.
164 3189 258 3241 731)
290 3191 336 3231 in
366 3190 607 3243 propatulo
639 3192 720 3243 est,
753 3202 894 3244 quare
925 3194 1076 3245 aptius
1106 3193 1319 3234 Franzius
1351 3195 1396 3234 et
1416 3194 1698 3234 Schwarzius
1728 3192 2062 3233 nominativum

18 3254 21 3318 ξ
87 3263 367 3312 agnoverunt
408 3273 546 3314 quam
587 3262 854 3304 Letronnius
892 3264 1100 3305 dativum
1141 3263 1324 3321 εὐλογίᾳ.
1398 3265 1657 3317 Abruptum
1699 3264 1875 3305 dicendi
1921 3275 2062 3316 genus

20 3322 22 3333 ’
86 3331 195 3373 nihil
223 3333 360 3374 habet
381 3333 655 3375 offensionis.
801 3338 824 3375 2
864 3336 1013 3377 Primo
1045 3338 1372 3379 ΘΘΥΔΟΤΟΟ
1404 3338 1599 3377 incisum
1621 3347 1733 3388 esse,
1764 3336 1924 3377 deinde
1946 3337 2064 3378 inter

87 3403 116 3444 Υ
146 3405 190 3444 et
220 3407 255 3446 Δ
286 3417 312 3446 a
342 3406 575 3458 superiore
605 3407 734 3458 parte
764 3409 804 3448 0
837 3407 1053 3461 additum,
1093 3409 1242 3462 Lepsii
1280 3409 1539 3449 testimonio
1579 3410 1769 3449 constat.
1832 3409 1918 3450 Sed
1959 3410 2063 3450 inde

25 3489 30 3536 3
86 3476 348 3528 neutiquam
381 3473 631 3530 Θευόὸοτος,
669 3482 928 3521 monstrum
966 3481 1176 3534 nominis,
1215 3482 1301 3533 legi
1337 3480 1537 3521 voluisse
1575 3480 1815 3533 lapicidam
1854 3482 2063 3534 colligen-

26 3537 30 3585 ἰ
89 3544 196 3586 dum
226 3550 294 3589 est
324 3560 429 3589 cum
461 3549 728 3591 Schwarzio.
789 3552 933 3594 Immo
975 3549 1183 3598 Θεύὸοτος
1216 3554 1260 3593 in
1293 3549 1497 3598 Θεόδοτος
1535 3554 1712 3594 mutare
1752 3555 1940 3595 conatus
1978 3556 2059 3607 est,

30 3679 31 3682 Ἰ
89 3620 177 3669 qua
215 3620 260 3660 in
297 3631 345 3661 re
375 3623 405 3662 Υ
437 3621 584 3662 delere
614 3623 821 3677 neglexit,
858 3626 910 3665 ut
946 3625 1287 3677 perfrequenter
1323 3625 1369 3664 in
1406 3625 1630 3665 eiusmodi
1669 3626 2061 3668 emendationibus

32 3722 33 3727 ,
89 3689 261 3732 accidit.
409 3695 430 3732 3
469 3690 715 3748 ΠΕΙΛΟΥΟ
753 3695 798 3735 in
828 3696 976 3748 lapide
1007 3707 1106 3737 esse
1137 3698 1329 3737 testatur
1358 3696 1558 3749 Lepsius.
1620 3696 1716 3745 Qua
1746 3709 1795 3739 re
1826 3700 2062 3740 conamina
