2314 3970
0 269 1 272 Ἰ
80 211 176 262 276]
681 208 857 250 Attalus
887 209 904 249 1
936 208 1175 261 (244--197
1200 220 1237 250 a.
1261 209 1362 250 Chr.
1383 208 1453 260 n.).
1946 213 2049 263 453

0 378 1 433 J
78 382 178 435 275
219 376 351 452 [Ἀπὸ
407 384 495 450 τῆς
549 378 690 452 παρὰ
745 380 819 451 τὸ]
867 378 1212 454 Ἀφροδίσιον8
1255 380 1379 454 πρὸς
1426 381 1842 454 Ἰὀλιστοαγίους9
1889 381 1896 454 Ι
1944 382 2051 452 [καὶ

219 465 589 538 Τεκτοσά](γ)ας
603 470 646 504 1⁰
682 467 1056 540 Γαλ<λ>άτοις11
1086 468 1174 522 καὶ
1204 466 1452 541 Ἀντίοχον
1470 471 1512 507 12
1550 468 1737 542 μάχης.

8 643 9 653 ἶ
76 568 178 623 276
210 565 326 622 Ἀπὸ
372 572 462 638 τῆς
507 565 620 640 περὶ
665 566 871 639 πηγ[ἀς]
918 567 1114 622 Καΐκου
1160 573 1386 639 ποταμοῦ
1426 568 1433 641 Ι
1474 569 1596 641 πρὸς
1633 569 2051 643 Τ[ολισ]τοαγίους

217 652 452 715 Γαλάτας
492 653 664 727 μάχης
680 659 735 709 ¹3.

8 848 11 923 f
72 861 247 914 Hierax,
277 859 488 902 Antiochi
508 861 546 901 II
576 862 657 903 Dei
687 862 733 902 et
762 860 975 903 Laodices
1005 859 1125 900 filius
1155 860 1265 901 natu
1295 860 1457 914 minor,
1489 871 1690 914 quocum
1721 862 1890 903 bellum
1920 873 2052 916 pros-

10 931 11 934 ’
71 944 178 988 pere
215 933 355 986 gessit
382 932 572 974 Attalus.
633 933 695 975 Cf.
725 945 768 974 n.
791 932 907 986 2741,
946 931 1066 973 unde
1097 933 1286 985 apparet
1315 934 1361 974 et
1394 933 1516 974 hunc
1545 934 1730 975 titulum
1763 937 1808 975 et
1837 935 2052 990 reliquos,

11 1011 13 1069 4
71 1006 150 1060 qui
169 1005 380 1047 Antiochi
410 1006 528 1047 inter
555 1005 690 1047 Attali
722 1006 876 1046 hostes
906 1004 1183 1045 mentionem
1211 1003 1377 1046 faciant
1407 1005 1462 1056 (n.
1487 1008 1584 1059 275,
1607 1009 1647 1047 2.
1686 1009 1783 1060 278,
1807 1010 1845 1048 2.
1878 1011 1975 1062 279,
1998 1007 2051 1062 2),

12 1082 13 1096 ³
70 1080 149 1121 aut
179 1081 261 1119 228
284 1089 323 1119 a.
345 1078 445 1120 Chr.
468 1079 547 1120 aut
577 1078 706 1119 annis
736 1077 944 1131 proxime
970 1076 1285 1130 superioribus
1316 1078 1465 1130 gestas
1489 1088 1564 1119 res
1593 1079 1790 1131 tangere.
1841 1079 2050 1121 Ceterum

70 1151 145 1192 hic
164 1162 256 1192 non
281 1152 333 1192 ut
358 1163 402 1192 n.
425 1154 520 1205 275,
545 1154 583 1192 l.
605 1153 630 1191 2
663 1150 921 1192 Galatarum
941 1148 1078 1191 Attali
1103 1150 1335 1191 sociorum
1361 1151 1642 1192 mentionem
1666 1150 1830 1192 factam
1857 1162 1970 1206 esse,
2000 1153 2054 1193 ut

13 1257 15 1263 2
70 1223 262 1266 Conzius
293 1225 552 1277 sumpserat
573 1234 681 1264 cum
711 1220 826 1281 [πρὸς
858 1218 1053 1268 Γαλάτας
1082 1219 1170 1275 καὶ]
1197 1216 1407 1281 Ἀντίοχον
1438 1223 1714 1277 restitueret,
1751 1224 1886 1277 spatii
1918 1226 2053 1266 ratio-

13 1290 16 1363 {
69 1307 149 1339 nes
179 1296 355 1338 docent.
502 1298 526 1336 7
565 1296 615 1337 Ιιι
645 1295 734 1336 hoc
762 1294 912 1348 lapide
942 1294 1174 1347 aliquanto
1197 1294 1313 1336 infra
1343 1295 1527 1337 titulum
1558 1308 1600 1338 n.
1624 1298 1705 1337 274
1737 1296 1902 1338 litteris
1923 1308 2053 1349 gran-

14 1390 16 1403 <
69 1368 274 1411 dioribus
305 1369 351 1410 et
380 1379 546 1421 magno
588 1367 825 1409 intervallo
855 1367 976 1409 inter
1004 1377 1054 1408 se
1085 1367 1376 1422 distantibus,
1415 1369 1554 1410 etiam
1583 1368 1728 1421 figura
1768 1369 2052 1422 aliquatenus

15 1493 17 1502 <
69 1442 126 1485 ab
163 1441 240 1484 illo
271 1440 649 1495 discrepantibus,
690 1440 917 1494 siquidem
948 1442 989 1482 Ο
1019 1440 1095 1482 hic
1123 1440 1256 1494 plane
1287 1441 1477 1483 eandem
1514 1440 1652 1483 habet
1681 1442 2054 1496 magnitudinem,

16 1549 18 1562 ,
69 1515 211 1557 incisa
250 1515 357 1555 sunt
393 1515 634 1556 ΟΝΟΥΕ.
695 1512 819 1562 Quae
858 1513 968 1566 quin
1007 1512 1192 1554 artificis
1233 1513 1465 1566 signatura
1505 1515 1627 1555 esset
1665 1514 1874 1556 dubitare
1915 1526 2051 1556 nemo

16 1566 17 1586 ¹
69 1587 260 1641 poterat.
325 1587 391 1628 De
429 1587 615 1628 nomine
654 1588 807 1628 tamen
844 1586 1127 1627 restituendo
1168 1585 1464 1627 dubitabatur
1500 1588 1688 1640 propter
1725 1587 1834 1629 Plin.
1864 1586 1917 1629 N.
1948 1588 2053 1629 hist.

16 1657 19 1666 ’
69 1658 267 1713 XXXIV,
291 1661 368 1700 84:
400 1657 557 1713 plures
585 1656 786 1713 wrtiflces
812 1656 953 1712 fecere
969 1655 1118 1701 Attali
1133 1659 1174 1700 et
1191 1655 1416 1701 Emnenis
1444 1657 1660 1701 adversus
1686 1656 1838 1702 Gallos
1860 1657 2052 1714 proelia,

18 1722 19 1757 ἶ
67 1728 124 1774 Is
133 1728 157 1773 i
159 1743 361 1786 yonns,
397 1728 724 1787 Pyromachus,
756 1727 1057 1784 Stratonicus,
1098 1727 1244 1772 Anti
1246 1743 1278 1785 9
1289 1742 1430 1773 onus
1467 1728 1551 1785 qui
1576 1728 1814 1774 volumina
1851 1729 2055 1774 condidit

18 1787 20 1808 ³
71 1801 124 1846 de
150 1815 238 1846 sua
273 1805 382 1846 arte.
440 1803 498 1845 At
533 1805 722 1857 propter
758 1815 802 1844 n.
824 1806 921 1856 280,
946 1807 969 1844 6
1011 1803 1271 1844 Frankelius
1302 1803 1401 1844 iure
1441 1803 1602 1845 maluit
1632 1799 1891 1861 [Ἐπιγ]όνου
1923 1801 2054 1860 ἔ[ργα]

71 1876 284 1930 supplere
314 1888 452 1930 quam
491 1872 716 1933 [Ἰσι]γόνου
757 1877 836 1917 aut
873 1869 1145 1932 [Ἀντι]γόνου.
1205 1874 1321 1917 Nam
1367 1876 1442 1916 ille
1486 1876 1647 1917 titulus
1690 1876 1851 1929 utique
1895 1877 2053 1930 paucis

71 1949 200 1991 annis
230 1948 367 1990 modo
398 1948 456 1991 ab
487 1949 574 1990 hoc
604 1949 754 2002 distat,
796 1959 902 1990 cum
933 1947 1128 1989 artifices
1164 1959 1191 1989 a
1219 1948 1360 1990 Plinio
1392 1949 1741 1990 commemorati
1777 1949 1945 2002 partim
1978 1949 2057 1990 ali-

20 2076 23 2083 .
71 2022 240 2075 quanto
271 2022 564 2074 antiquiores,
602 2021 769 2074 partim
807 2020 1010 2074 (propter
1038 2020 1253 2061 Eumenis
1290 2020 1411 2072 regis
1451 2020 1744 2074 mentionem)
1785 2021 1941 2062 multis
1980 2021 2056 2062 de-

21 2086 23 2135 }
69 2094 240 2136 cenniis
261 2094 538 2136 recentiores
559 2104 659 2135 esse
678 2093 858 2147 possint
877 2093 1014 2134 huius
1037 2093 1323 2134 monumenti
1352 2093 1539 2145 origine.
1688 2096 1712 2134 8
1753 2093 1867 2141 Quia
1889 2104 2055 2135 nomen

22 2198 24 2228 3
69 2166 247 2209 delubri
277 2167 562 2208 accuratiore
591 2167 707 2208 situs
739 2165 998 2207 definitione
1021 2167 1157 2219 caret,
1190 2165 1336 2207 Conze
1356 2167 1402 2206 et
1422 2165 1608 2207 Frankel
1641 2167 1763 2207 recte
1791 2165 1847 2207 de
1867 2166 2054 2207 Veneris

22 2233 25 2294 'i
69 2240 242 2292 templo
274 2240 401 2281 iuxta
430 2240 701 2292 Pergamum
739 2239 826 2280 sito
855 2239 1230 2292 interpretantur,
1272 2237 1327 2279 de
1357 2249 1452 2291 quo
1484 2237 1538 2279 cf.
1570 2238 1663 2279 Liv.
1695 2238 1875 2292 XXXII,
1906 2242 1974 2292 33,
2009 2243 2053 2280 5:

72 2308 404 2366 Nicephorium
437 2308 710 2366 Venerisque
745 2308 973 2366 templum,
1022 2323 1136 2365 quae
1173 2307 1409 2365 spoliasset
1445 2311 1764 2365 evastassetque
1805 2311 2054 2364 (Philippus

23 2382 27 2421 l
69 2383 289 2425 Demetrii
326 2383 353 2425 f.
384 2383 682 2426 Macedonum
721 2383 829 2436 rex),
863 2395 952 2437 pro
988 2379 1271 2436 incorruptis
1306 2379 1498 2424 restitui.
1707 2383 1729 2421 9
1769 2381 1831 2423 Cf.
1863 2393 1904 2422 n.
1929 2385 2010 2422 269
2022 2381 2053 2422 2.

24 2442 27 2479 ῗ
74 2459 123 2498 lo
163 2456 402 2510 Supplevit
430 2458 475 2498 et
504 2456 764 2498 emendavit
792 2455 983 2497 Boeckh.
1023 2454 1287 2508 Peyssoneli
1318 2454 1648 2509 apographum,
1688 2465 1780 2507 quo
1821 2466 1913 2495 uno
1944 2455 2056 2496 haec

26 2527 28 2547 ²
70 2529 189 2571 tituli
219 2540 326 2582 pars
347 2529 620 2582 continetur,
651 2530 766 2571 ΤΑΣ
800 2528 951 2569 habet.
1088 2530 1133 2568 Η
1177 2528 1482 2569 ΓΑΛΛΑΤΑΣ
1513 2527 1709 2568 traditur
1731 2526 1800 2579 (ne
1822 2527 1935 2568 haec
1955 2527 2056 2579 qui-

26 2599 29 2623 ¹
71 2600 175 2643 dem
206 2613 297 2643 vox
326 2600 462 2642 hodie
491 2599 650 2653 exstat)
682 2601 835 2642 nescio
866 2611 923 2641 an
952 2599 1230 2653 Peyssonelii
1269 2600 1421 2653 potius
1453 2611 1591 2652 quam
1629 2599 1850 2652 lapicidae
1888 2610 2054 2641 errore.

27 2671 29 2690 ²
65 2677 125 2716 42
167 2673 229 2716 Cf.
260 2675 353 2715 not.
377 2677 416 2715 6.
563 2676 616 2714 43
655 2673 790 2715 Plane
820 2673 1027 2726 geminus
1059 2673 1129 2714 est
1157 2672 1232 2713 hic
1252 2673 1414 2714 titulus
1445 2672 1544 2713 eius
1575 2683 1713 2724 quem
1745 2683 1885 2725 supra
1914 2672 2055 2713 habes

28 2768 30 2784 ι
68 2757 113 2789 n.
135 2749 231 2788 269.
291 2745 415 2794 Quae
445 2756 531 2800 res,
571 2756 678 2787 cum
717 2745 847 2787 illum
877 2745 1063 2799 quidem
1101 2744 1158 2786 ad
1188 2744 1389 2786 nobilem
1419 2744 1662 2786 victoriam
1694 2744 1922 2798 Gallicam,
1964 2756 2056 2797 qua

63 2829 258 2871 regnum
288 2819 457 2860 meruit
483 2818 675 2871 Attalus,
712 2819 919 2871 spectare
955 2828 1113 2860 omnes
1145 2818 1443 2871 consentiant,
1489 2828 1699 2870 magnam
1746 2816 2056 2858 difficultatem

30 2903 32 2907 ·
70 2892 194 2933 creat
222 2892 301 2944 eis,
332 2892 411 2944 qui
441 2891 529 2932 hoc
558 2892 910 2932 monumentum
940 2890 999 2932 ad
1018 2901 1163 2931 unum
1183 2888 1394 2931 Antiochi
1415 2889 1616 2930 Hieracis
1647 2888 1818 2929 bellum
1839 2888 2055 2929 referunt.

31 2964 33 3001 i
68 2961 184 3006 Nam
235 2963 574 3017 simplicissima
623 2962 808 3016 quidem
860 2973 934 3004 res
987 2964 1120 3016 esset,
1171 2962 1210 3003 si
1262 2963 1385 3003 recte
1439 2960 1733 3014 Niebuhrius,
1787 2960 2056 3014 Koehlerus,

32 3036 35 3073 ³
70 3035 306 3078 Reischius
335 3047 482 3090 neque
511 3035 634 3076 illam
666 3036 813 3089 ipsam
851 3036 955 3077 ante
985 3036 1215 3077 certamen
1246 3045 1353 3075 cum
1382 3033 1607 3075 Antiocho
1639 3034 1818 3087 partam
1848 3043 1948 3074 esse
1979 3043 2055 3073 ne-

73 3118 161 3162 que
191 3109 376 3150 omnino
405 3119 610 3161 unquam
639 3107 840 3149 Attalum
871 3119 976 3149 cum
999 3108 1135 3149 Gallis
1166 3107 1266 3149 aliis
1298 3108 1434 3159 atque
1454 3106 1664 3147 Antiochi
1696 3106 1832 3147 sociis
1862 3104 2055 3146 bellasse

34 3198 37 3211 ι
73 3179 334 3222 statuerent.
393 3180 451 3221 At
479 3180 526 3222 id
567 3191 660 3221 non
689 3180 753 3222 ita
781 3181 864 3222 est.
924 3179 986 3221 Cf.
1018 3191 1061 3221 n.
1084 3178 1207 3221 2693.
1269 3178 1417 3227 Quare
1459 3177 1718 3219 Frankelius
1756 3176 1943 3229 quidem
1982 3175 2054 3217 bis

36 3263 37 3292 1
72 3252 232 3295 eodem
260 3254 360 3295 loco
392 3253 582 3295 eandem
612 3252 991 3306 Tolistoagiorum
1022 3254 1201 3305 gentem
1239 3251 1296 3293 ab
1327 3250 1478 3292 Attalo
1518 3250 1718 3302 fugatam
1751 3259 1851 3290 esse
1882 3249 2053 3302 statuit,

36 3337 38 3370 ;
70 3325 271 3378 primum
301 3326 358 3380 (ιι.
380 3325 477 3378 269)
510 3337 616 3367 οιιιιι
646 3325 732 3367 soli
762 3325 982 3367 adversus
1012 3337 1119 3366 eum
1150 3325 1382 3377 bellarent,
1413 3324 1580 3364 iterum
1614 3323 1670 3374 (n.
1694 3321 1792 3373 276)
1825 3332 1932 3362 cum
1961 3321 2054 3363 An-

73 3397 276 3440 tiochum
307 3399 586 3441 adiuvarent.
637 3397 694 3439 At
723 3397 770 3439 id
798 3399 897 3440 iure
927 3398 1182 3451 meritoque
1213 3397 1259 3437 in
1291 3407 1470 3437 summa
1495 3395 1735 3436 titulorum
1758 3393 2054 3435 similitudine

39 3496 41 3507 .
74 3471 275 3512 omnium
306 3472 504 3513 maxime
534 3469 839 3524 improbabile
869 3470 1086 3512 iudicavit
1117 3469 1318 3522 Gaebler‚
1358 3467 1577 3521 quicquid
1620 3468 1777 3508 contra
1816 3477 1923 3507 eum
1964 3467 2055 3508 dis-

39 3554 43 3582 ι
74 3544 204 3595 putat
231 3544 415 3586 Frankel
445 3542 599 3595 (Phil).
650 3542 794 3584 Aliam
823 3543 947 3585 viam
977 3542 1230 3596 ingreditur
1255 3541 1512 3582 Thraemer.
1564 3538 1652 3588 Qui
1683 3550 1789 3581 cum
1820 3539 2051 3593 concedat,

40 3626 43 3646 ¹
73 3615 234 3668 lapidis
262 3616 406 3669 figura
435 3617 481 3657 et
510 3615 832 3669 magnItudIne,
870 3615 1024 3657 verbis
1061 3616 1408 3666 litterarumque
1449 3612 1608 3654 formis
1639 3612 1922 3653 simillimum
1954 3623 2054 3653 esse

43 3682 255 3728 -titulum
294 3699 337 3729 n.
370 3690 453 3728 276
502 3687 779 3740 reliquarum
824 3687 960 3728 huius
1006 3686 1129 3728 basis
1167 3686 1381 3739 partium,
1427 3686 1578 3727 tamen
1623 3683 1719 3725 fieri
1765 3694 1900 3737 posse
1946 3684 2055 3725 dicit
