2314 3970
103 167 199 218 248]
500 164 748 205 Antiochus
780 164 836 204 IV
868 164 1124 217 Epiphanes
1157 163 1396 215 (475-464
1421 175 1458 203 a.
1482 161 1583 204 Chr.
1605 161 1676 214 n.).
1974 161 2077 214 407

161 352 211 392 10
242 366 539 377 ---------
587 334 999 406 με]ταλλάξαντος
1059 335 1340 388 Σελεόκου7
1394 332 1497 403 [καὶ
1557 333 1563 405 Ι
1621 338 1709 404 τῆς
1767 333 2081 405 συμφορΙᾶς8

243 422 634 494 παρακαλούσης
686 425 991 494 θεωροῦντες
1040 421 1048 494 Ι
1099 422 1308 493 [λαβὴν9
1352 420 1456 492 τ]ὸγ
1504 419 1690 493 καιρὸμ
1737 422 2080 492 παραδιδόντα

239 509 360 581 πρὸς
407 508 460 562 τὸ
507 509 877 580 καταΙ[θε’σ]θαι
913 508 1070 581 χάριγ
1107 507 1193 561 καὶ
1233 508 1543 579 εὐεργεσίαν,
1590 505 1759 561 πάντα
1795 505 2029 579 πάρεργα
2070 506 2076 577 Ι

161 611 210 651 15
243 597 439 666 [τΙᾶλλα
485 595 818 666 ποιησάμενοι
861 594 945 649 καὶ
994 593 1201 654 ἑαυτοὺς
1238 595 1525 666 ἐπέχρησαν
1542 597 1584 631 10
1620 593 1706 647 καὶ
1741 593 1757 666 ΙΙ
1796 595 1946 666 μέχρι
1982 597 2078 646 τῶν

240 684 387 755 ὁρίων
444 689 532 753 τῆς
591 684 719 744 ἰδίας
776 682 1034 755 βασιλείας
1091 679 1534 752 συμπροΙελθόντες
1583 680 1670 734 καὶ
1713 683 1945 753 χρήμασι
1990 702 2080 752 χο-

241 772 545 842 ρηγήσαντες
561 774 603 807 11
627 769 712 823 καὶ
741 769 746 841 Ι
778 768 1014 840 δυνάμεις
1039 767 1513 840 παρασκευάσαντες
1539 767 1624 822 καὶ
1650 771 1741 821 τῶι
1767 770 2042 839 διαδήματι
2071 766 2077 839 Ι

241 853 368 927 μετὰ
419 862 508 928 τῆς
565 856 723 928 ἄλλης
779 860 1094 927 κατασκευῆς
1152 857 1494 925 κοσμήσαντες
1546 855 1551 925 Ι
1603 856 1672 915 ὡς
1721 855 1944 925 καθῆκεν
1994 853 2080 908 καὶ

157 959 209 998 20
243 946 642 1017 βουθυτήσαντες
687 943 772 997 καὶ
817 944 1004 1004 πίστεις
1049 943 1064 1013 ΙΙ
1108 941 1442 1013 ποιησάμενοι
1487 941 1611 1012 πρὸς
1661 942 1912 1011 ἀλλήλους
1953 938 2078 1012 μετὰ

238 1030 406 1102 πάσης
452 1033 647 1092 εὐνοίας
690 1031 694 1102 Ι
736 1030 820 1084 καὶ
867 1025 1217 1102 φιλοστοργίας
1258 1030 1528 1098 ἀξιολόγως
1567 1029 1971 1099 συγκατέστησαν
2000 1028 2080 1081 ἐπὶ

238 1119 373 1190 τὴΙμ]
426 1118 431 1190 Ι
483 1119 738 1189 πατρώιαν
798 1118 960 1189 ἀρχὴν
1010 1115 1105 1187 τὸμ
1162 1117 1374 1188 βασιλέα
1430 1112 1683 1187 Ἀντίοχον
1700 1117 1756 1167 12.
1826 1118 1960 1175 ὅπως
2019 1115 2078 1168 ἂν

240 1206 362 1276 οὖ[ν]
403 1205 408 1276 Ι
451 1208 476 1258 ὁ
517 1208 674 1276 δῆμος
712 1207 769 1276 ἐγ
809 1203 1019 1276 χάριτος
1060 1205 1300 1256 ἀποδόσει
1339 1202 1582 1275 φαίνηται
1618 1202 1925 1274 πρωτεόω[ν]
1963 1200 2082 1272 Ικαὶ

154 1308 207 1348 25
236 1292 349 1353 τοὺς
406 1292 582 1346 ἑαυτὸν
637 1291 723 1344 καὶ
778 1290 891 1351 τοὺς
947 1292 1122 1359 φίλους
1171 1290 1586 1361 εὖεργετοῦντα[ς]
1631 1289 1647 1361 ΙΙ
1695 1290 2080 1360 ἀπαρακλήτους

239 1378 455 1452 φανερὸς
494 1378 544 1432 εἷ
578 1381 732 1449 τιμῶν
770 1377 858 1431 καὶ
896 1376 959 1431 τὰ
999 1374 1134 1430 καλὰ
1174 1377 1306 1446 τῶ[ν]
1337 1375 1343 1449 Ι
1372 1376 1532 1447 ἔργων
1572 1378 1643 1436 εἰς
1685 1374 1856 1446 ἀίδιομ
1883 1378 2080 1446 μνήμην

238 1466 439 1538 ἀνάγων
488 1465 575 1520 καὶ
619 1469 703 1519 νῦν
754 1463 1024 1536 καθάπεΙρ]
1078 1465 1082 1535 Ι
1130 1463 1216 1517 καὶ
1263 1465 1528 1535 πρότερον,
1570 1463 1753 1535 ἀγαθεῖ
1790 1463 1958 1534 τύχηι,
2002 1465 2082 1515 δε-

240 1556 429 1627 δόχθαι
465 1554 539 1607 τεῖ
581 1553 766 1625 βουλεῖ,
809 1553 814 1624 Ι
856 1551 970 1612 τοὺς
999 1553 1245 1624 λαχόντας
1273 1551 1546 1623 προέδρους
1561 1553 1603 1587 13
1629 1552 1698 1611 εἰς
1725 1550 1813 1621 τὴν
1842 1553 2079 1604 ἐπιοῦσαν

210 1764 233 1801 7
265 1761 478 1801 Seleucus
508 1759 565 1799 IV
606 1759 868 1811 Philopator
913 1770 1028 1799 anno
1072 1761 1151 1798 475
1185 1769 1221 1798 a.
1255 1756 1355 1797 Chr.
1400 1756 1579 1798 occisus
1625 1757 1693 1796 est
1738 1755 1794 1797 ab
1840 1754 2081 1795 Heliodoro

93 1835 147 1886 (n.
173 1832 311 1885 2471).
364 1832 515 1873 Paullo
548 1833 656 1884 post
677 1832 764 1872 hoc
784 1830 1076 1884 plebiscitum
1100 1831 1310 1882 rogatum
1341 1830 1422 1869 est.
1573 1832 1595 1868 8
1639 1827 1877 1880 Supplevit
1896 1826 2081 1867 Frankel

92 1916 296 1958 monens,
329 1905 382 1946 de
413 1904 596 1945 homine
627 1903 812 1956 quidem
834 1903 913 1955 qui
944 1902 1044 1943 illos
1076 1902 1242 1943 auxilio
1266 1902 1476 1942 vocasset
1505 1900 1580 1941 hic
1612 1900 1785 1940 dictum
1816 1911 1907 1940 non
1929 1898 2082 1952 fuisse,

89 1977 458 2032 quandoquidem
480 1989 522 2018 v.
542 1979 610 2018 24.
633 1979 686 2017 25
714 1976 769 2017 de
792 1975 992 2016 Eumene
1017 1974 1326 2026 fratribusque
1350 1973 1692 2026 praedicaretur
1715 1971 1815 2018 τοὺς
1838 1969 1987 2013 ἑαυτὸν
2009 1970 2084 2012 καὶ

88 2049 186 2098 τοὺς
233 2047 381 2107 φίλους
425 2047 773 2106 εὐεργετοῦντα[ς]
820 2044 1258 2104 ἀπαρακλήτους.
1428 2050 1451 2086 9
1492 2046 1563 2086 Sic
1608 2045 1763 2086 Kaibel
1810 2045 1836 2085 l.
1874 2045 1901 2086 l.
1948 2043 2081 2100 πόρον

90 2123 287 2165 Frankel.
347 2122 431 2171 Qui
463 2124 585 2163 recte
623 2123 902 2163 structuram
933 2119 1063 2179 πόρος
1095 2118 1199 2176 πρός
1229 2134 1268 2160 τι
1299 2119 1498 2160 defendit
1528 2119 1736 2171 exemplo
1768 2118 2083 2171 Xenophontis

95 2195 306 2249 Anab.II,
330 2198 367 2248 5,
393 2198 460 2236 20.
523 2195 604 2236 Sed
647 2195 746 2248 ipsa
783 2194 982 2235 nominis
1022 2194 1159 2246 notio,
1201 2192 1328 2246 quod
1370 2203 1461 2233 non
1502 2203 1674 2232 meram
1714 2191 1968 2232 occasionis
2010 2191 2083 2231 vel

99 2268 421 2322 oportunitatis
461 2268 554 2309 vim
601 2266 751 2320 habet,
799 2267 879 2308 sed
916 2277 1097 2319 semper
1142 2265 1292 2317 (etiam
1330 2265 1407 2305 illo
1447 2264 1762 2317 Xenophontis
1807 2262 1925 2314 loco)
1972 2274 2083 2316 opes

97 2340 317 2394 quasdam
348 2342 393 2380 et
422 2340 682 2381 adiumenta
723 2339 892 2392 quibus
931 2339 997 2379 uti
1034 2348 1285 2391 possumus
1327 2336 1561 2390 significat,
1602 2337 1713 2377 mihi
1750 2337 1858 2377 huic
1897 2336 2083 2388 quidem

18 2437 19 2444 κ
96 2414 196 2454 loco
217 2413 368 2454 minus
390 2414 495 2465 apta
516 2412 710 2454 videtur.
859 2415 909 2452 40
952 2411 996 2452 C.
1019 2412 1050 2452 Ι.
1074 2411 1120 2452 G.
1146 2413 1271 2463 3284,
1294 2412 1338 2450 44
1381 2407 1403 2450 ὁ
1435 2407 1670 2468 ἐπιχρήσας
1702 2407 1850 2451 ἑαυτὸν
1883 2406 1925 2455 ἐς
1947 2397 2084 2450 ἀπαλ-

95 2483 318 2542 λοτρίωσιν
351 2484 526 2526 confert
555 2485 755 2526 Frankel.
905 2487 948 2524 44
988 2483 1190 2524 Verbum
1219 2484 1421 2541 χορηγεῖν
1454 2483 1499 2523 et
1528 2492 1695 2523 nomen
1724 2478 1908 2539 χορηγία
1938 2482 2084 2523 trans·
2115 2498 2118 2501 ·

97 2559 186 2600 lata
216 2558 274 2599 ad
304 2557 499 2611 quodvis
531 2559 743 2610 sumptus
775 2558 819 2598 et
850 2556 1183 2598 munificentiae
1213 2565 1356 2608 genus
1397 2556 1544 2597 aetate
1574 2554 1784 2596 inferiore
1814 2554 2086 2607 frequentis-

97 2633 211 2673 sima
249 2632 367 2684 sunt,
406 2631 542 2672 etiam
581 2630 761 2672 dativus
801 2629 1158 2672 instrumentalis
1197 2629 1303 2670 huic
1332 2627 1475 2670 verbo
1514 2627 1756 2670 adiunctus
1794 2637 2082 2680 nequaquam

16 2722 19 2738 ε
97 2714 238 2745 rarus.
290 2702 445 2756 Polyb.
468 2702 519 2756 V,
544 2705 610 2757 42,
635 2707 657 2743 7
691 2699 754 2744 ὅτι
784 2699 1053 2757 Πτολεμαῖος
1085 2698 1211 2743 αὐτὸν
1244 2698 1486 2759 παρακαλεῖ
1516 2698 1777 2758 πραγμάτων
1809 2698 2082 2756 ἀντιποιήσα-

97 2773 196 2818 σθαι
239 2773 311 2816 καί
356 2788 459 2832 φησι
502 2773 576 2817 καὶ
611 2773 732 2816 ναυσὶ
770 2773 842 2817 καὶ
879 2773 1073 2834 χρήμασι
1117 2771 1376 2832 χορηγήσειν
1415 2772 1521 2831 πρὸς
1557 2771 1696 2820 πάσας
1741 2771 1816 2819 τὰς
1864 2770 2081 2829 ἐπιβολάς.

17 2847 19 2871 ³
97 2847 150 2901 X,
173 2851 240 2902 27,
264 2851 287 2887 2
325 2849 418 2893 τοῖς
455 2844 534 2905 γὰρ
576 2835 698 2904 ζῴοις
735 2845 899 2894 τούτοις
930 2847 1086 2901 (equis)
1131 2844 1284 2906 σχεδὸν
1325 2843 1490 2888 ἅπασαν
1531 2848 1716 2905 χορηγεῖ
1751 2843 1829 2901 τὴν
1867 2839 2000 2887 Ἀσίαν
2040 2841 2081 2899 (ἡ

97 2916 258 2978 Μηδία)
305 2919 434 2961 affert
478 2919 544 2960 Fr.
739 2923 793 2960 42
830 2920 1079 2962 Antiochus
1116 2919 1175 2960 IV
1220 2919 1477 2974 Epiphanes
1525 2920 1764 2971 (475-464
1804 2930 1842 2960 a.
1877 2917 1978 2959 Chr.
2010 2917 2082 2969 n.).

16 2987 19 3054 Ι
99 2995 151 3032 43
190 2993 401 3034 Formula
438 2990 536 3038 τοὺς
574 2989 782 3050 λαχόντας
822 2991 1054 3052 προέδρους
1083 3016 1139 3023 --
1172 2991 1233 3034 ὅτι
1274 2991 1396 3034 δοκεῖ
1433 2995 1505 3048 τῆι
1546 2989 1714 3047 βουλῆι,
1753 2991 1966 3033 sollennis
2007 2990 2082 3031 illa

98 3065 282 3118 quidem
313 3066 358 3106 in
389 3065 729 3106 Atheniensium
761 3066 968 3120 decretis,
1006 3068 1133 3108 extra
1163 3065 1357 3107 Atticam
1390 3077 1479 3106 non
1511 3064 1711 3106 occurrit
1741 3064 1828 3104 nisi
1860 3064 1905 3103 in
1937 3063 2083 3103 cleru-

16 3139 19 3194 Ι
98 3138 209 3179 chiis
229 3138 572 3179 Atheniensium
604 3137 666 3191 (H.
690 3138 920 3180 Swoboda
949 3139 1030 3180 Die
1055 3150 1118 3192 gr.
1141 3138 1551 3180 Volksbeschliisse
1580 3149 1624 3190 p.
1649 3136 1730 3188 43).
1783 3136 1931 3184 Quare
1961 3136 2084 3176 hunc

98 3209 280 3251 titulum
317 3221 539 3263 perquam
580 3210 920 3252 memorabilem
964 3222 1063 3253 esse
1094 3211 1407 3264 pronuntiavit
1436 3208 1664 3252 Swoboda
1694 3210 1805 3250 Mus.
1838 3208 1918 3248 Rh.
1947 3207 2082 3247 XLVI

99 3292 142 3334 p.
165 3286 259 3336 540,
291 3283 398 3336 quia
429 3282 611 3324 doceret
640 3282 846 3324 ordinem
880 3286 1063 3326 senatus
1100 3286 1145 3325 et
1174 3283 1393 3325 formulas
1423 3282 1811 3336 populiscitorum
1842 3279 2082 3321 Antioche-

100 3365 182 3395 nos
211 3356 553 3397 accuratissima
582 3356 831 3397 imitatione
863 3357 919 3398 ad
949 3356 1210 3410 exemplum
1240 3357 1305 3397 rei
1337 3355 1546 3409 publicae
1576 3354 1750 3395 Atticae
1787 3353 2080 3406 expressisse.

7 3441 20 3482 g
102 3425 229 3474 Quod
266 3429 318 3469 ut
355 3429 464 3470 satis
507 3428 674 3468 mirum
711 3430 793 3482 est,
839 3430 901 3471 ita
938 3430 1120 3471 credere
1162 3428 1445 3482 deberemus,
1493 3428 1531 3468 si
1564 3426 1699 3468 modo
1731 3427 1972 3480 constaret,
2015 3427 2081 3466 in-

19 3493 21 3498 ⁴
102 3499 390 3552 scriptionem
421 3501 768 3542 Antiochensem
800 3512 910 3543 esse.
964 3502 1050 3543 Sed
1079 3502 1126 3543 id
1156 3513 1261 3542 cum
1292 3501 1414 3542 nullo
1446 3501 1570 3541 certo
1600 3500 1866 3552 argumento
1896 3500 2080 3553 nitatur,

101 3570 200 3611 vice
238 3583 369 3614 versa
408 3585 514 3614 cum
556 3573 820 3615 Holleauxio
862 3586 918 3616 ex
960 3575 1045 3616 hac
1089 3574 1282 3615 formula
1321 3573 1376 3614 de
1418 3573 1565 3614 Attica
1602 3572 1723 3613 tituli
1762 3572 1934 3625 origine
1972 3584 2078 3614 con-

19 3633 21 3666 ἶ
102 3641 319 3685 iecturam
350 3644 497 3686 facere
529 3644 811 3687 debebimus.
