2314 3970
128 188 224 241 486]
599 186 882 226 Ptolemaeus
913 183 1012 224 XIII
1043 184 1217 235 (so—5⁴
1249 193 1286 222 a.
1309 181 1410 222 Chr.
1434 179 1504 231 n.).
1988 175 2089 224 267

214 374 238 414 5
268 364 355 429 τῆς
394 356 719 429 βασιλίσσης2
752 356 769 430 ΙΙ
804 355 889 410 καὶ
944 358 1040 410 τῶν
1079 355 1292 410 τέκνων3
1352 354 1357 414 ξ
1411 351 1465 408 τὸ
1521 345 1849 423 προσκύνημα
1889 345 1895 418 Ι
1953 341 2091 417 παρὰ

264 450 348 515 τῆι
389 438 538 498 Ἴσιδι
591 449 675 514 τῆι
722 443 727 515 Ι
779 442 941 516 κυρίᾳ,
999 444 1025 496 ὃ
1078 441 1291 515 ἔγραψεν
1353 438 1360 513 Ι
1417 438 1706 510 Λυσίμαχος
1759 431 2043 507 πάρεδρος4
2079 430 2095 506 ΙΙ

184 546 236 587 10
275 528 444 604 Ι-ιβ’5,
486 529 695 602 Μεσορῆ
734 528 798 602 γ’.

236 725 259 761 2
298 721 535 774 Cleopatra
570 720 850 775 Tryphaena,
897 719 1142 762 Ptolemaei
1181 718 1367 760 Auletae
1412 730 1542 760 soror
1589 719 1637 759 ut
1675 717 1861 770 quidem
1902 715 2094 758 videtur.

122 793 181 835 Cf.
214 805 254 834 n.
280 791 401 834 4822.
462 793 571 834 Eam
603 793 706 834 anni
746 796 797 834 69
828 805 865 834 a.
896 793 996 834 Chr.
1029 804 1070 833 n.
1105 801 1257 832 mense
1287 790 1491 843 Augusto
1532 791 1769 831 etiamtum
1806 790 1924 830 inter
1961 788 2095 830 vivos

120 866 259 907 fuisse
289 866 362 906 hic
392 865 551 906 titulus
583 865 718 906 docet
749 865 816 918 (cf.
840 867 930 906 not.
955 865 992 916 5)
1026 863 1105 906 sed
1136 862 1221 904 sub
1252 862 1389 904 finem
1410 862 1613 904 eiusdem
1642 863 1745 903 anni
1776 861 1982 903 decessit.
2034 859 2095 901 Cf.

120 938 275 980 Strack
304 938 384 978 Die
414 937 630 990 Dynastie
662 937 741 978 der
771 937 1024 978 Ptolemaer
1053 947 1097 989 p.
1121 939 1200 976 2⁴0
1235 937 1326 976 not.
1354 937 1417 976 43.
1587 938 1608 974 3
1650 935 1735 975 Sex
1774 934 1913 975 fuisse
1952 932 2095 974 Ptole-

121 1010 236 1051 maei
265 1009 449 1051 Auletae
480 1009 660 1063 liberos,
693 1011 909 1062 quattuor
938 1009 1051 1049 filias
1082 1010 1126 1048 et
1157 1007 1274 1048 duos
1305 1006 1423 1048 filios
1452 1007 1540 1048 illis
1571 1008 1681 1048 natu
1702 1007 1912 1058 minores,
1944 1005 2098 1046 docuit

119 1082 340 1122 Letronne
379 1081 558 1122 Recueil
596 1081 772 1123 d‘inscr.
804 1082 841 1121 Il
878 1092 921 1134 p.
954 1083 1006 1121 69
1025 1091 1123 1133 sqq.
1191 1079 1248 1120 At
1291 1091 1346 1120 ex
1391 1079 1461 1120 his
1508 1079 1624 1120 duae
1665 1078 1815 1132 modo,
1862 1078 2098 1131 Cleopatra

118 1154 386 1207 Tryphaena
430 1154 580 1195 minor
623 1155 669 1195 et
712 1152 936 1203 Berenice,
983 1163 1099 1206 quae
1144 1162 1226 1205 per
1269 1152 1412 1205 patris
1450 1151 1635 1192 exilium
1678 1154 1847 1192 58-55
1869 1162 1906 1191 a.
1931 1150 2031 1190 Chr.
2055 1161 2095 1190 n.

119 1226 331 1279 deinceps
361 1227 676 1279 regnaverunt,
708 1222 789 1266 sed
811 1225 971 1266 ambae
990 1225 1066 1266 illo
1094 1225 1339 1278 superstite
1369 1224 1614 1278 perierunt,
1647 1224 1913 1277 Tryphaena
1943 1223 2098 1274 ignota

119 1298 173 1339 de
211 1308 360 1351 causa,
408 1298 619 1339 Berenice
658 1298 803 1351 ipsius
841 1298 983 1351 patris
1024 1297 1291 1339 crudelitate
1330 1297 1398 1349 (cf.
1437 1296 1597 1338 Strabo
1628 1296 1750 1338 XVII
1782 1298 1820 1349 l,
1855 1299 1898 1336 Μ
1946 1306 1989 1348 p.
2014 1298 2094 1335 796

119 1371 215 1413 Cas,
266 1371 447 1413 Cassius
468 1371 551 1411 Dio
573 1369 773 1424 XXXIX,
799 1373 866 1424 57,
889 1373 905 1410 ⁴
919 1402 927 1411 .
962 1374 1029 1423 58,
1052 1370 1090 1422 3)
1123 1381 1178 1411 ex
1209 1371 1359 1424 primo
1390 1371 1509 1424 regis
1531 1369 1822 1411 matrimonio
1844 1380 1950 1410 cum
1972 1368 2096 1409 Cleo-

118 1446 247 1498 patra
275 1443 544 1497 Tryphaena
574 1443 748 1484 maiore
780 1442 884 1494 (not.
909 1442 948 1494 2)
981 1444 1112 1484 natae
1142 1453 1241 1484 esse
1272 1445 1477 1496 possunt.
1536 1442 1651 1485 Nam
1682 1443 1827 1495 tertia,
1860 1441 2097 1494 Cleopatra

117 1516 192 1558 illa
222 1515 406 1570 famosa,
446 1527 584 1569 quam
615 1527 732 1556 anno
774 1518 825 1556 69
857 1528 894 1557 a.
919 1515 1020 1558 Chr.
1049 1527 1092 1556 n.
1123 1518 1275 1557 natam
1306 1517 1500 1557 testatur
1529 1516 1795 1557 Plutarchus
1825 1514 1985 1556 Anton.
2019 1517 2094 1554 86:

119 1586 365 1644 ἐτελεύτησε
396 1586 444 1630 δὲ
474 1583 734 1644 Κλεοπάτρα
765 1586 843 1643 μὲν
876 1585 967 1634 ἑνὸς
1000 1585 1148 1630 δέοντα
1174 1586 1489 1644 τεσσαράκοντα
1520 1585 1593 1646 ἔτη
1620 1586 1809 1644 βιώσασα
1835 1584 1908 1629 ’καὶ
1936 1583 2096 1628 τούτων

118 1658 192 1702 δύο
229 1659 302 1703 καὶ
342 1657 479 1702 εἴκοσι
519 1658 814 1716 βασιλεύσασα,
856 1657 1091 1717 συνάρξασα
1131 1658 1177 1702 δὲ
1215 1655 1418 1718 Ἀντωνίῳ
1460 1658 1593 1703 πλείω
1631 1666 1715 1701 τῶν
1764 1657 2097 1713 δεκατεσσάρων,

118 1744 254 1785 quem
275 1732 427 1774 locum
447 1733 728 1786 Letronnius,
760 1732 885 1785 quod
906 1733 1097 1786 mireriS,
1129 1733 1337 1786 neglexit,
1370 1733 1571 1787 spuriam
1595 1732 1732 1774 fuisse
1753 1732 1942 1773 constat.
1989 1730 2097 1770 Tres

118 1816 227 1846 vero
258 1806 402 1846 aetate
433 1805 623 1858 minimi,
654 1804 841 1846 Arsinoe
873 1807 917 1846 et
947 1805 1231 1847 Ptolemaeus
1253 1807 1458 1858 uterque,
1491 1816 1546 1846 ex
1571 1805 1657 1846 alio
1682 1803 1971 1845 matrimonio
1993 1813 2098 1855 pro-

117 1877 256 1918 creati
298 1878 416 1930 sunt,
455 1878 625 1930 quippe
665 1889 861 1929 quorum
903 1878 1074 1919 natales
1105 1878 1365 1931 Cleopatrae
1397 1878 1690 1932 Tryphaenae
1729 1877 1914 1918 maioris
1954 1876 2099 1917 morte

117 1949 392 2003 posteriores
422 1959 522 1990 esse
551 1949 683 2002 plane
713 1951 900 1991 constet.
952 1950 1100 1998 Quare
1126 1951 1200 1991 hic
1220 1951 1409 2004 pluralis
1439 1948 1492 1992 τὰ
1521 1948 1649 1992 τέκνα
1681 1950 1965 2003 Cleopatram
1988 1948 2098 2000 Try-

118 2022 340 2075 phaenam
385 2022 431 2062 et
477 2021 733 2075 Berenicen,
778 2022 963 2063 Auletae
1009 2034 1064 2063 ex
1111 2023 1259 2076 prima
1303 2034 1447 2065 uxore
1491 2023 1619 2077 filias,
1666 2023 1865 2064 indicare
1903 2021 2098 2063 videtur.

117 2095 140 2133 Ιι
183 2093 370 2142 Qualem
410 2093 720 2135 condicionem
762 2094 835 2135 vel
880 2094 1143 2147 dignitatem
1183 2094 1457 2137 vocabulum
1503 2096 1683 2148 indicet,
1728 2096 1951 2136 incertum
1997 2104 2097 2136 esse

117 2168 272 2208 monet
301 2166 586 2207 Leti-ennius.
643 2167 779 2208 Posse
811 2167 866 2208 de
896 2167 1095 2209 iudiciali
1127 2168 1278 2221 aliquo
1310 2168 1458 2210 officio
1490 2169 1691 2221 cogitari,
1723 2167 1802 2209 sed
1832 2167 1930 2208 fieri
1959 2168 2095 2208 etiam

115 2249 250 2292 posse
280 2240 332 2280 ut
361 2239 498 2280 homo
530 2239 609 2291 qui
639 2239 686 2279 in
717 2238 907 2281 consilio
940 2241 1061 2293 regio
1102 2241 1160 2282 sit
1191 2240 1478 2294 significetur.
1541 2240 1640 2282 Non
1671 2240 1894 2282 inferioris
1925 2239 2096 2281 ordinis

115 2311 346 2352 hominem
377 2321 477 2351 esse
506 2310 605 2351 iure
635 2311 739 2352 inde
769 2311 950 2365 colligit,
992 2313 1118 2365 quod
1149 2312 1267 2353 idem
1302 2312 1501 2354 officium
1532 2323 1624 2366 quo
1663 2313 1736 2353 ille
1767 2313 1840 2353 hic
1871 2312 2095 2365 fungatur,

115 2382 222 2424 alibi
253 2395 278 2424 a
299 2383 572 2424 Callimacho
603 2383 739 2436 primi
761 2383 930 2425 ordinis
960 2389 1044 2425 τῶν
1077 2391 1287 2442 συγγενῶν
1320 2386 1502 2427 homine
1530 2386 1623 2439 geri
1649 2384 1899 2426 videamus.
1951 2384 2095 2434 Quem

116 2466 222 2496 sane
271 2467 361 2497 non
412 2456 697 2508 aequiparari
743 2455 977 2498 nobilitate
1021 2456 1078 2498 ab
1116 2458 1204 2498 hoc
1244 2458 1529 2511 Lysimacho,
1576 2457 1944 2511 quandoquidem
1989 2458 2097 2499 huic

116 2538 261 2580 neque
291 2527 402 2569 illud
432 2538 578 2580 neque
609 2528 792 2570 omnino
823 2529 967 2569 ullum
998 2540 1053 2570 ex
1084 2530 1310 2572 similibus
1341 2530 1592 2584 vocabulis,
1622 2542 1739 2583 quae
1765 2530 1933 2582 gradus
1955 2530 2097 2583 digni-

12 2567 25 2661 j‘
115 2600 220 2640 tatis
263 2600 308 2640 in
354 2599 456 2641 aula
486 2600 609 2652 regia
650 2599 860 2655 indicent,
908 2601 1113 2643 addatur.
1293 2607 1315 2644 5
1355 2603 1437 2644 Die
1478 2607 1515 2645 8.
1549 2604 1717 2645 mensis
1748 2603 1938 2658 Augusti
1969 2614 2007 2646 a.
2042 2606 2093 2646 69

117 2683 154 2713 a.
177 2671 276 2714 Chr.
300 2684 342 2714 n.
393 2672 509 2714 Letr.

225 2951 334 3008 186
390 2956 546 3007 Philis
602 2958 652 3006 in
708 2958 871 3009 insula
925 2962 991 3010 ad
1042 2965 1245 3028 portam
1300 2964 1475 3030 templi
1529 2964 1689 3014 Isidis.
1762 2965 1838 3014 Ex
1893 2964 2091 3015 schedis

18 3048 20 3057 “
76 3056 77 3059 ’
117 3043 441 3094 Lenormanti
485 3045 563 3094 ed.
610 3044 861 3096 Letronne
907 3048 1115 3099 Journal
1171 3050 1260 3100 des
1307 3051 1525 3102 Savants
1577 3051 1712 3101 4842
1764 3068 1814 3118 p.
1855 3052 1946 3100 661
1979 3066 2088 3117 sqq.

66 3123 74 3189 J
117 3129 176 3196 (J.
189 3130 350 3180 Franz
378 3130 428 3180 C.
447 3131 483 3180 I.
504 3130 558 3180 G.
588 3130 725 3181 4897
743 3129 804 3198 b).
857 3134 1057 3186 Recueil
1083 3137 1171 3187 des
1198 3138 1345 3188 inscr.
1377 3138 1459 3187 Gr.
1492 3142 1542 3188 et
1567 3139 1674 3188 Lat.
1705 3140 1767 3188 de
1792 3129 2024 3204 l’Egypte
2050 3139 2093 3186 II

115 3231 164 3281 p.
194 3216 257 3264 34
298 3232 346 3267 n.
376 3218 566 3267 LXXII.
632 3219 690 3267 R.
726 3220 934 3286 Lepsius
972 3223 1275 3274 Denkmiiler
1314 3239 1405 3274 aus
1442 3224 1707 3291 Aegypten
1744 3226 1849 3275 und
1886 3223 2092 3274 Aethio-

116 3302 357 3438 ΡίθξἹΧΠ
399 3320 450 3370 p.
480 3305 545 3456 83)
593 3320 640 3354 n.
672 3305 773 3357 226
832 3304 911 3375 (Μ.
940 3310 994 3359 L.
1024 3309 1205 3360 Strack
1256 3312 1345 3361 Die
1390 3312 1632 3377 Dynastie
1677 3312 1767 3362 der
1809 3312 2092 3363 Ptolemaer

117 3402 167 3453 p.
269 3390 298 3439 0
338 3405 386 3439 11.
419 3390 555 3441 ⁴52.

229 3574 421 3617 Litterae
450 3579 868 3622 ΑΑΑΑΘΘΠΕΟω.
929 3582 1075 3635 Lepsii
1105 3583 1366 3636 exemplum
1389 3584 1592 3635 expressi
1621 3587 1800 3636 praeter
1820 3585 1935 3628 duos
1966 3587 2090 3629 locos

120 3643 174 3695 (V.
206 3648 294 3687 not.
319 3650 357 3688 2.
382 3650 420 3700 1ο)
451 3649 529 3690 ubi
560 3649 797 3692 manifesto
828 3654 1082 3706 antiquiora
1113 3656 1373 3708 apographa
1403 3657 1572 3697 rectius
1603 3667 1652 3697 se
1682 3657 1862 3699 habent.
