2314 3970
12 196 15 255 f]
85 210 183 263 378]
632 208 902 261 Pythodoris
933 209 1087 261 regina
1116 209 1306 260 eiusque
1339 207 1517 249 familia.
1961 210 2063 260 585

12 276 15 296 ι
84 282 1855 294 mm

12 370 13 375 ¹
82 386 268 441 propter
297 386 479 438 tempus
509 385 726 426 natalium
758 386 831 427 hic
861 386 908 426 in
938 395 1125 426 censum
1157 396 1247 427 non
1277 385 1444 427 venire.
1507 386 1751 439 Superesse
1781 385 1891 425 natu
1922 384 2065 425 maxi-

11 451 14 506 Ξ
81 470 204 500 mam
235 469 291 499 ex
323 457 537 499 omnibus
568 457 760 512 filiabus,
793 469 931 511 quam
962 458 1036 499 ille
1067 469 1183 499 anno
1217 460 1284 500 44.
1306 470 1344 500 a.
1369 458 1470 499 Chr.
1493 470 1534 499 n.
1595 458 1649 499 M.
1671 456 1862 498 Aemilio
1893 457 2063 510 Lepido

82 530 398 585 despondisset
428 530 625 582 (Cassius
655 531 738 572 Dio
769 530 917 584 XLIV,
942 533 1010 583 53,
1035 533 1080 571 6:
1122 528 1271 586 ἐπειδὴ
1305 528 1351 571 δὲ
1384 527 1614 576 ὁΛέπιδος
1647 527 1768 588 ἰσχύν
1797 543 1844 571 τε
1876 527 2064 586 μεγάλην

82 602 174 663 εἶχε
202 601 276 644 καὶ
308 600 439 660 φόβον
472 601 590 658 αὐτῷ
611 600 746 644 πολὺν
770 601 947 658 ἐπήρτα,
977 600 1056 657 τήν
1076 616 1122 643 τε
1153 599 1364 660 θυγατέρα
1394 601 1455 660 τῷ
1484 601 1570 644 υἱεῖ
1599 600 1728 644 αὐτοῦ
1761 589 1964 660 συνῴκισε
1992 600 2066 644 καὶ

11 716 13 726 s
80 674 279 733 ἀρχιερέα
316 673 439 717 αὐτὸν
479 673 794 734 ἀποδειχθῆναι
830 673 1171 731 παρεσκεύασεν).
1240 675 1326 716 Sed
1362 675 1444 716 has
1485 677 1681 730 nuptias,
1732 676 1817 717 etsi
1855 687 1970 717 anno
2011 678 2061 715 37

81 762 118 790 a.
141 749 241 790 Chr.
264 761 306 790 n.
357 748 579 790 Antonius
610 748 657 790 id
686 748 853 801 egisset
883 749 962 789 aut
991 749 1114 788 certe
1145 758 1193 788 se
1215 759 1346 800 agere
1377 748 1638 789 simulasset
1657 750 1709 789 ut
1739 748 2065 802 perficerentur

80 821 280 874 (Appian.
314 820 406 862 Civ.
431 820 481 873 V,
505 823 579 862 93:
628 817 896 877 βουληθῆναι
933 817 1012 877 γὰρ
1049 813 1264 862 Ἀντώνιον
1303 818 1382 877 πρὸ
1420 825 1504 861 τῶν
1544 817 1772 876 Παρθικῶν
1813 818 2065 862 ἐκδεδόσθαι

77 892 156 949 τὴν
193 891 406 950 θυγατέρα
442 891 503 950 τῷ
538 891 656 934 παιδὶ
685 890 887 946 Λεπίδου,
918 889 1115 948 ’καθάπερ
1146 890 1432 950 ὡμολόγητο),
1469 894 1622 934 tamen
1660 905 1750 935 non
1782 894 2063 935 convenisse.

80 966 176 1014 Qua
207 977 262 1006 ex
293 966 548 1007 narratione
579 965 716 1007 simul
748 964 1038 1006 manifestum
1069 975 1183 1019 esse,
1214 965 1455 1007 Antoniam
1478 977 1593 1007 anno
1619 968 1670 1007 44
1694 978 1730 1007 a.
1755 966 1854 1007 Chr.
1879 967 2065 1019 quidem

79 1039 316 1080 etiamtum
363 1037 649 1091 impuberem
690 1038 844 1091 fuisse,
884 1050 922 1079 a.
958 1041 1009 1078 37
1042 1048 1152 1079 vero
1195 1038 1286 1079 iam
1326 1038 1541 1079 nubilem.
1603 1038 1750 1087 Quare
1789 1050 1846 1080 ex
1873 1038 2066 1080 Antonia

78 1111 218 1152 altera
256 1122 414 1164 uxore,
453 1122 542 1152 non
582 1122 637 1151 ex
668 1111 821 1151 Fulvia
864 1122 1003 1163 quam
1032 1111 1088 1152 M.
1109 1111 1330 1152 Antonius
1362 1123 1478 1153 anno
1512 1113 1562 1152 47
1596 1112 1670 1153 vel
1702 1114 1753 1152 46
1787 1125 1824 1153 a.
1858 1112 1958 1153 Chr.
1990 1112 2066 1152 illa

78 1183 265 1224 dimissa
285 1183 502 1237 duxisset,
525 1193 625 1224 eam
646 1184 799 1224 natam
822 1182 978 1224 videri.
1030 1183 1140 1224 Post
1161 1195 1327 1224 annum
1353 1186 1403 1224 37
1427 1194 1653 1236 nusquam
1676 1184 1798 1237 apud
1819 1185 2065 1237 scriptores

77 1256 175 1297 eius
205 1256 375 1297 mentio
406 1255 468 1296 fit.
530 1254 661 1303 Quod
691 1256 907 1308 quoniam
938 1255 1030 1297 fere
1061 1267 1098 1297 a.
1124 1258 1175 1296 34
1199 1268 1237 1297 a.
1260 1256 1360 1297 Chr.
1393 1257 1635 1298 Antoniam
1668 1257 1866 1310 aliquam
1895 1258 2064 1310 Pytho-

77 1329 188 1370 doro
220 1328 439 1370 Tralliano
477 1328 687 1381 nupsisse
727 1328 942 1381 vidimus,
982 1328 1104 1369 nullo
1144 1328 1280 1370 modo
1313 1328 1505 1370 dubium
1536 1339 1637 1371 esse
1676 1330 1828 1382 potest
1858 1331 1969 1382 quin
1998 1330 2064 1371 in-

76 1401 260 1454 geniosa
288 1401 558 1442 Mommseni
588 1401 862 1455 coniectura,
894 1401 1010 1442 hanc
1040 1402 1188 1454 ipsam
1219 1412 1318 1443 esse
1347 1402 1402 1443 M.
1423 1401 1606 1444 Antonii
1632 1402 1771 1444 filiam
1792 1404 1901 1444 natu
1922 1403 2064 1444 maxi-

77 1485 212 1527 mam,
243 1484 351 1515 vera
386 1474 457 1515 sit.
520 1473 606 1522 Qui
645 1474 824 1515 monuit
854 1474 900 1515 in
930 1475 1197 1515 universum
1230 1475 1415 1528 quidem
1453 1475 1679 1517 eiusmodi
1717 1476 2064 1517 matrimonium

77 1558 181 1587 cum
211 1547 449 1599 peregrino
480 1545 766 1587 nobilissima
787 1547 960 1599 virgine
992 1546 1226 1600 indignum
1258 1547 1509 1589 iudicatum
1539 1559 1638 1590 esse
1670 1560 1695 1590 a
1725 1549 1952 1602 Romanis,
1985 1549 2065 1589 sed

75 1620 130 1660 M.
151 1619 413 1672 Antonium,
445 1630 537 1672 quo
568 1620 774 1673 tempore
806 1619 1068 1672 Cleopatrae
1100 1620 1325 1662 obnoxius
1356 1623 1489 1675 esset,
1530 1622 1711 1663 Graecis
1735 1622 1924 1675 aliisque
1955 1632 2065 1675 pro-

75 1691 345 1734 vincialibus
377 1692 562 1733 orientis
600 1691 712 1734 adeo
752 1692 1007 1747 indulsisse,
1045 1694 1098 1734 ut
1138 1693 1362 1735 eiusmodi
1404 1693 1665 1736 affinitatem
1703 1695 1931 1748 sprevisse
1972 1705 2064 1736 non

76 1767 196 1807 esset
226 1765 569 1807 existimandus.

182 1981 291 2037 378
345 1986 497 2052 Lapis
534 1986 667 2035 inter
692 1986 880 2036 rudera
903 1987 1090 2051 Bizyae
1115 1990 1364 2053 repertus,
1430 1988 1508 2037 Ex
1544 1988 1845 2054 apographo
1872 1989 2063 2039 Mordt-

75 2073 247 2123 manni
285 2074 363 2124 ed.
404 2072 494 2123 Th.
526 2074 809 2123 Mommsen
847 2074 1057 2140 Ephem.
1089 2075 1244 2141 epigr.
1282 2076 1324 2123 ΙΙ
1361 2091 1411 2142 p.
1441 2076 1544 2126 256
1585 2091 1632 2124 n.
1665 2077 1714 2127 8.

220 2214 334 2287 Θεῷ
375 2215 502 2288 ἁγίῳ
542 2215 731 2288 ὑψίστῳ
762 2215 767 2288 Ι
798 2215 920 2287 ὑπὲρ
959 2221 1046 2288 τῆς
1075 2214 1501 2288 ῬοιμηΙίτοίλκου1
1537 2217 1623 2271 καὶ
1658 2216 2064 2289 ΠυθοΙδιιῳίδος2

162 2317 185 2357 5
223 2305 280 2356 ἐκ
313 2306 400 2355 τοῦ
426 2299 571 2374 καΙΙτὰ
599 2301 681 2356 τὸν
708 2301 1150 2375 Κοιλα(λ)ητικὸν3
1189 2304 1195 2375 Ι
1235 2306 1453 2375 πόλεμον
1488 2305 1719 2359 κινδύνου
1762 2304 1769 2376 Ι
1812 2306 2061 2376 σωτηρίας

189 2465 382 2506 Litterae
417 2464 622 2518 volgares
660 2467 840 2519 praeter
882 2464 1056 2515 ΘΞΠΝ.
1233 2469 1249 2506 4
1298 2466 1615 2509 Rhoemetalca
1651 2467 1669 2507 Ι
1707 2480 1812 2522 rege
1847 2468 2062 2510 Thraciae

76 2537 285 2580 defuncto
315 2537 548 2591 Augustus
580 2540 757 2591 partem
788 2539 913 2590 regni
943 2539 1064 2579 illius
1096 2538 1223 2580 fratri
1254 2539 1596 2593 Rhescuporidi,
1637 2540 1772 2583 aliam
1808 2541 1899 2582 filio
1932 2540 2064 2595 Cotyi

75 2610 260 2653 dederat
291 2610 405 2662 (Tac.
416 2610 527 2651 Ann.
552 2611 695 2664 II‚64).
742 2611 799 2652 At
830 2622 946 2652 anno
970 2615 1022 2652 48
1045 2623 1088 2664 p.
1103 2611 1260 2653 Chr.n.
1290 2623 1398 2653 cum
1419 2611 1724 2666 Rhescuporis
1749 2614 1894 2667 Cotyn
1925 2615 2062 2655 inter-

75 2683 266 2737 fecisset,
312 2695 338 2724 a
375 2683 624 2736 Pomponio
658 2683 815 2725 Flacco
849 2684 995 2736 legato
1027 2684 1223 2725 Moesiae
1254 2684 1446 2726 Romam
1483 2685 1740 2728 abstractus
1772 2688 1816 2727 et
1846 2698 1870 2728 a
1903 2688 2063 2728 senatu

74 2767 210 2808 regno
242 2756 449 2809 privatus
471 2758 552 2810 est,
584 2756 707 2809 quod
738 2757 855 2798 inter
875 2757 1242 2799 Rhoemetalcam
1263 2758 1302 2797 II
1332 2757 1685 2812 Rhescuporidis
1716 2759 1860 2800 filium
1882 2761 1926 2800 et
1946 2759 2062 2801 filios

76 2828 248 2882 Cotyis,
280 2839 335 2869 ex
366 2828 533 2881 quibus
555 2830 665 2870 natu
694 2830 894 2871 maximo
926 2830 1036 2870 item
1057 2830 1396 2872 Rhoemetalcas
1424 2830 1508 2883 (111)
1540 2842 1706 2873 nomen
1733 2831 1828 2885 fuit,
1861 2831 2061 2874 divisum

75 2903 143 2942 est
174 2902 287 2953 (Tac.
310 2900 420 2942 Ann.
443 2902 495 2955 II,
520 2905 586 2944 66.
611 2902 692 2955 67).
743 2902 824 2943 Hic
845 2902 1084 2944 manifesto
1107 2903 1431 2956 intellegendus
1463 2906 1532 2945 est
1551 2904 1905 2958 Rhescuporidis
1927 2905 2060 2959 filius,

74 2985 179 3015 nam
217 2973 371 3026 Cotyis
409 2972 487 3014 filii
525 2973 630 3015 belli
675 2974 929 3016 Coelaletici
977 2975 1080 3028 (not.
1113 2975 1151 3028 3)
1193 2977 1340 3017 aetate
1388 2976 1626 3018 etiamtum
1668 2977 1931 3030 impuberes
1969 2978 2063 3020 fue-

75 3048 192 3086 runt.
243 3046 298 3087 M.
479 3048 502 3084 2
543 3046 816 3099 Pythodoris
855 3047 1011 3101 Cotyis
1051 3059 1224 3102 socrus,
1270 3060 1430 3101 regum
1472 3048 1766 3102 impuberum
1798 3050 1912 3103 avia,
1952 3052 2062 3092 tunc

3 3160 5 3176 ὲ
74 3119 296 3172 temporis
327 3118 450 3172 apud
481 3120 666 3172 nepotes
699 3120 745 3161 in
765 3120 954 3162 Thracia
985 3122 1266 3163 commorata
1296 3132 1396 3163 esse
1424 3122 1618 3163 videtur.
1670 3121 1786 3164 Nam
1814 3123 2060 3175 quominus

3 3189 5 3214 ff
75 3202 175 3233 eam
205 3192 278 3233 hic
307 3192 671 3244 intellegeremus
692 3194 814 3234 recte
834 3194 1143 3236 Mommsenus
1165 3197 1297 3247 negat
1317 3195 1565 3248 quicquam
1592 3195 1918 3248 impedimento
1940 3206 2059 3250 esse3

3 3254 5 3270 ⁴
76 3275 180 3305 nam
218 3275 334 3305 anno
377 3267 428 3305 49
460 3275 503 3317 p.
535 3263 635 3305 Chr.
677 3275 777 3306 eam
816 3267 1054 3307 etiamtum
1092 3267 1261 3309 vixisse
1299 3267 1479 3309 aliunde
1517 3269 1737 3321 constare,
1779 3279 1919 3320 quare
1949 3269 2060 3322 quin

4 3383 5 3386 Ἰ
75 3335 256 3377 hiennio
297 3338 401 3391 post
430 3336 731 3390 Philippopoli
762 3349 868 3380 cum
901 3338 1083 3392 regibus
1116 3340 1329 3381 Thraciae
1361 3339 1546 3381 obsessa
1578 3340 1636 3381 sit
1679 3352 1768 3382 non
1798 3351 1898 3383 esse
1929 3341 2060 3383 dubi-

4 3402 5 3406 ’
75 3409 275 3451 tandum.
338 3410 451 3451 Sane
481 3411 701 3463 provecta
730 3412 876 3453 aetate
912 3414 1011 3453 tum
1049 3412 1146 3466 fuit,
1187 3413 1266 3454 sed
1308 3413 1573 3465 neutiquam
1612 3412 1668 3454 ad
1709 3414 1958 3455 extremam
1990 3426 2058 3456 se-

73 3483 302 3523 nectutem
332 3483 615 3537 pervenerat,
646 3484 816 3537 quippe
847 3497 985 3538 quam
1015 3486 1327 3527 Mommsenus
1360 3485 1415 3538 (n.
1450 3483 1571 3537 3775)
1610 3485 1701 3527 fere
1732 3498 1770 3527 a.
1803 3488 1852 3527 34
1887 3498 1925 3529 a.
1956 3488 2056 3530 Chr.

4 3579 5 3618 3
75 3556 227 3595 natam
259 3555 650 3597 demonstraverit.
811 3560 832 3596 3
876 3559 1312 3600 ΚΟΙΛΑΑΗΤΙΚΟΝ.
1373 3557 1644 3600 Emendavit
1673 3559 1926 3601 Mommsen
1957 3561 2055 3602 coll.

77 3627 175 3668 Tac.
196 3627 307 3669 Ann.
330 3629 400 3681 III,
426 3631 498 3670 38:
541 3640 654 3670 nam
687 3626 905 3672 ffiraecia
942 3628 1086 3673 diviso
1124 3627 1318 3685 imperio
1358 3628 1413 3672 in
1441 3628 1780 3674 Rhoemetalcen
1819 3634 1858 3674 et
1898 3630 2058 3676 liberos

84 3696 243 3755 Cotyis,
285 3697 388 3755 quis
429 3699 480 3743 ob
518 3698 776 3756 v'snfmztiam
812 3704 930 3745 tutor
969 3704 1066 3746 erat
1110 3700 1382 3746 Trebellenus
1423 3701 1586 3759 Rufus,
1629 3702 1873 3748 insolentia
1910 3704 2060 3750 nostri
