2314 3970
99 212 168 266 56]
586 210 830 253 Ptolemaei
860 211 918 251 111
947 211 1296 252 monumentum
1328 209 1592 262 Canopium.
1978 210 2080 263 109

244 384 403 453 μένων
441 379 532 442 τὰς
573 382 701 442 ἰδίας
741 383 999 454 βασιλείας
1037 385 1134 435 τῶν
1174 383 1306 434 θεῶν
1347 384 1415 435 ὧν
1430 383 1498 418 123
1537 381 1718 452 ἱέρειαι
1754 378 2080 450 νομίζονταιΙ

243 467 375 522 εἶναι
391 470 472 537 124,
512 466 598 520 καὶ
635 471 755 521 ὅταν
795 470 821 520 ὁ
860 469 1084 539 πρώϊμος
1100 470 1166 504 ¹²⁵
1204 469 1385 538 σπόρος
1422 471 1694 538 παραστῆι,
1734 466 2002 536 ἀναφέρειν
2019 467 2085 502 ¹²⁶

241 551 333 614 τὰς
381 550 521 624 ἱερὰς
566 554 849 625 παρθένους
889 552 1160 625 στάχυς127
1203 551 1319 612 τοὺς
1356 553 1947 624 ποιρατεθησομένους128
1993 556 2084 604 τῶι

244 638 503 710 ἀγάλματι
539 645 628 710 τῆς
667 641 807 709 θεοῦ,
847 639 1006 693 ἄιδειν
1046 636 1090 692 δ’
1138 641 1209 698 εἰς
1250 639 1405 709 αὐτὴν
1448 637 1455 710 Ι
1495 636 1614 692 καθ’
1666 638 1860 710 ἡμέραν
1905 638 1991 691 καὶ
2031 641 2082 692 ἐν

240 727 350 786 ταῖς
388 726 586 798 ἑορταῖς
623 726 710 779 καὶ
747 726 1085 798 πανηγύρεσιν
1124 730 1221 778 τῶν
1257 727 1443 778 λοιπῶν
1483 727 1614 779 θεῶν
1653 726 1767 786 τούς
1811 745 1864 778 τε
1902 723 2084 784 ὠιὸοὺς

241 812 428 884 ἄνδρας
475 812 562 866 καὶ
599 810 693 872 τὰς
739 814 980 884 γυναῖκας
1026 812 1112 872 οὓς
1158 810 1218 865 ἂν
1266 813 1447 881 ὕμνους
1494 813 1541 864 οἱ
1590 812 2087 883 ἱερογραμματεῖς129

158 912 211 953 70
241 897 538 971 γράΙΙψαντες
576 902 727 953 δῶσιν
766 903 859 953 τῶι
897 896 1356 967 ὦιδοδιδασκάλωι,
1396 901 1464 951 ῶν
1504 897 1590 951 καὶ
1627 895 1690 950 τὰ
1726 900 2086 970 ἀντίγραφα130

241 986 755 1056 καταχωρισθήσεται
816 987 888 1045 εἰς
949 983 1041 1044 τὰς
1106 981 1246 1055 ἱερὰς
1305 985 1532 1055 βύβλους.
1610 984 1696 1036 καὶ
1753 985 1926 1056 ἐπειδὴ
1984 985 2087 1044 τοῖς

243 1073 535 1142 ἱερεῦσιν131
575 1073 795 1125 δίδονται
833 1073 885 1124 αἱ
923 1069 1107 1142 τροφαὶ
1146 1074 1203 1124 ἐκ
1240 1078 1337 1123 τῶν
1381 1069 1386 1141 Ι
1432 1072 1575 1141 ἱερῶν
1617 1067 1743 1124 ἐπὰν
1791 1072 2084 1142 ἐπαχθῶσιν

241 1158 312 1217 εἰς
349 1157 403 1211 τὸ
442 1159 651 1228 πλῆθος,
694 1159 930 1211 δίδοσθαι
965 1159 1075 1217 ταῖς
1107 1155 1418 1228 θυγατράσιν
1435 1159 1501 1193 132
1537 1160 1632 1209 τῶν
1681 1157 1854 1228 ἱερέων
1893 1159 1950 1209 ἐκ
1987 1162 2083 1209 τῶν

244 1244 388 1315 ἱερῶν
435 1246 694 1316 προσόδων
735 1240 824 1315 ἀφ’
877 1244 939 1313 ἧς
986 1243 1044 1298 ἂν
1090 1244 1285 1315 ἡμέρας
1330 1244 1572 1314 γένωνται
1616 1243 1705 1314 τὴν
1756 1244 2086 1314 συνκριθησο-

240 1329 407 1401 μέΙνην
464 1331 652 1402 τροφὴν
712 1330 804 1384 ὑπὸ
863 1333 960 1384 τῶν
1019 1331 1298 1402 βουλευτῶν
1361 1330 1533 1402 ἱερέων
1591 1333 1687 1382 τῶν
1749 1332 1801 1383 ἐν
1864 1328 2087 1383 ἑκάστωι

243 1417 463 1488 ἱερῶι133
507 1415 638 1470 κατὰ
690 1419 838 1489 λόγον
885 1420 981 1471 τῶν
1031 1418 1175 1489 ἱερῶν
1221 1418 1498 1489 προσόδων,
1548 1415 1635 1470 καὶ
1691 1415 1773 1469 τὸν
1828 1418 2085 1487 διδόμενον

241 1502 389 1575 ἄρτον
428 1504 538 1564 ταῖς
575 1503 794 1575 γυναιξὶν
838 1505 844 1575 Ι
884 1507 981 1558 τῶν
1025 1505 1195 1576 ἱερέων
1235 1503 1373 1576 ἔχειν
1411 1502 1624 1557 ’ίδιον134
1667 1503 1816 1556 τύπον
1862 1503 1949 1556 καὶ
1995 1525 2087 1556 κα-

239 1591 439 1643 λεῖσθαι
486 1588 759 1660 Βερενίκης
813 1589 981 1661 ἄρτον.
1050 1592 1075 1642 ὁ
1126 1589 1181 1642 δὲ
1227 1592 1278 1643 ἐν
1327 1588 1546 1643 ἐκάστωι
1590 1592 1686 1643 τῶν
1738 1590 1882 1661 ἱερῶν
1931 1590 2087 1643 καθε-

243 1676 435 1746 στηκὼς
475 1674 746 1745 ἐπιστάτης
783 1676 869 1729 καὶ
909 1675 1176 1748 ἀρχιερεὺς
1193 1679 1259 1713 135
1296 1675 1382 1728 καὶ
1423 1677 1470 1729 οἱ
1507 1679 1595 1728 τοῦ
1632 1677 1767 1747 ἱεροῦ
1809 1674 1814 1747 Ι
1854 1697 2088 1748 γραμμα-

238 1764 419 1822 τεῖς136
458 1762 897 1835 ἀναγραψάτωσαν
936 1768 1080 1816 τοῦτο
1119 1763 1172 1817 τὸ
1214 1766 1452 1835 ψήφισμα
1491 1764 1562 1822 εἰς
1603 1765 1788 1833 στήλην
1827 1765 2024 1834 λιθίνην
2051 1767 2085 1834 ἢ

241 1850 437 1919 χαλκῆν
482 1850 630 1920 ἱεροῖς
667 1847 957 1921 γράμμασιν
997 1849 1083 1902 καὶ
1110 1847 1481 1920 Αἰγυπτίοις137
1517 1848 1603 1902 καὶ
1627 1846 1960 1920 Ἑλληνικοῖς,
1999 1850 2085 1903 καὶ

239 2084 320 2121 423
361 2081 613 2124 Pronomen
654 2082 810 2123 omisit
845 2082 895 2122 A.
1045 2084 1126 2123 424
1172 2083 1308 2124 ΕΙΚΑΙ
1341 2080 1396 2124 A.
1546 2085 1628 2123 425
1669 2083 1740 2123 Sic
1769 2083 1802 2122 B
1835 2082 2082 2136 aptissime.

99 2154 369 2195 ΠΡοΩΡΙΗοΣ
403 2150 458 2207 A,
491 2153 615 2206 quod
645 2150 887 2212 προωριῆος
917 2155 1072 2207 legunt
1091 2155 1302 2195 Reinisch
1323 2156 1368 2195 et
1389 2154 1584 2208 Roesler,
1616 2155 1860 2213 προώριμος
1882 2155 2083 2208 Lepsius,

95 2227 216 2267 recte
247 2226 342 2266 sine
373 2225 530 2279 dubio,
564 2226 934 2279 quandoquidem
968 2228 1004 2268 Η
1038 2228 1083 2267 et
1117 2228 1153 2269 Η
1187 2237 1322 2279 saepe
1353 2227 1399 2268 in
1429 2227 1517 2268 hoc
1547 2227 1679 2268 titulo
1705 2226 1936 2267 simillima
1965 2228 2085 2268 sunt.

93 2297 151 2338 At
188 2296 468 2339 vocabulum
510 2299 662 2351 ipsum
701 2299 778 2339 vix
820 2298 943 2340 aliud
973 2297 1226 2351 significare
1266 2299 1420 2351 potest
1460 2309 1513 2340 ac
1553 2299 1802 2339 sementem
1833 2309 1950 2351 quae
1981 2300 2085 2339 ante

94 2370 267 2410 iustum
298 2371 480 2423 tempus
511 2370 601 2424 fiat,
643 2370 687 2411 id
721 2371 845 2423 quod
885 2371 1022 2412 huius
1063 2371 1153 2412 loci
1194 2371 1443 2411 sententiae
1481 2381 1571 2412 non
1609 2371 1851 2412 convenire
1882 2371 2083 2424 apparet.

95 2444 177 2482 426
217 2441 488 2495 Comparare
512 2443 729 2495 intellegit
750 2443 952 2496 Lepsius,
986 2442 1145 2483 afferre
1166 2443 1375 2484 Reinisch
1396 2444 1441 2483 et
1461 2442 1659 2484 Roesler.
1713 2442 1918 2491 Quorum
1947 2443 2085 2484 inter-

94 2515 393 2566 pretationem
423 2515 486 2555 ita
523 2514 688 2568 probat
719 2515 1000 2568 Gutschmid‚
1041 2516 1094 2556 ut
1133 2515 1328 2556 verbum
1367 2516 1675 2567 compositum
1716 2515 1771 2556 ad
1811 2525 2028 2568 pompam
2059 2527 2085 2556 a

94 2585 244 2628 littore
282 2586 339 2627 ad
377 2587 601 2640 templum
642 2588 878 2640 superiore
908 2588 1007 2629 loco
1040 2588 1178 2628 situm
1211 2586 1532 2640 procedentem
1562 2587 1740 2640 referat,
1772 2587 1935 2628 collato
1966 2599 2005 2628 v.
2029 2590 2074 2628 54

94 2654 124 2712 ἡ
155 2655 355 2715 ἀναγωγὴ
385 2682 444 2688 -
473 2657 534 2705 εἰς
570 2661 696 2700 τοῦτο
725 2657 774 2700 τὸ
815 2657 940 2718 ἱερόν.
1117 2662 1198 2699 427
1240 2660 1450 2701 ΣΥΑΧΥΣ
1481 2656 1535 2700 A.
1714 2662 1795 2699 428
1835 2657 2084 2714 παραθησο-

98 2727 251 2784 μένους
280 2727 335 2772 A.
485 2734 566 2772 429
610 2731 670 2772 Cf.
703 2733 795 2774 not.
821 2734 890 2773 44.
1027 2734 1109 2772 430
1148 2728 1411 2788 τάντίγραφα
1440 2728 1496 2773 Α.
1646 2734 1720 2772 434
1773 2732 1994 2772 ΙΕΡΕΙΣΙΝ
2027 2729 2083 2772 A.

96 2804 178 2842 432
217 2802 299 2842 Hic
330 2813 527 2856 quoque,
558 2804 611 2844 ut
640 2815 684 2846 v.
707 2806 774 2856 65,
806 2805 851 2844 in
883 2803 1111 2845 demotica
1141 2804 1355 2844 versione
1386 2805 1565 2856 praeter
1594 2803 1708 2844 filias
1738 2815 1906 2844 uxores
1937 2814 2084 2844 sacer-

97 2872 252 2914 dotum
285 2877 719 2928 commemorantur,
759 2886 906 2928 neque
937 2886 1036 2917 esse
1069 2875 1249 2916 videtur
1280 2887 1362 2916 cur
1393 2875 1448 2916 de
1479 2876 1587 2916 solis
1626 2875 1805 2917 filiabus
1837 2876 1924 2916 hoc
1954 2886 2083 2928 prae-

98 2945 300 2998 cipiatur.
351 2946 560 3000 Mahaffy.
710 2951 792 2988 433
835 2945 878 2989 ἐν
910 2946 1094 2989 ἑκάστωι
1123 2953 1208 2989 τῶν
1243 2946 1364 3003 ἱερῶν
1395 2945 1451 2989 A.
1609 2951 1691 2988 434
1732 2948 1844 2989 Cum
1876 2947 2083 2987 Reinisch

10 3061 12 3067 ,
98 3018 143 3058 et
161 3017 344 3059 Roesler
374 3030 526 3060 errore
558 3020 602 3060 in
633 3016 676 3060 A
704 3019 918 3072 legissent
950 3022 1086 3062 ΔΙΟΝ
1122 3020 1241 3072 (nam
1272 3019 1364 3061 illic
1393 3022 1445 3060 ut
1475 3021 1520 3060 in
1553 3020 1584 3060 B
1618 3021 1770 3061 ΙΔΙΟΝ
1804 3030 1903 3060 esse
1934 3019 2083 3071 Lepsii

11 3111 13 3113 -
97 3088 356 3131 testimonio
378 3091 582 3144 constat),
604 3091 695 3132 hoc
714 3086 948 3133 ‘divinum'
969 3092 1253 3145 interpretati
1275 3094 1392 3144 sunt,
1425 3102 1595 3144 eosque
1618 3093 1801 3132 secutus
1823 3092 1893 3131 est
1914 3091 2081 3132 Perrin.

12 3176 14 3190 ν
99 3157 195 3207 Qua
223 3162 268 3202 in
295 3173 343 3202 re
363 3163 542 3204 mireris
564 3163 650 3204 hos
671 3163 939 3205 triumviros
961 3165 1222 3218 neglexisse,
1254 3158 1489 3205 ‘divinum’
1521 3164 1687 3204 Graece
1707 3159 1825 3202 θεῖον
1848 3173 1960 3215 esse,
1993 3173 2082 3203 non

100 3228 203 3274 δῖον.
352 3237 432 3286 435
472 3235 723 3287 Epistatam
755 3238 800 3276 et
830 3246 1064 3276 summum
1108 3236 1388 3277 sacerdotem
1423 3235 1537 3275 duos
1576 3234 1783 3275 homines
1821 3244 1920 3274 esse
1950 3236 2081 3287 puta-

16 3343 17 3373 Ξ
99 3301 207 3344 hant
235 3305 651 3347 Reinisch-Roesler
681 3309 726 3347 et
756 3307 957 3360 Lepsius.
1010 3307 1096 3348 Sed
1126 3309 1212 3348 nisi
1251 3317 1371 3348 unus
1402 3307 1614 3358 idemque
1646 3305 1979 3357 intellegeretur
2008 3305 2082 3347 καὶ

16 3380 19 3410 ²
101 3373 123 3416 ὁ
152 3374 373 3435 ἀρχιερεὺς
403 3378 645 3419 dicendum
675 3378 813 3420 fuisse
843 3380 958 3421 vidit
989 3380 1269 3421 Gutschmid.
1417 3381 1498 3418 436
1540 3377 1697 3418 Eidem
1735 3388 1834 3418 esse
1869 3378 2081 3419 videntur

101 3448 180 3499 qui
199 3458 337 3501 supra
357 3461 401 3491 v.
424 3452 462 3490 4.
487 3453 538 3491 69
574 3448 924 3506 ἱερογραμματεῖς
955 3451 1239 3504 appellantur
1271 3451 1375 3501 (not.
1403 3449 1467 3500 44)
1490 3450 1574 3490 etsi
1607 3460 1714 3490 sane
1743 3449 1818 3490 hic
1847 3461 1900 3491 eo
1933 3450 2079 3491 officio

100 3515 346 3571 funguntur
375 3521 501 3574 quod
531 3522 703 3574 ubique
733 3522 896 3564 scribis
926 3523 1098 3575 iniungi
1129 3524 1258 3575 solet,
1298 3532 1404 3562 cum
1442 3521 1539 3561 aliis
1578 3521 1850 3562 testimoniis
1891 3524 2079 3575 constet,

101 3587 279 3632 illorum
324 3592 578 3634 scribarum
624 3604 858 3635 sacrorum
893 3605 1060 3636 munus
1107 3594 1251 3634 multo
1296 3593 1430 3633 latius
1471 3593 1686 3644 patuisse.
1834 3596 1916 3633 437
1958 3593 2079 3641 Quae

102 3661 232 3713 volgo
263 3663 512 3706 demoticae
543 3667 839 3719 appellantur.
886 3679 928 3707 n.
952 3671 1018 3720 90,
1043 3669 1094 3706 53
1129 3676 1210 3717 pro
1242 3660 1490 3722 Αἰγυπτίοις
1520 3666 1588 3705 est
1619 3662 1853 3722 ἐγχωρίοις.
