2314 3970
265 196 368 247 468
931 192 980 231 V.
1033 191 1229 241 Regnum
1263 189 1572 230 Attalidarum.
2138 188 2234 240 [299

394 362 455 416 Ὁ
513 365 696 431 δῆμος
754 359 758 429 Ι
819 358 1051 430 Μῆτριν
1108 356 1542 430 Ἀρτεμιδώρου
1599 358 1604 427 Ι
1663 358 2104 430 ἱερητεύσασαν
2161 356 2235 411 τὰ

409 449 596 501 ἔνατα
638 447 643 517 Ι
686 446 1040 518 Νικηφόρια
1078 450 1180 499 τοῦ
1220 446 1579 516 στεφανίτου
1620 446 1889 516 ἀγῶνοςῙ.

351 566 374 604 5
394 543 605 606 Ἔδοξεν
632 553 714 617 τῆι
741 549 918 618 βουλῆι
949 546 1033 600 καὶ
1059 550 1151 599 τῶι
1177 549 1365 617 δήμωι·
1410 547 1580 618 γνώμη
1612 550 1922 617 στρατηγῶν·
1970 546 2076 600 ἐπεὶ
2105 548 2239 617 ἱερη-

406 635 646 703 τευούσης
687 633 692 704 Ι
733 639 821 704 τῆς
871 633 1166 704 Νικηφόρου
1214 630 1428 702 Ἀθηνᾶς
1469 632 1724 703 Μήτριδος
1762 638 1850 703 τῆς
1882 630 2239 703 Ἀρτεμιδώρου

405 724 491 774 τοῦ
542 719 786 790 Θεοτίμου
835 720 1081 792 θυγατρὸς
1137 719 1142 790 Ι
1197 720 1402 789 μείζονα
1453 720 1847 790 εὐημερήματα2
1897 720 2095 790 γέγονεν
2150 723 2242 773 τῶι

379 912 572 952 Litterae
610 910 816 962 volgares
857 910 1036 963 praeter
1075 910 1178 950 ΠΣ.
1250 908 1563 950 Memorabiles
1605 909 1880 961 antiquiores
1926 908 2098 949 formae
2144 910 2239 949 H.

264 985 338 1025 Vs.
362 986 470 1024 2-4
512 983 655 1023 multo
694 982 888 1023 maiores
927 993 1064 1034 quam
1106 981 1269 1033 reliqui
1301 991 1461 1022 versus
1499 981 1671 1021 litteras
1707 980 1887 1034 habent,
1929 984 2035 1021 vs.l
2084 991 2242 1021 rursus

264 1067 403 1110 paene
435 1055 605 1108 duplici
645 1054 879 1096 altitudine
919 1065 1075 1095 earum
1108 1065 1224 1106 quae
1255 1066 1297 1094 v.
1323 1055 1431 1094 2-4
1465 1055 1583 1094 sunt.
1759 1057 1774 1091 4
1816 1051 1877 1093 Cf.
1918 1064 1957 1093 n.
1985 1055 2079 1105 322,
2103 1056 2241 1105 5sqq.
2291 1070 2294 1073 ·

264 1127 306 1170 ἐν
337 1130 428 1174 τοῖς
459 1124 651 1184 ἀχθεῖσιν
684 1120 747 1167 ὑπ’
775 1124 903 1167 αὐτοῦ
932 1122 1399 1183 τεσσαρεσκαιδεκάτοις
1432 1121 1715 1181 Νικηφορίοις
1746 1127 1819 1165 τοῦ
1854 1122 2101 1181 στεφανίτου
2132 1123 2243 1181 ἀγῶ-
2288 1123 2290 1127 '

261 1215 346 1246 νος.
388 1211 429 1240 n.
455 1201 551 1252 324,
575 1200 614 1239 4.
638 1202 661 1240 5
697 1196 738 1239 ἐν
769 1201 859 1244 τοῖς
881 1195 1264 1243 ὀκτωκαιδεκάτοις
1284 1193 1610 1254 Νικη[φ]ορίοις.
1664 1196 1792 1245 Quod
1826 1197 1871 1237 in
1893 1196 2072 1238 duobus
2100 1197 2244 1238 titulis
2286 1212 2290 1246 j

263 1272 443 1313 additur
472 1273 547 1313 τοῦ
580 1267 825 1325 στεφανίτου
856 1267 1034 1327 ἀγῶνος,
1066 1269 1112 1310 id
1143 1269 1308 1322 probat
1338 1281 1431 1310 non
1462 1269 1518 1310 ab
1559 1269 1730 1321 origine
1761 1270 1923 1310 harum
1955 1269 2168 1310 feriarum
2200 1270 2244 1309 in

265 1345 542 1396 universum,
575 1343 654 1383 sed
686 1342 742 1383 ab
774 1343 979 1383 instituto
1013 1343 1258 1383 certamine
1289 1342 1524 1384 coronario
1568 1342 1810 1382 numerari.
1872 1342 1965 1382 Iam
2004 1341 2136 1383 ludos
2165 1342 2244 1382 Mi-

265 1427 428 1458 nervae
463 1415 673 1456 Victricis
711 1414 894 1467 quidem
934 1415 1138 1467 Pergami
1175 1414 1311 1455 Attali
1341 1415 1359 1454 I
1401 1416 1544 1456 aetate
1582 1414 1761 1455 habitos
1798 1415 1991 1454 testatur
2029 1414 2245 1467 Polybius

264 1489 335 1542 IV,
361 1492 426 1542 49,
452 1491 495 1528 3;
534 1484 705 1545 ἠρέθιζε
738 1481 767 1528 δ’
795 1485 917 1529 αὐτὸν
950 1487 1182 1539 (Prusiam)
1214 1486 1285 1528 καὶ
1315 1485 1362 1528 τὸ
1396 1485 1536 1528 δοκεῖν
1566 1483 1827 1535 Βυζαντίους
1859 1485 1962 1543 πρὸς
1995 1485 2071 1540 μὲν
2102 1482 2245 1528 Ἄττα-

264 1558 339 1602 λον
371 1558 431 1606 εἰς
461 1558 560 1605 τοὺς
590 1563 669 1616 τῆς
687 1553 864 1615 Ἀθηνᾶς
896 1556 1061 1616 ἀγῶνας
1088 1556 1187 1605 τοὺς
1219 1556 1499 1604 συνθύσοντας
1533 1555 1898 1612 ἐξαπεσταλκέναι,
1928 1557 2031 1615 πρὸς
2056 1556 2181 1600 αὑτὸν
2211 1554 2240 1600 δ’

265 1630 325 1680 εἰς
354 1630 407 1674 τὰ
439 1628 636 1689 Σωτήρια
668 1628 832 1688 μηδένα
862 1629 1146 1688 πεπομφέναι,
1187 1630 1266 1672 sed
1296 1631 1511 1672 Eumenis
1542 1631 1580 1670 ΙΙ
1621 1630 1806 1671 demum
1837 1642 1974 1683 regno
2005 1630 2179 1683 (ΗΠ-4
2193 1635 2244 1673 59

266 1717 304 1745 a.
327 1703 443 1755 Chr.)
474 1703 743 1744 Aetolorum
774 1702 1007 1744 decretum
1030 1701 1158 1756 Syll.2
1179 1706 1260 1744 295
1293 1702 1462 1744 factum
1485 1704 1567 1756 est,
1601 1714 1690 1755 quo
1723 1703 1786 1743 illi
1817 1714 1991 1744 morem
2013 1705 2248 1755 gesserunt

266 1777 360 1829 regi
391 1777 562 1830 petenti
591 1787 673 1829 per
702 1775 887 1817 theoros
918 1773 1203 1824 ἀποδέξασθαι
1232 1773 1331 1821 τοὺς
1363 1773 1529 1832 ἀγῶνας
1558 1780 1643 1816 τῶν
1675 1770 1951 1831 Νικαφορίων
1985 1773 2245 1831 στεφανίτας,

262 1847 346 1904 τὸμ
378 1847 454 1903 μὲν
487 1847 688 1903 μουσικὸν
723 1845 956 1902 ἰσοπὺθιον,
993 1846 1064 1889 τὸν
1098 1845 1144 1888 δὲ
1179 1846 1383 1905 γυμνικὸν
1420 1846 1494 1889 καὶ
1526 1845 1692 1888 ἱππικὸν
1734 1845 1981 1903 ἰσολύμπιον
2027 1849 2082 1901 (v.
2106 1851 2128 1889 8
2148 1859 2245 1900 sqq.

267 1923 316 1962 44
337 1920 463 1973 sqq.).
525 1922 574 1960 In
606 1932 696 1973 quo
729 1931 833 1961 cum
865 1931 1017 1972 regem
1049 1921 1140 1961 iam
1171 1920 1303 1972 plura
1323 1920 1440 1960 bella
1466 1919 1652 1960 feliciter
1674 1919 1902 1972 peregisse
1924 1921 1968 1960 et
1991 1931 2100 1972 opes
2122 1921 2246 1972 regni

266 1992 567 2046 amplificasse
604 1993 893 2045 praedicetur
934 1992 989 2044 (v.
1022 1995 1041 2031 4
1064 2004 1162 2044 sqq.
1201 1990 1434 2047 γεγονότων
1475 1990 1521 2032 δὲ
1559 1989 1688 2032 αὐτοῦ
1728 1989 1899 2032 πολλῶν
1938 1990 2011 2032 καὶ
2052 1989 2247 2048 μεγάλων
2312 2005 2314 2045 j

266 2062 617 2119 εὐαμερημά[των
657 2061 724 2104 διὰ
763 2061 861 2109 τοὺς
899 2061 1141 2119 π]ολέμους,
1181 2061 1430 2120 ἐπαυξηκὼς
1467 2062 1554 2117 τὰμ
1595 2060 1806 2118 βασιλείαν
1843 2060 1918 2104 καὶ
1957 2061 2000 2104 ἐν
2038 2061 2114 2104 τὰν
2144 2061 2248 2105 καλ·

263 2133 407 2176 λίσταν
441 2133 627 2177 διάθεσιν
658 2133 883 2193 ἀγνηκώς),
916 2136 1075 2188 utique
1106 2147 1199 2178 non
1230 2137 1333 2176 ante
1364 2148 1402 2176 a.
1426 2139 1506 2176 489
1530 2146 1567 2176 a.
1591 2135 1692 2177 Chr.
1722 2147 1763 2176 n.
1796 2135 1907 2177 haec
1939 2135 2118 2177 decreta
2150 2147 2250 2177 esse

264 2210 469 2261 possunt.
527 2208 697 2249 Eodem
727 2210 935 2261 tempore
966 2208 1062 2248 sine
1093 2207 1232 2249 dubio
1264 2219 1343 2248 rex
1375 2207 1616 2248 delubrum
1648 2207 1874 2249 Minervae
1905 2207 2114 2249 Victricis
2145 2209 2247 2249 luco

265 2280 417 2321 addito
463 2281 713 2322 exornavit.
790 2279 851 2321 Cf.
892 2279 1051 2321 Strabo
1097 2280 1212 2333 XIII,
1251 2282 1289 2333 4,
1327 2283 1351 2320 2
1397 2291 1440 2332 p.
1466 2282 1545 2320 624
1584 2279 1680 2320 Cas.
1727 2278 2009 2321 κατεσκεύασε
2055 2274 2084 2320 δ’
2126 2277 2314 2326 06103‘5

2310 2117 2314 2292 Ι

265 2353 502 2405 (Eumenes
533 2352 584 2404 II)
616 2351 692 2408 τὴν
723 2349 844 2393 πόλιν
875 2351 947 2394 καὶ
975 2350 1021 2392 τὸ
1055 2348 1319 2409 Νικηφόριον
1352 2349 1472 2393 ἄλσει
1506 2349 1808 2408 κατεφύτευσε.
1869 2353 1962 2392 Iam
2001 2363 2105 2393 cum
2144 2353 2248 2393 trie-
2272 2398 2283 2405 „
2310 2375 2313 2404 Ι

264 2425 392 2466 terici
430 2424 596 2465 fuerint
626 2424 721 2465 ludi
759 2425 864 2476 (not.
889 2424 941 2477 4),
982 2425 1189 2477 sequitur
1218 2425 1271 2465 ut
1301 2434 1445 2465 annus
1477 2424 1612 2464 huius
1651 2424 1769 2465 tituli
1801 2424 1926 2476 prior
1955 2425 2078 2465 nullo
2111 2424 2247 2465 modo
2278 2447 2281 2453 ,

265 2508 365 2538 esse
395 2498 543 2549 possit
573 2508 710 2549 quam
742 2500 823 2537 473
858 2509 895 2537 a.
929 2496 1028 2538 Chr.
1061 2508 1102 2537 n.
1134 2497 1332 2538 Frankel.
1394 2495 1513 2544 Quot
1553 2497 1680 2537 annis
1719 2497 1945 2537 recentior
1983 2497 2041 2537 sit
2080 2497 2184 2547 (not.
2207 2498 2272 2548 2)Ι
2308 2495 2311 2539 ᾗ

265 2581 356 2609 non
387 2569 481 2609 tam
513 2570 722 2610 accurate
753 2569 929 2609 definiri
958 2569 1076 2610 licet.
1214 2572 1237 2608 2
1282 2568 1503 2617 Quoniam
1535 2569 1646 2609 haec
1667 2569 1825 2621 utique
1846 2580 1940 2609 non
1968 2569 2112 2610 multo
2145 2571 2247 2610 ante
2267 2560 2309 2618 ῗὲ

266 2643 346 2680 473
371 2652 407 2681 a.
432 2641 534 2681 Chr.
557 2652 597 2681 n.
634 2641 823 2681 Eumeni
857 2640 1074 2693 obtigisse
1105 2643 1309 2694 possunt,
1341 2641 1396 2681 de
1428 2641 1563 2681 Gallis
1595 2641 1821 2694 superatis
1852 2641 2019 2693 cogitat
2048 2641 2246 2695 Frankel,

264 2723 452 2754 monens
492 2724 608 2753 anno
642 2716 723 2752 468
756 2724 792 2753 a.
816 2713 917 2753 Chr.
939 2724 996 2766 n.,
1029 2725 1135 2753 cum
1164 2712 1340 2754 Attalus
1371 2712 1522 2754 fratris
1550 2714 1694 2754 missu
1723 2713 1915 2754 Romam
1945 2714 2044 2766 iret,
2085 2713 2247 2753 Eume·
2312 2723 2314 2775 j

263 2785 332 2825 nis
371 2795 561 2837 regnum
601 2796 627 2825 a
667 2785 800 2825 Gallis
840 2784 958 2826 bello
1003 2786 1197 2838 petitum
1238 2796 1350 2826 esse.
1411 2785 1570 2838 Polyb.
1601 2785 1737 2838 XXX,
1770 2788 1808 2838 4,
1837 2788 1878 2826 4;
1927 2783 1991 2826 ὅτι
2029 2784 2139 2827 κατὰ
2175 2779 2280 2827 τὸν
2313 2781 2314 2789 ’

260 2855 405 2910 καιρὸν
447 2858 596 2897 τοῦτον
637 2853 748 2911 ἦλθε
791 2854 905 2912 παρὰ
944 2859 1018 2897 τοῦ
1060 2854 1266 2912 βασιλέως
1296 2853 1515 2912 Εὐμένους
1554 2854 1737 2914 ἁδελφὸς
1766 2851 1980 2911 Ἄτταλος,
2023 2854 2136 2916 ἔχων
2169 2856 2273 2912 μὲνῖ
2304 2871 2309 2904 i

262 2926 481 2986 πρόφασιν,
522 2926 558 2968 εἰ
589 2926 661 2968 καὶ
694 2926 753 2984 μὴ
784 2926 832 2970 τὸ
872 2926 981 2969 κατὰ
1010 2925 1109 2974 τοὺς
1139 2925 1334 2975 Γαλάτας
1375 2927 1559 2986 ἐγεγόνει
1600 2926 1840 2984 σύμπτωμα
1882 2926 1976 2985 περὶ
2011 2928 2090 2985 τὴν
2131 2927 2246 2984 βασι·
2304 2936 2310 2971 ῑ

265 2997 396 3052 λείαν,
438 2996 555 3054 ὅμως
593 2996 735 3041 ἐλθεῖν
781 2996 840 3046 εἰς
879 2998 956 3056 τὴν
978 2993 1163 3055 (Ρώμην
1209 2997 1349 3042 ἕνεκεν
1394 3002 1468 3041 τοῦ
1516 3003 1776 3057 συγχαρῆναι
1810 2998 1864 3056 τῇ
1905 2998 2129 3057 συγκλήτῳ
2173 2998 2246 3042 καὶ

265 3074 408 3128 τυχεῖν
439 3085 550 3117 τινος
592 3068 874 3126 ἐπισημασίας
906 3069 972 3112 διὰ
1009 3070 1057 3112 τὸ
1098 3069 1531 3127 συμπεπολεμηκέναι
1567 3070 1640 3113 καὶ
1685 3070 1852 3114 πάντων
1899 3069 2086 3128 εὐμενῶς
2132 3070 2246 3129 σφίσι
2303 3060 2305 3076 ¹

268 3141 572 3200 μετεσχηκέναι
601 3148 684 3184 τῶν
715 3141 945 3184 κινδύνων·
977 3141 1073 3184 τότε
1106 3142 1151 3184 δὲ
1181 3142 1255 3185 καὶ
1287 3142 1356 3185 διὰ
1384 3143 1462 3200 τὴν
1494 3140 1733 3200 Γαλατικὴν
1766 3141 2002 3200 περίστασιν
2032 3143 2245 3200 ἠναγκασ-
2303 3135 2305 3143 Ι

267 3214 391 3270 μένος
421 3213 525 3270 ἧκεν
558 3213 617 3262 εἰς
649 3210 939 3272 τὴν(Ρώμην.
993 3218 1031 3269 2,
1049 3219 1095 3256 8:
1131 3213 1318 3274 μεγάλην
1340 3214 1418 3273 γὰρ
1452 3215 1539 3257 δεῖν
1563 3213 1678 3274 ἔχειν
1709 3219 1810 3258 πᾶσι
1832 3219 1924 3262 τοῖς
1956 3214 2074 3263 θεοῖς
2104 3215 2244 3274 χάριν,
2301 3221 2303 3227 “

265 3286 301 3327 εἰ
327 3284 664 3342 συμπνεύσαντες
695 3285 769 3329 καὶ
792 3285 869 3344 μιᾷ
898 3287 1047 3345 γνώμῃ
1077 3288 1292 3346 χρώμενοι
1324 3288 1562 3340 (Eumenes
1583 3290 1628 3329 et
1649 3288 1825 3330 Attalus
1847 3288 2019 3342 fratres)
2054 3286 2243 3330 δύναιντο

264 3358 335 3399 τὸν
376 3357 460 3400 ἀπὸ
501 3356 705 3401 Γαλατῶν
747 3357 878 3415 φόβον
922 3357 1173 3401 ἀπώσασθαι
1217 3358 1289 3401 καὶ
1331 3359 1402 3402 τὸν
1442 3358 1523 3402 ἀπὸ
1568 3358 1728 3402 τούτων
1776 3359 1994 3418 ἐφεστῶτα
2037 3358 2244 3403 κίνδυνον.

267 3434 333 3484 20,
358 3434 435 3472 42;
479 3429 666 3488 μεγάλου
706 3429 783 3489 γὰρ
825 3429 904 3473 ὑπὸ
940 3437 1024 3473 τῶν
1069 3428 1270 3474 Γαλατῶν
1312 3431 1654 3490 ἐπικρεμαμένου
1701 3430 1896 3475 κινδύνου
1940 3432 1992 3491 τῇ
2041 3430 2244 3489 βασιλείᾳ.

265 3502 358 3542 Liv.
381 3502 509 3556 XLV,
536 3506 603 3557 49,
624 3507 698 3544 42;
741 3501 980 3546 accessisse
999 3501 1138 3547 etiam
1156 3516 1321 3546 novasm
1341 3507 1638 3559 tempestatem
1656 3517 1792 3561 reyno
1821 3502 2039 3548 tumultus
2066 3501 2243 3547 Gallici.
2298 3503 2301 3506 ’

266 3573 363 3620 Quo
414 3577 590 3616 terrore
635 3576 857 3618 adductus
898 3576 1074 3619 Attalus
1116 3577 1277 3630 petivit
1326 3590 1352 3619 a
1392 3580 1564 3631 senatu,
1614 3580 1665 3619 ut
1708 3579 1879 3630 legatos
1925 3578 2126 3619 mitteret
2165 3577 2244 3630 qui

268 3645 495 3687 Gallorum
528 3648 749 3700 impetum
782 3648 1048 3690 cohiberent
1078 3651 1122 3689 et
1162 3650 1398 3701 pristinam
1431 3661 1584 3690 rerum
1616 3650 1925 3691 condicionem
1957 3649 2243 3690 restituerent
2296 3698 2298 3706 γ
