2314 3970
235 234 339 283 224
911 232 960 271 Il.
1008 231 1207 282 Regnum
1238 230 1518 281 Lagidarum.
2053 229 2211 282 [444.-

379 406 499 457 τοο2
535 402 827 474 βασίλισσαν
861 400 1187 471 Κλεοπάτραν
1218 399 1482 471 Εὐεργέτιν
1499 404 1534 470 ³,
1565 400 1571 472 Ι
1601 401 1705 472 [τὴν
1739 402 1875 471 τ]οῦ4
1905 400 2090 471 πατρὸς
2125 401 2212 470 μὲν

379 490 608 560 γυναῖκα,
655 490 873 558 ἐμαυτοῦ
922 487 1016 558 δ[ὲ]
1056 487 1061 557 Ι
1112 485 1375 558 ἀνεψιάνῦ,
1425 488 1746 558 εὐχαριστίας
1792 489 1956 540 ἕνεκεν
2006 494 2094 557 τῆς
2142 489 2213 546 εἰς

327 592 351 631 5
383 577 565 645 ἑαυτήν
579 577 613 643 ⁶,
651 573 667 645 ΙΙ
704 571 1032 644 [Ἀπόλλωνι,]
1068 570 1331 645 Ἀρτέμιδι,
1371 574 1577 644 [Λητοῆ.

236 738 448 777 neutrum
480 735 552 776 hic
582 735 628 774 in
659 745 845 775 censum
876 735 1044 775 venire.
1103 733 1218 775 Nam
1250 735 1291 775 ei
1322 734 1401 774 filii
1430 735 1629 786 germani
1666 734 1846 776 fuerunt
1877 734 2138 786 Cleopatrae
2159 734 2216 773 111

234 807 552 848 Philometoris
584 806 713 860 filiae,
745 807 875 848 cuius
907 808 1082 848 statuae
1112 807 1223 847 haec
1254 805 1512 858 subscripta
1543 806 1736 847 fuerunt.
1788 807 1879 846 Iam
1913 807 2016 858 quis
2047 817 2215 857 quaeso

235 879 387 920 credet
416 879 557 920 filium
592 880 670 931 qui
701 880 862 920 matris
893 880 1134 931 imaginem
1167 878 1344 919 dedicet
1375 889 1472 918 eam
1514 879 1558 918 in
1589 879 1720 919 titulo
1753 878 1850 919 basi
1883 879 2023 919 inciso
2054 873 2216 930 ‘patris

234 952 417 1005 quidem
450 952 520 993 sui
542 962 749 1005 uxorem,
782 962 911 992 suam
944 953 1089 1004 ipsius
1110 962 1220 992 vero
1251 945 1583 992 consobrinam'
1614 948 1872 1004 appellare?
1925 952 2068 991 Immo
2091 951 2217 990 totus

233 1024 353 1065 tituli
384 1026 516 1064 tenor
546 1026 778 1064 auctoremv
810 1023 1105 1064 dedicationis
1137 1023 1382 1063 Ptolemaei
1412 1023 1598 1075 quidem
1629 1022 1876 1075 Euergetae
1906 1021 2048 1062 fllium
2079 1021 2218 1062 fuisse

236 1095 379 1149 docet,
420 1095 498 1137 sed
528 1097 685 1137 uxoris
716 1107 806 1148 qua
836 1097 875 1136 is
906 1097 1004 1136 tum
1035 1095 1251 1136 utebatur
1280 1107 1371 1136 non
1401 1095 1524 1136 item.
1584 1095 1737 1136 Restat
1774 1095 1913 1147 igitur
1950 1096 2002 1134 ut
2042 1094 2096 1134 de
2127 1093 2217 1132 filio

235 1169 482 1220 Euergetae
512 1179 568 1209 ex
598 1169 750 1221 priore
780 1179 923 1209 uxore
945 1168 1184 1221 Cleopatra
1205 1168 1242 1207 II
1272 1167 1609 1220 intellegamus;
1641 1178 1745 1208 nam
1767 1167 2013 1219 legitimam
2034 1165 2218 1219 quidem

236 1241 473 1293 coniugem
514 1240 756 1293 Euergetes
794 1241 975 1294 praeter
1018 1240 1099 1281 has
1139 1240 1252 1282 duas
1289 1239 1450 1281 habuit
1485 1239 1669 1292 nullam,
1716 1239 1900 1292 spurius
1945 1249 2055 1280 vero
2102 1237 2219 1289 regis

234 1313 353 1355 filius
383 1313 587 1366 profecto
620 1313 820 1365 reginam
851 1324 940 1354 non
971 1313 1016 1353 in
1047 1313 1179 1354 titulo
1208 1313 1453 1354 honorario
1486 1323 1616 1354 suam
1647 1311 1967 1353 consobrinam
1999 1310 2220 1364 appellas-

235 1388 316 1427 set.
377 1387 490 1426 Sane
531 1386 569 1427 si
598 1385 846 1437 Euergetae
887 1387 932 1426 et
964 1385 1227 1439 Cleopatrae
1258 1386 1296 1426 II
1334 1385 1454 1426 filius
1485 1384 1570 1425 fuit
1600 1384 1678 1437 qui
1716 1385 1828 1425 haec
1859 1383 2054 1436 scripsit,
2095 1382 2219 1424 Cleo-

235 1459 390 1510 patrae
420 1457 477 1497 III
509 1468 599 1497 non
631 1457 767 1498 modo
801 1458 1037 1510 privignus
1069 1458 1113 1496 et
1143 1456 1279 1497 frater
1309 1457 1541 1509 patruelis,
1578 1455 1658 1497 sed
1685 1457 1821 1496 etiam
1850 1455 1987 1495 frater
2013 1454 2219 1495 uterinus

235 1529 332 1570 fuit.
394 1529 479 1570 Sed
509 1530 620 1570 haec
651 1528 938 1570 necessitudo
972 1529 1124 1582 nescio
1159 1540 1214 1570 an
1247 1530 1433 1581 propter
1464 1528 1652 1569 discidia
1674 1527 1866 1569 familiae
1896 1528 2045 1579 regiae
2075 1528 2221 1567 tacea-

237 1604 325 1655 tur,
373 1602 479 1654 quia
524 1601 818 1642 dedicationis
863 1603 1069 1654 tempore
1114 1602 1243 1654 prior
1286 1612 1407 1642 uxor
1451 1600 1508 1641 ab
1553 1600 1774 1652 Euergeta
1826 1599 2062 1652 repudiata
2111 1601 2220 1639 erat.

237 1675 446 1715 Ceterum
478 1685 584 1714 cum
614 1674 691 1714 vix
723 1674 948 1726 explorari
979 1675 1138 1726 possit,
1176 1674 1333 1714 utrum
1365 1685 1390 1713 a
1420 1673 1521 1714 viro
1555 1684 1610 1713 an
1649 1684 1674 1713 a
1706 1672 1871 1713 femina
1911 1673 2060 1712 statua
2098 1670 2221 1711 dedi-

237 1749 336 1787 cata
376 1747 434 1787 sit
473 1746 540 1797 (cf.
572 1748 662 1787 not.
688 1746 740 1798 5),
788 1746 923 1787 etiam
963 1746 1019 1787 de
1054 1745 1145 1786 filia
1185 1746 1374 1798 cogitari
1412 1746 1530 1799 licet,
1579 1745 1658 1786 sed
1696 1745 1874 1797 reliqua
1915 1743 2066 1784 omnia
2105 1753 2222 1795 quae

236 1819 467 1872 disputavi
497 1820 692 1859 manent.
754 1819 797 1858 Si
827 1830 938 1859 vero
970 1818 1091 1859 filius
1121 1818 1218 1871 fuit,
1258 1818 1461 1871 proclive
1501 1819 1570 1858 est
1606 1817 1661 1858 de
1691 1817 1948 1858 Ptolemaeo
1977 1815 2222 1868 Memphite

237 1892 448 1944 cogitare,
489 1892 567 1943 qui
598 1891 853 1932 Ptolemaeo
875 1891 974 1930 VIII
1006 1891 1253 1942 Euergetae
1284 1891 1322 1930 II
1360 1902 1415 1931 ex
1455 1890 1607 1942 priore
1643 1900 1787 1930 uxore
1818 1890 1952 1929 natus
1990 1899 2106 1928 anno
2138 1889 2220 1927 445
2273 1883 2285 1923 :'
2311 1879 2314 1927 J

239 1965 318 2004 aut
352 1966 431 2004 444
455 1975 492 2004 a.
516 1963 616 2004 Chr.
641 1976 696 2016 n.‚
729 1974 845 2004 anno
880 1966 960 2002 430
986 1974 1023 2003 a.
1048 1963 1149 2003 Chr.
1181 1974 1292 2003 vero
1326 1962 1382 2003 ab
1413 1963 1514 2015 ipso
1535 1963 1663 2015 patre
1688 1963 1786 2002 tum
1809 1972 1913 2001 cum
1934 1960 2055 2000 illius
2077 1961 2222 2000 matre
2271 1957 2281 1987 ³-
2312 1947 2314 1990 ἶ

237 2037 480 2076 acerrimas
512 2036 771 2076 inimicitias
802 2037 1039 2076 exercente
1066 2035 1247 2076 occisus
1269 2036 1350 2075 est.
1393 2034 1591 2084 (Diodor.
1613 2033 1811 2086 XXXIII,
1837 2036 1903 2073 43.
1935 2031 2220 2084 XXXIV,⁴4.
2275 2042 2282 2080 '.

238 2109 393 2149 lustin.
415 2108 654 2161 XXXVIII,
680 2111 717 2161 8,
743 2107 825 2159 43).
885 2107 999 2149 Nam
1032 2109 1136 2148 utut
1165 2108 1276 2148 haec
1307 2107 1564 2159 singillatim
1606 2107 1873 2158 exaggerata
1911 2106 2029 2157 sunt,
2070 2106 2221 2144 tamen
2269 2093 2278 2114 ¹

236 2181 401 2221 iniuria
429 2179 706 2232 Mahaffyum
737 2191 899 2232 negare
929 2179 1069 2221 fuisse
1097 2180 1281 2220 omnino
1314 2178 1458 2219 filium
1490 2190 1544 2219 ex
1577 2179 1747 2219 maiore
1772 2178 2007 2230 Cleopatra
2037 2187 2221 2228 suscep·
2269 2178 2282 2209 τ’

237 2255 335 2293 tum
375 2253 448 2293 hic
478 2253 576 2305 ipse
615 2252 773 2292 titulus
814 2252 958 2293 docet.
1021 2251 1163 2300 Quem
1205 2252 1345 2292 nolim
1384 2254 1535 2292 tamen
1586 2250 1640 2291 de
1678 2250 1935 2290 Ptolemaeo
1978 2249 2222 2300 Memphite
2267 2242 2281 2278 ἕ
2303 2236 2314 2281 „j

234 2325 535 2377 interpretari,
574 2319 657 2377 'qui
689 2327 733 2365 et
763 2324 1129 2376 quattuordecim
1168 2335 1308 2364 annos
1339 2325 1473 2364 natus
1516 2323 1650 2375 periit
1690 2333 1835 2374 neque
1873 2322 1997 2373 regio
2041 2321 2222 2360 nomine

236 2408 348 2438 usus
385 2397 573 2437 videtur.
634 2397 690 2437 At
720 2397 1029 2438 Ptolemaeum
1071 2397 1267 2448 aliquem
1307 2396 1411 2436 inde
1443 2395 1500 2436 ab
1540 2407 1656 2436 anno
1692 2398 1766 2434 424
1807 2406 1844 2435 a.
1876 2394 1976 2434 Chr.
2006 2405 2046 2433 n.
2080 2394 2124 2432 in
2156 2393 2222 2432 in-

238 2470 336 2510 sula
357 2470 508 2522 Cypro
541 2480 766 2522 regnasse,
798 2470 877 2522 qui
909 2480 1054 2522 neque
1083 2470 1366 2510 Ptolemaeus
1387 2469 1429 2508 X
1460 2470 1591 2508 Soter
1612 2469 1649 2507 II
1681 2477 1827 2519 neque
1858 2466 2140 2506 Ptolemaeus
2161 2464 2222 2504 XI
2266 2467 2278 2515 ᾗ

237 2542 486 2582 Alexander
516 2543 532 2581 I
563 2553 662 2583 esse
692 2542 854 2595 possit,
894 2554 1091 2594 quorum
1130 2544 1322 2594 uterque
1353 2541 1601 2593 Euergetae
1642 2551 1696 2580 ex
1735 2539 1874 2580 altera
1912 2549 2054 2579 uxore
2097 2537 2222 2577 Cleo·
2265 2583 2275 2596 4

237 2616 365 2666 patra
385 2615 441 2653 ΙΙΙ
463 2613 582 2654 filius
604 2613 751 2667 fuerit,
774 2615 828 2655 M.
842 2614 1054 2655 L.Strack
1074 2614 1155 2654 Die
1171 2614 1388 2666 Dynastie
1411 2613 1489 2653 der
1509 2612 1761 2653 Ptolemaer
1780 2622 1822 2663 p.
1840 2613 1888 2651 47
1909 2621 2006 2662 sqq.
2030 2612 2112 2649 477
2123 2620 2220 2661 sqq.
2308 2598 2314 2654 ζ

236 2698 292 2727 ex
332 2686 561 2726 nonnullis
609 2687 822 2738 nummis,
877 2687 1035 2739 titulis,
1086 2687 1296 2726 actorum
1344 2685 1637 2738 praescriptis
1683 2682 1985 2736 probabiliter
2031 2681 2221 2733 collegit.

238 2758 443 2798 Eundem
475 2758 705 2798 existimat
744 2755 844 2799 θεὸν
876 2755 970 2798 νέον
1001 2754 1289 2812 Φιλοπάτορα,
1333 2758 1411 2808 qui
1442 2756 1547 2797 inde
1578 2756 1635 2797 ab
1667 2767 1782 2796 anno
1816 2755 2062 2806 Euergetae
2093 2755 2238 2805 quino,
2304 2806 2305 2810 Ἰ

239 2831 503 2883 quagesimo
535 2830 676 2871 altero
709 2830 805 2881 (449
830 2841 867 2870 a.
890 2830 990 2870 Chr.
1016 2829 1070 2880 n.)
1103 2830 1148 2869 in
1179 2831 1368 2882 papyris
1399 2830 1444 2868 et
1474 2829 1616 2868 titulis
1639 2829 1755 2868 inter
1774 2827 2014 2868 Alexandri
2043 2835 2222 2866 succes·
2303 2815 2305 2828 ⁴

240 2913 367 2943 sores
391 2902 554 2942 divinis
576 2901 829 2942 honoribus
851 2900 1037 2942 affectos
1060 2903 1320 2942 recensetur
1341 2901 1550 2953 proximo
1572 2902 1675 2941 ante
1705 2895 1830 2944 θεοὺς
1854 2894 2092 2954 Εὐεργέτας
2124 2897 2221 2937 loco
2253 2922 2257 2926 »
2303 2889 2305 2903 “

239 2974 307 3026 (cf.
341 2986 380 3014 n.
407 2977 503 3026 468,
528 2977 594 3014 46.
618 2976 685 3014 28.
711 2973 800 3024 33);
846 2973 968 3013 hunc
999 2983 1121 3025 vero,
1159 2983 1265 3013 cum
1297 2973 1604 3013 Ptolemaeum
1636 2973 1791 3012 Sotera
1821 2971 1859 3010 II
1890 2971 2068 3011 constet
2098 2969 2222 3009 Cleo-

239 3048 397 3099 patrae
430 3047 487 3086 111
534 3045 677 3086 filium
724 3046 833 3086 natu
878 3046 1127 3086 maximum
1176 3044 1327 3097 fuisse,
1379 3045 1634 3085 necessario
1682 3055 1738 3084 ex
1781 3043 1932 3096 priore
1978 3042 2223 3092 Euergetae

241 3119 534 3159 matrimonio
579 3117 888 3171 repetendum.
952 3116 1074 3164 Quae
1125 3117 1274 3157 omnia
1317 3128 1610 3169 permagnam
1652 3114 2018 3170 probabilitatem
2058 3112 2223 3154 habere

241 3191 351 3231 mihi
381 3190 606 3243 videntur,
648 3191 839 3243 ideoque
872 3189 1149 3231 confidenter
1179 3189 1235 3230 ad
1267 3190 1387 3230 hunc
1417 3189 1726 3230 Ptolemaeum
1757 3187 1992 3228 retulerim
2024 3185 2221 3225 titulum.

241 3263 326 3311 Qui
358 3263 625 3315 priusquam
657 3263 779 3314 regio
809 3262 990 3303 nomine
1020 3261 1253 3314 praeditus
1285 3261 1487 3314 Cyprum
1519 3261 1803 3313 gubernaret,
1835 3259 1978 3311 patris
2009 3257 2221 3309 auspiciis

242 3335 426 3387 strategi
458 3336 597 3375 totius
629 3335 802 3375 insulae
824 3334 1023 3375 officium
1045 3334 1316 3374 sustinuisse
1336 3333 1529 3374 videtur.
1582 3333 1642 3374 Cf.
1675 3345 1716 3372 n.
1742 3331 1865 3371 4431.
2015 3333 2038 3368 2
2081 3329 2221 3369 Ptole·
2299 3315 2301 3323 ¹

243 3418 398 3448 maeus
411 3407 507 3446 VIII
530 3407 771 3458 Euergetes
790 3408 826 3446 11
850 3407 879 3459 (4
894 3410 1022 3447 46--4
1037 3409 1051 3446 4
1066 3410 1088 3446 6
1111 3418 1148 3446 a.
1172 3405 1272 3445 Chr.
1296 3405 1366 3456 n.).
1503 3409 1525 3444 3
1559 3405 1795 3457 Cleopatra
1813 3404 1882 3454 III,
1906 3400 2221 3442 Philometoris

242 3481 286 3518 et
308 3479 570 3530 Cleopatrae
591 3478 627 3518 II
648 3478 751 3530 filia,
784 3479 1031 3530 Euergetae
1051 3478 1088 3517 II
1110 3489 1228 3518 uxor
1248 3477 1399 3517 altera.
1542 3479 1563 3516 4
1605 3476 1840 3528 Supplevit
1861 3474 2028 3514 Strack,
2076 3469 2220 3526 [Εὐερ-
2296 3473 2299 3506 f

241 3547 378 3605 γὲτ]ου
412 3550 539 3591 Hom.
565 3552 721 3590 contra
742 3561 931 3591 morem.
1058 3553 1080 3589 5
1126 3549 1362 3602 Supplevit
1383 3549 1599 3589 Homolle.
1648 3547 1707 3599 ὃ[ὲ
1740 3544 1903 3603 μητέρα
1932 3543 2018 3597 καὶ]
2049 3540 2219 3598 ἀνεψιάν

242 3621 413 3673 Strack,
445 3622 518 3661 cui
550 3633 695 3674 neque
726 3623 925 3674 spatium
958 3621 1123 3663 sufficit
1153 3632 1299 3673 neque
1331 3620 1545 3661 credibile
1574 3622 1643 3661 est·
1671 3621 1863 3660 matrem
1885 3618 1982 3657 eius
2013 3617 2092 3668 qui
2113 3616 2220 3656 haec

241 3693 469 3734 dedicavit
498 3693 571 3732 hic
602 3693 854 3746 significari,
897 3694 976 3734 sed
1005 3704 1248 3735 novercam
1288 3693 1392 3744 (not.
1419 3692 1471 3744 4),
1510 3692 1556 3732 id
1597 3691 1722 3743 quod
1763 3690 1917 3731 verbis
1953 3691 2027 3729 τοῦ
2068 3684 2221 3742 πατρὸς
2293 3691 2295 3742 3
