2314 3970
94 143 119 208 3
129 169 195 220 83]
925 166 1173 208 Antiochus
1202 168 1233 208 I.
1969 170 2072 219 599

239 342 364 409 ἐμῆς
401 358 454 390 τε
492 338 725 409 πατρίδος
754 338 759 408 Ι
789 340 1137 410 παντρόφοι)22
1174 337 1518 410 Κομμαγηνῆς
1533 340 1578 375 23
1607 336 1878 409 θεοπρεΙπῆ
1917 342 2073 391 ταῦτα

241 422 512 495 ἀγάλματα
549 423 937 496 καθιδρυσάμην
981 425 986 495 Ι
1030 425 1128 477 ἀπό
1164 446 1217 478 τε
1254 425 1507 484 λιθείας24
1547 428 1662 495 μιᾶς
1695 425 1924 494 δαίμοσιν
1953 426 2075 494 ἐπη-

150 524 204 565 60
235 512 371 570 κόοις
415 511 431 581 ΙΙ
479 511 749 582 σύνθρονον
796 516 1100 582 χαρακτῆρα
1148 516 1344 582 μορφῆς
1394 514 1519 581 ἐμῆς
1570 511 1575 580 Ι
1625 511 1945 581 σονανέθηκα
1989 510 2076 563 καὶ

236 598 392 668 τύχης
429 599 547 657 νέας
583 597 855 668 ἡλικιῶΙτιν
884 597 1104 668 ἀρχαίαν
1131 597 1263 650 θεῶν
1293 596 1524 667 μεγάλων
1552 598 1698 669 τιμὴν
1726 596 2073 668 ἐποιΙησάμην,

68 739 73 756 ‚
147 697 200 739 65
235 685 434 754 μίμημα
473 685 665 737 δίκαιον
700 682 985 755 φυλάσΙσων
1015 682 1275 736 ἀθανάτου
1302 683 1573 754 φροντίδος,
1615 687 1646 755 ἢ
1682 683 1936 754 πολλάΙΙκις
1963 682 2075 751 ἐμοὶ

234 769 545 841 παραστάτις
581 770 828 842 ἐπιφανὴς
867 772 938 829 εἰς
977 770 1232 841 βοήΙθειαν
1273 770 1480 839 ἀγώνων
1525 772 1795 841 βασιλικῶν
1823 771 2035 842 εὐμενὴς
2066 769 2071 841 Ι

235 859 443 928 ἑωρᾶτο.
503 858 676 928 χώραν
714 877 769 909 τε
810 856 984 927 ἱκανὴν
1022 854 1108 908 καὶ
1144 855 1435 927 προΙσόδους
1474 858 1523 915 ἐξ
1558 857 1712 927 αὐτῆς
1751 858 2075 928 ἀκινήτους25

147 958 199 997 70
232 945 303 1002 εἰς
352 942 554 1013 θυσιΙῶν
604 944 927 996 πολυτέλειαν
976 943 1236 1013 ἀπένειμα,
1275 942 1290 1014 ΙΙ
1334 944 1608 1014 θεραπείαν
1658 965 1712 997 τε
1758 945 2074 1015 ἀνέγλειπτον

92 1105 384 1156 cognoscitur
423 1105 478 1156 (v.
509 1103 777 1145 Gutschmid
807 1104 871 1144 Kl.
902 1103 1124 1144 Schriften
1154 1103 1213 1142 111
1242 1114 1284 1155 p.
1316 1106 1381 1143 64.
1434 1104 1699 1145 Geschichte
1730 1106 1856 1146 Irans
1895 1116 1938 1157 p.
1963 1105 2073 1156 465).

90 1178 380 1217 Monumenta
407 1176 608 1218 Romana
635 1176 961 1228 mysteriorum
990 1175 1330 1216 Mithriacorum
1366 1178 1444 1216 aut
1474 1176 1669 1216 eundem
1697 1176 1833 1217 deum
1863 1177 2076 1229 indicant,

89 1249 240 1301 (lnscr.
265 1249 336 1289 Gr.
360 1249 443 1289 Sic.
466 1249 511 1288 et
530 1249 580 1289 It.
607 1251 703 1301 688,
726 1251 765 1288 4.
788 1251 826 1288 2.
862 1250 957 1300 894,
981 1251 1019 1288 4.
1045 1250 1083 1287 2.
1117 1250 1213 1300 996,
1239 1251 1275 1287 4.
1309 1251 1405 1301 998,
1429 1251 1468 1288 4.
1501 1251 1597 1301 999,
1623 1248 1675 1301 4),
1712 1250 1790 1290 aut
1821 1250 2076 1290 arctissima

90 1320 420 1362 necessitudine
443 1332 547 1361 cum
572 1320 647 1361 illo
670 1320 976 1361 coniunctum.
1030 1319 1226 1360 Cumont
1247 1330 1289 1372 p.
1315 1322 1423 1360 3048
1458 1331 1498 1360 n.
1523 1322 1562 1361 4.
1613 1321 1707 1361 Iam
1729 1332 1835 1361 cum
1866 1321 2076 1362 inferiore

89 1395 234 1434 aetate
256 1393 377 1446 apud
394 1393 590 1434 Graecos
609 1392 772 1445 Apollo
796 1392 918 1433 idem
940 1403 992 1433 ac
1013 1392 1086 1432 Sol
1108 1391 1365 1445 haberetur,
1389 1392 1592 1444 proclive
1613 1395 1709 1434 erat
1730 1394 1864 1435 etiam
1887 1394 2076 1434 Mithrae

90 1477 254 1507 nomen
274 1465 492 1518 Apollinis
510 1464 724 1506 tribuere.
768 1464 955 1506 Accedit
969 1465 1095 1517 quod
1116 1465 1232 1505 inter
1253 1464 1404 1506 stellas
1426 1465 1630 1517 planetas
1646 1477 1762 1518 quae
1780 1466 1901 1518 apud
1917 1466 2075 1507 Persas

87 1538 276 1579 Mithrae
297 1548 397 1579 esse
418 1537 679 1590 putabatur,
706 1537 895 1578 eandem
918 1538 1074 1578 Graeci
1097 1537 1263 1590 partim
1283 1537 1478 1590 Apollini
1499 1539 1665 1590 partim
1686 1539 1908 1579 Mercurio
1931 1538 2076 1578 vindi·

42 1647 43 1650 ,
88 1610 251 1651 cabant
282 1610 536 1662 (Puchstein
565 1621 608 1662 p.
634 1613 714 1650 335
749 1611 838 1650 not.
865 1609 917 1661 4),
956 1609 1077 1650 unde
1108 1610 1301 1650 accessit
1331 1611 1517 1650 tertium
1547 1621 1713 1650 nomen
1737 1603 1911 1666 Ἑρμῆς.
1963 1611 2075 1650 Sane

87 1683 275 1723 Mithrae
306 1684 351 1723 et
379 1683 589 1723 Mercurii
620 1682 690 1723 vis
729 1683 866 1734 atque
896 1683 1058 1722 natura
1097 1693 1152 1722 eo
1193 1684 1314 1722 certe
1345 1683 1528 1723 nomine
1559 1682 1731 1735 aliquid
1767 1683 2076 1723 similitudinis

86 1754 297 1808 habebat,
333 1755 460 1808 quod
489 1756 683 1807 uterque
713 1752 1004 1812 ψυχοπομποῦ
1036 1753 1186 1795 officio
1220 1754 1344 1806 fungi
1375 1754 1736 1796 existimabatur.
1788 1755 1850 1795 Cf.
1882 1755 2078 1796 Cumont

87 1838 130 1880 p.
155 1830 280 1868 3055.
441 1830 485 1866 24
535 1826 620 1874 Qui
652 1826 763 1867 deus
805 1827 851 1867 in
891 1826 1018 1867 libris
1051 1827 1193 1868 sacris
1223 1827 1446 1868 Avesticis
1486 1824 1796 1882 Verethrayna
1834 1829 1914 1880 est,
1955 1827 2076 1867 unde

84 1899 405 1940 Armeniacum
425 1896 630 1952 Vahayn,
654 1899 893 1940 Persarum
915 1899 1183 1940 recentioris
1206 1900 1365 1940 aetatis
1384 1896 1594 1940 Bahrc‘z‘m
1614 1902 1659 1940 et
1681 1899 1874 1940 fortasse
1895 1899 2075 1940 Aethio-

85 1972 241 2024 picum
281 1968 491 2013 Mahrem
529 1973 686 2012 natum
728 1973 809 2023 est,
852 1971 1047 2012 eundem
1090 1982 1196 2012 cum
1237 1971 1468 2024 Lagardio,
1510 1972 1642 2012 cuius
1681 1971 1992 2013 doctissimam
2032 1973 2076 2012 et

87 2043 432 2085 subtilissimam
460 2043 514 2084 de
542 2044 626 2084 hac
653 2054 701 2084 re
725 2043 1080 2096 disputationem
1105 2043 1236 2084 attuli
1258 2055 1300 2084 n.
1325 2046 1405 2084 499
1417 2042 1468 2097 63,
1506 2044 1579 2084 hic
1603 2038 1826 2100 Ἀρτάγνην
1859 2044 2077 2097 appellari

86 2116 245 2158 statuit
275 2116 604 2156 Puchsteinius.
667 2115 835 2156 Eodem
873 2118 1078 2168 spectare
1118 2117 1389 2157 ΟΡΔΑΓΝΟ
1419 2116 1493 2157 vel
1525 2117 1791 2158 ΟΡΛΑΓΝΟ
1832 2127 2000 2157 nomen
2031 2117 2077 2157 in

14 2191 38 2249 Ἰ
86 2189 287 2229 nummis
318 2188 661 2240 Indoscythicis,
702 2190 970 2240 praesertim
1003 2199 1108 2228 cum
1139 2189 1187 2228 in
1217 2188 1413 2229 aliorum
1444 2188 1648 2230 eiusdem
1690 2189 1885 2241 regionis
1916 2200 2073 2241 regum

32 2261 39 2306 Γ
84 2260 286 2301 nummis
318 2260 486 2301 Graeca
523 2260 727 2300 Herculis
767 2259 935 2311 effigies
972 2271 1078 2301 cum
1109 2261 1406 2313 inscriptione
1450 2261 1687 2302 ΗΡΑΚΙΛΟ
1726 2262 1948 2302 occurrat.
2008 2261 2077 2301 Ad

85 2332 279 2373 eundem
319 2332 455 2373 deum
503 2332 640 2373 etiam
685 2331 972 2373 referendum
1016 2332 1164 2373 videri
1202 2333 1517 2373 testimonium
1559 2332 1795 2374 Strabonis
1833 2333 1915 2373 XV
1948 2335 1987 2385 2,
2021 2335 2072 2372 44

32 2404 38 2429 s
84 2415 128 2457 p.
154 2407 233 2444 727
268 2404 386 2445 Cas.:
427 2409 614 2461 χρῶνται
645 2397 675 2444 δ’
703 2402 757 2456 (οἱ
786 2399 1044 2460 Καρμάνιοι)
1077 2401 1189 2451 ὄνοις
1220 2403 1261 2446 οἱ
1291 2402 1445 2446 πολλοὶ
1473 2402 1674 2460 καὶπρὸς
1704 2401 1894 2459 πόλεμον
1927 2403 2076 2447 σπάνει

36 2471 37 2476 ’
83 2480 169 2520 τῶν
199 2473 364 2518 ἵππων·
402 2473 499 2518 ὄνον
524 2490 570 2517 τε
601 2473 753 2518 θύουσι
781 2475 842 2532 τῷ
871 2471 995 2532 Ἄρει,
1029 2473 1157 2532 ’όνπερ
1190 2474 1383 2532 σέβονται
1413 2474 1526 2519 θεῶν
1559 2474 1703 2531 μόνον,
1734 2475 1807 2518 καὶ
1837 2474 1917 2518 εἰσὶ
1948 2474 2075 2518 πολε-

87 2546 243 2603 μισταί.
295 2548 378 2589 Hic
404 2559 588 2601 quoque
609 2547 768 2590 eadem
790 2549 930 2601 stella,
953 2559 1070 2601 quae
1093 2549 1216 2602 apud
1237 2550 1395 2590 Persas
1418 2549 1490 2590 dei
1510 2546 1711 2591 Behrc'im
1733 2546 2073 2604 (Verethraqna)

32 2622 33 2625 ’
87 2622 168 2673 est,
210 2632 236 2661 a
267 2621 448 2661 Graecis
479 2620 616 2661 modo
650 2620 831 2661 Herculi
863 2620 1000 2661 modo
1033 2621 1163 2661 Marti
1193 2621 1464 2674 vindicatur,
1506 2632 1647 2674 quare
1677 2621 1751 2662 ille
1782 2623 1827 2662 et
1858 2615 2076 2678 Ἡρακλῆς

86 2693 131 2732 et
159 2686 284 2747 Ἄρης
314 2692 454 2733 audit.
516 2691 576 2733 Cf.
609 2692 688 2733 Th.
710 2692 912 2733 Noldeke
944 2692 1212 2734 Geschichte
1244 2693 1324 2734 der
1356 2695 1512 2735 Perser
1541 2694 1637 2734 und
1665 2693 1839 2735 Araber
1870 2705 1951 2734 zur
1983 2694 2076 2734 Zeit

25 2747 36 2774 '³
86 2763 165 2805 der
186 2763 430 2804 Sasaniden
461 2774 542 2804 aus
573 2764 653 2807 der
685 2764 952 2805 arabischen
973 2764 1170 2806 Chronik
1201 2765 1280 2806 des
1309 2765 1472 2806 Tabari
1503 2764 1735 2806 iibersetzt
1765 2778 1807 2819 p.
1833 2769 1885 2806 46
1919 2768 2010 2807 not.
2036 2769 2074 2806 3.

84 2836 134 2877 A.
155 2847 247 2878 von
269 2836 536 2877 Gutschmid
566 2837 719 2878 Kleine
741 2837 962 2878 Schriften
993 2838 1051 2878 III
1082 2849 1125 2890 p.
1152 2841 1217 2879 89.
1265 2838 1533 2879 Geschichte
1555 2840 1679 2879 Irans
1710 2849 1753 2890 p.
1779 2842 1875 2880 465.
1928 2839 2075 2880 Puch-

25 2903 38 2929 ‘
86 2908 202 2949 stein
238 2908 398 2949 Reisen
436 2920 479 2961 p.
503 2912 600 2950 282.
634 2912 729 2950 335.
763 2912 842 2950 340
884 2912 928 2950 et
967 2922 1037 2963 ap.
1077 2911 1472 2963 Pauly-Wissowa
1511 2910 1948 2963 Realencyklopadie
1978 2912 2016 2951 II
2049 2915 2065 2951 4

39 3030 40 3033 ¹
86 2991 131 3033 p.
153 2983 278 3021 4302.
329 2981 377 3021 A.
401 2981 596 3022 Cumont
626 2993 695 3034 ap.
729 2982 930 3023 Roscher
959 2983 1160 3025 Lexikon
1193 2983 1272 3024 der
1303 2995 1366 3036 gr.
1400 2983 1494 3024 und
1523 2988 1638 3024 ro‘m.
1662 2983 1940 3036 Mythologie
1970 2985 2022 3036 II,
2048 2987 2063 3023 4

29 3053 34 3097 ‘5
85 3063 129 3105 p.
162 3054 286 3092 3043.
463 3057 515 3093 22
555 3054 834 3107 Camporum
877 3066 1021 3108 prope
1063 3057 1297 3097 Samosata
1341 3057 1567 3108 egregiam
1613 3055 1891 3096 fertilitatem
1937 3056 2073 3097 etiam

0 3137 1 3151 ¹
26 3147 27 3152 =
87 3123 246 3165 Strabo
278 3124 511 3177 praedicat
540 3126 641 3166 XVI
670 3130 710 3180 2,
733 3129 756 3166 3
789 3138 832 3180 p.
856 3129 938 3168 749
972 3127 1089 3169 Cas.:
1132 3126 1326 3171 ’καθόλου
1369 3127 1446 3183 μὲν
1487 3125 1612 3182 οὕτω,
1652 3121 1747 3170 καθ’
1775 3125 1935 3170 ἕκαστα
1965 3126 2012 3169 δὲ
2043 3126 2072 3182 ἡ

86 3191 362 3252 Κομμαγηνὴ
395 3195 526 3253 μικρά
555 3195 619 3245 τίς
650 3195 782 3239 ἐστιν·
820 3197 914 3258 ἔχει
945 3194 974 3240 δ’
1003 3198 1188 3257 ἐρυμνὴν
1221 3198 1343 3241 πόλιν
1376 3196 1619 3254 Σαμόσατα,
1653 3198 1696 3241 ἐν
1725 3190 1752 3258 ᾗ
1784 3198 1831 3241 τὸ
1866 3197 2073 3255 βασίλειον

35 3301 39 3308 .
89 3263 276 3326 ὑπῆρχε·
307 3271 382 3309 νῦν
416 3262 446 3309 δ’
474 3266 657 3327 ἐπαρχία
685 3268 851 3327 γέγονε·
882 3271 1004 3329 χώρα
1035 3270 1081 3312 δὲ
1111 3270 1344 3328 περίκειται
1376 3270 1540 3329 σφόδρα
1571 3269 1797 3327 εὐδαίμων,
1829 3269 1952 3329 ὀλίγη
1983 3270 2073 3325 [δέ].

26 3335 40 3354 ³·
89 3339 149 3380 Cf.
189 3351 306 3392 quae
346 3340 401 3381 de
447 3342 702 3395 anaglypho
740 3344 784 3385 in
831 3344 1043 3385 lemmate
1082 3344 1139 3385 ad
1178 3356 1217 3385 n.
1251 3347 1329 3385 387
1371 3345 1578 3397 exposita
1623 3346 1742 3386 sunt.
1914 3347 1966 3384 23
2011 3344 2072 3386 Cf.

26 3462 35 3474 ,Ἰ
89 3422 130 3451 n.
155 3414 251 3464 387,
272 3416 308 3452 7.
332 3415 371 3453 8.
549 3416 601 3453 24
644 3414 707 3454 De
738 3415 823 3456 hac
853 3427 966 3457 voce
1005 3416 1059 3456 cf.
1093 3428 1208 3468 quae
1240 3416 1453 3457 adnotata
1491 3418 1596 3457 sunt
1628 3429 1669 3458 n.
1694 3415 1816 3457 4327.
1878 3416 1960 3458 Hic
1989 3414 2072 3458 ἀπὸ

90 3484 191 3536 μιᾶς
220 3480 386 3530 λιθείας
417 3485 496 3525 vix
527 3485 650 3526 aliud
681 3486 931 3539 significare
962 3490 1113 3541 potest
1143 3500 1196 3529 ac
1225 3488 1340 3540 regis
1372 3489 1518 3541 ipsius
1550 3489 1794 3541 imaginem
1826 3499 1882 3530 ex
1913 3489 2072 3530 eodem

89 3553 254 3606 lapidis
291 3566 453 3607 genere
497 3556 706 3599 effectam
744 3569 843 3600 esse
885 3571 936 3600 ac
978 3560 1168 3601 deorum
1209 3560 1464 3602 simulacra.
1643 3564 1695 3602 25
1737 3559 1988 3616 ἀκεινήτους
2019 3559 2071 3602 B.

90 3625 154 3666 De
185 3628 406 3669 sententia
436 3629 488 3669 cf.
522 3641 563 3670 n.
590 3632 684 3683 332,
708 3633 782 3672 ⁴9:
821 3635 906 3672 τῶν
943 3629 1203 3688 ἀμετοίστων
1234 3630 1468 3688 προσόδων.
