2314 3970
112 183 207 236 266]
650 180 872 221 Eumenes
902 180 920 219 1
951 180 996 220 et
1025 177 1189 220 milites
1219 177 1525 220 mercennarii.
1967 178 2072 229 435

253 350 466 425 ἀριθμὸν
532 350 814 405 ἀποδόντων
874 349 956 404 τὸν
1013 349 1238 421 κύριον11
1293 350 1298 421 Ι
1356 349 1442 403 καὶ
1496 349 1771 421 γενομένων
1829 347 2071 420 ἀπέργων,

250 441 382 499 ὅπως
443 436 497 490 τὸ
562 436 775 510 ὀψώνιον
832 436 1130 509 λαμβάνωσι
1187 436 1194 508 Ι
1250 439 1338 490 τοῦ
1392 435 1818 509 προειργασμένου
1872 436 2074 507 χρόνου.

8 542 9 585 ff
67 531 151 596 §4
254 525 375 596 ὑπὲρ
425 526 780 596 ὀρφανικῶνΠ,
827 526 960 584 ὅπως
1006 522 1064 577 ἂν
1107 522 1113 593 Ι
1162 524 1209 576 οἱ
1258 522 1474 595 ἄγχιστα
1518 524 1689 595 γένους
1734 520 2072 594 λαμβάνωσιν,

8 598 10 621 ᾗ
67 616 151 682 §5
182 614 286 682 1οἢ
326 613 389 664 ὧι
427 609 486 663 ἄν
527 610 835 681 ἀπολίπηι13.
889 609 1010 681 ὑπὲρ
1048 610 1217 677 τελῶν,
1257 607 1274 679 ΙΙ
1308 611 1441 670 ὅπως
1476 608 1535 663 ἄν
1561 611 1593 680 ἡ
1624 609 1826 663 ἀτέλεια
1852 607 2078 680 ὑπάρχηι

107 770 211 827 ὑπὲρ
240 777 324 813 τῶν
355 768 457 812 υἱῶν
490 767 752 826 σι[τηρέσιον]
776 766 783 825 Ι
808 767 912 811 ἐτῶν
945 765 1018 810 δύο
1053 768 1244 810 ΗΗΗΙ-Ρ.
1297 764 1561 826 Χρυσάντα[ς
1583 789 1870 799 ----------
1872 768 1885 822 ]
1920 766 1926 824 Ι
1960 782 2076 824 σιτη-

108 843 241 903 ρέσιον
273 840 483 898 ἑξαμήνου
518 841 1149 896 ΙἎΔ[ΔΔΔΙ-Η·Ι·Ῐ-Ι-ῐ-Ι·Ἰ-ΙΙΙΙ.
1197 834 1554 898 Ἀγα]Ιθόστρατος
1574 836 1799 896 Μέμνονος
1823 838 2075 898 σιτ[ηρέσιον

107 913 346 973 ἑ]ΙΕαμήνου
378 913 1000 956 ΙἩΔΔΔΔΙ-Ι-Ι-Ι-ι-ΡΙ-Ι-Ι-ΙΙΙΙ.
1059 910 1174 954 Nam
1213 911 1288 952 hio
1329 912 1592 953 semenstris
1629 912 1812 965 quidem
1854 913 2076 966 temporis

106 998 280 1030 merces
319 988 388 1029 est
418 987 739 1028 drachmarum
768 982 900 1040 992s3,
947 984 1081 1026 annui
1113 994 1220 1025 vere
1250 995 1339 1025 non
1375 983 1542 1038 duplex
1577 994 1757 1026 summa
1797 982 1953 1040 (⁴99²l3
1981 984 2075 1039 dr.)‚

105 1060 184 1102 sed
215 1059 359 1101 multo
398 1060 543 1100 minor
574 1058 661 1110 (454
699 1058 778 1111 dr.,
818 1057 987 1098 biennii
1019 1059 1099 1096 302
1134 1055 1227 1109 dr.)‚
1285 1055 1418 1104 Quod
1448 1057 1558 1109 quin
1590 1055 1839 1098 Newtonus
1870 1059 1991 1098 recte
2022 1057 2077 1098 de

105 1143 221 1174 anno
262 1131 445 1172 militari
482 1141 646 1172 novem
687 1129 912 1172 mensium
950 1128 1272 1181 interpretatus
1311 1128 1382 1181 sit,
1422 1126 1621 1169 dubitari
1657 1139 1747 1169 non
1787 1128 1904 1169 licet.
1965 1129 2076 1170 Sane

103 1205 215 1246 haec
244 1205 340 1245 tota
369 1202 660 1257 computandi
684 1202 811 1255 ratio,
843 1211 899 1242 ex
920 1199 1184 1242 condicione
1214 1201 1259 1240 et
1281 1199 1626 1242 necessitatibus
1648 1200 1930 1241 exercituum
1958 1202 2076 1253 nata,

105 1277 274 1319 nullam
303 1275 440 1318 habet
469 1274 765 1317 conexionem
796 1284 900 1315 cum
931 1272 1056 1314 fastis
1088 1273 1192 1314 anni
1213 1272 1373 1314 civilis.
1423 1271 1579 1326 Neque
1601 1273 1720 1313 enim
1749 1274 1871 1313 recte
1901 1273 1939 1314 si
1968 1272 2078 1325 quid

104 1350 236 1392 video
266 1348 486 1390 Usenerus
517 1348 598 1388 has
629 1346 840 1399 reliquias
871 1345 1040 1387 iudicat
1068 1345 1334 1398 antiquioris
1365 1344 1588 1386 fastorum
1619 1345 1790 1387 ordinis
1821 1345 1953 1387 cuius
1985 1355 2078 1385 me-

105 1421 250 1463 moria
279 1431 386 1462 cum
419 1419 541 1473 apud
570 1419 796 1460 Romanos
827 1418 872 1459 in
902 1418 978 1459 illo
1011 1417 1188 1459 Romuli
1220 1428 1335 1459 anno
1365 1418 1464 1458 tum
1503 1417 1548 1458 in
1580 1417 1857 1459 Graecorum
1888 1416 2077 1470 quibus-

105 1494 209 1535 dam
239 1492 523 1534 caerimoniis
554 1492 818 1533 conservata
849 1491 919 1532 sit.
1069 1494 1117 1531 40
1159 1490 1397 1532 Eumenes.
1449 1490 1615 1543 Sponte
1645 1490 1784 1543 patet,
1825 1500 1915 1531 non
1951 1488 2078 1531 fastis

105 1565 315 1607 civilibus
345 1565 721 1617 Pergamenorum
753 1574 808 1604 ne
839 1563 1007 1604 mensis
1038 1563 1315 1604 intercalaris
1345 1563 1570 1604 inseratur
1599 1562 1763 1615 caveri,
1800 1561 1846 1602 id
1876 1561 2000 1615 quod
2030 1562 2077 1602 in

104 1639 297 1691 civitate,
329 1648 444 1691 quae
475 1647 590 1678 anno
621 1636 852 1678 lunisolari
873 1646 1010 1688 quem
1032 1634 1189 1676 dicunt
1207 1636 1426 1689 uteretur,
1460 1635 1663 1676 omnium
1696 1634 2076 1676 absurdissimum

105 1712 213 1764 erat,
245 1709 324 1752 sed
355 1720 410 1751 ne
431 1709 652 1750 Eumenes
682 1709 769 1750 illis
800 1708 940 1762 annis,
973 1708 1051 1761 qui
1073 1718 1274 1749 mensem
1303 1707 1616 1749 intercalarem
1636 1706 1844 1760 habeant,
1875 1717 2077 1748 mercen-

105 1784 256 1825 narios
286 1782 497 1824 undecim
530 1792 707 1822 menses
729 1780 814 1822 sub
846 1780 985 1832 signis
1017 1780 1255 1822 contineat.
1402 1783 1448 1820 44
1488 1779 1574 1828 Qui
1604 1790 1709 1820 eum
1741 1790 1964 1820 annorum
1995 1790 2076 1819 nu-

106 1867 298 1909 merum,
330 1855 376 1896 in
405 1865 543 1908 quem
575 1854 785 1895 conducti
817 1854 935 1907 sunt,
977 1851 1269 1894 absolverint.
1320 1851 1386 1893 Fr.
1533 1854 1586 1892 42
1629 1852 1814 1893 Frankel
1853 1852 2076 1905 opinatur,

106 1940 195 1970 non
224 1927 360 1969 modo
392 1926 560 1979 liberis,
592 1926 672 1967 sed
701 1925 837 1967 etiam
858 1925 1079 1978 proximis
1099 1924 1444 1976 consanguineis
1475 1925 1611 1977 atque
1642 1924 1706 1965 eis
1737 1935 1853 1976 quos
1884 1924 2078 1976 quisque

104 1999 373 2041 testamento
405 1997 693 2052 designasset,
734 1996 991 2038 mercedem
1022 1998 1127 2051 post
1156 1996 1275 2038 illius
1307 1997 1501 2037 mortem
1538 2006 1622 2049 per
1651 1995 1932 2048 aliquantum
1963 1996 2078 2036 tem-

105 2071 229 2126 poris
268 2070 325 2112 ab
366 2070 566 2112 Eumene
605 2070 756 2112 datam
794 2080 904 2111 esse.
963 2069 1020 2110 At
1059 2070 1146 2111 hoc
1176 2080 1281 2110 cum
1322 2079 1403 2123 per
1432 2079 1481 2110 se
1511 2069 1663 2122 ipsum
1701 2067 1965 2109 incredibile
1996 2069 2077 2122 est,

104 2146 203 2186 tum
235 2155 324 2196 quo
355 2145 490 2197 pacto
522 2142 633 2184 tales
662 2142 881 2196 pecuniae
910 2139 1117 2199 ὀρφανικοί
1147 2141 1303 2183 vocari
1333 2141 1510 2195 possint
1539 2152 1630 2183 non
1654 2140 1940 2194 intellegitur,
1972 2141 2078 2193 quia

105 2216 374 2270 plerumque
403 2215 460 2256 ad
491 2215 601 2256 alios
631 2215 837 2256 homines
875 2215 1012 2267 atque
1042 2213 1099 2255 ad
1129 2213 1310 2268 liberos,
1352 2224 1471 2267 quos
1509 2213 1638 2255 miles
1674 2213 1935 2267 impuberes
1975 2212 2076 2253 reli-

105 2288 277 2342 querat,
308 2286 643 2341 perveniebant.
690 2285 846 2339 Neque
877 2286 987 2327 haec
1018 2286 1216 2339 permira
1245 2286 1475 2328 institutio
1501 2285 1758 2327 credibilior
1787 2285 1838 2326 fit
1857 2285 2077 2326 Frankelii

107 2360 434 2413 observatione,
466 2359 679 2412 quoniam
711 2358 842 2399 multi
871 2369 927 2399 ex
958 2357 1178 2399 militibus
1209 2359 1304 2399 sine
1326 2357 1466 2399 dubio
1499 2357 1666 2399 liberos
1696 2357 1962 2400 habuissent
1987 2368 2077 2398 non

105 2444 160 2474 ex
190 2432 388 2485 legitimo
418 2431 706 2473 matrimonio
737 2431 977 2484 susceptos
1008 2430 1087 2471 sed
1124 2441 1179 2471 ex
1210 2430 1473 2472 concubinis
1503 2432 1780 2484 procreatos,
1819 2431 1889 2471 his
1921 2441 2078 2471 veren-

106 2505 214 2546 dum
246 2504 397 2558 fuisse,
427 2514 483 2544 ne
514 2503 553 2544 si
583 2502 735 2544 liberis
766 2502 903 2545 modo
936 2502 1268 2544 destinarentur
1297 2503 1397 2544 illae
1425 2503 1679 2556 pensiones,
1717 2503 1887 2555 origine
1917 2514 2075 2544 eorum

105 2577 150 2618 in
181 2576 370 2618 dubium
402 2577 563 2617 vocata
591 2575 681 2617 hoc
711 2575 1016 2617 emolumento
1046 2576 1347 2628 privarentur.
1399 2574 1529 2624 Quod
1559 2576 1611 2616 ut
1632 2575 1812 2628 vitetur,
1843 2575 1914 2616 ius
1946 2573 2076 2630 ὀρφα-

104 2654 233 2691 νικῶν
271 2649 337 2690 sic
375 2647 652 2701 amplificari.
711 2647 804 2689 Hoc
842 2647 1124 2701 aliquatenus
1161 2646 1400 2701 probabile
1439 2647 1648 2689 videatur
1677 2647 1732 2688 de
1762 2647 1837 2688 illa
1875 2647 2077 2688 clausula

106 2711 140 2779 ᾦ
170 2717 219 2763 ἂν
250 2717 453 2778 ἀπολίπῃ.
502 2720 559 2761 At
589 2719 711 2773 quod
741 2721 809 2762 est
839 2719 894 2761 de
918 2720 1126 2774 proximo
1157 2722 1333 2774 agnato,
1364 2719 1479 2761 inid
1508 2719 1710 2773 profecto
1742 2720 1816 2761 illa
1838 2720 2076 2773 explicatio

106 2793 228 2835 nullo
262 2793 396 2835 modo
422 2793 553 2846 cadit,
585 2794 631 2834 et
661 2794 812 2835 tamen
841 2793 928 2834 hoc
957 2794 1027 2834 est
1055 2792 1179 2846 quod
1201 2793 1405 2834 omnium
1437 2793 1634 2834 maxime
1664 2793 1832 2834 mirum
1864 2803 1916 2834 ac
1947 2792 2077 2845 plane

107 2866 360 2908 inauditum
391 2865 535 2906 videri
573 2864 746 2907 debeat.
794 2864 910 2907 Nam
950 2865 1052 2918 quis
1090 2876 1258 2919 quaeso
1297 2865 1450 2907 credet
1485 2865 1627 2906 milite
1665 2866 1882 2918 quopiam
1923 2863 2076 2905 liberis

108 2939 218 2981 orbo
249 2937 460 2980 defuncto
493 2937 675 2979 fratrem
707 2939 785 2979 aut
812 2939 1026 2992 patruum
1055 2939 1135 2980 aut
1163 2938 1348 2980 fratrem
1378 2938 1628 2992 patruelem
1663 2938 1721 2990 (hi
1751 2937 1870 2979 enim
1902 2938 2008 2978 sunt
2037 2933 2078 2976 οἱ

106 3008 286 3070 ἄγχιστα
315 3007 474 3067 γένους)
505 3009 754 3051 liberorum
783 3010 1075 3064 impuberum
1105 3011 1246 3052 instar
1276 3010 1457 3052 habitos
1483 3010 1697 3064 pecunias
1729 3008 1967 3066 ὀρφανικῶν
1995 3020 2076 3049 no-

110 3083 229 3124 mine
270 3081 326 3124 ab
356 3082 556 3124 Eumene
593 3080 849 3135 accepisse?
906 3083 1050 3125 Immo
1089 3080 1297 3141 ὀρφανικοί
1337 3083 1391 3124 de
1431 3082 1573 3124 tutela
1603 3081 1851 3123 liberorum
1893 3082 1937 3121 et
1968 3091 2077 3121 cura

108 3155 174 3196 rei
202 3154 433 3197 familiaris
472 3154 653 3195 relictae
693 3154 988 3207 intellegenda
1027 3156 1146 3197 sunt.
1207 3156 1251 3196 Si
1281 3166 1370 3196 non
1399 3154 1646 3195 Eumenem
1678 3154 1843 3207 ipsum,
1881 3154 1925 3194 at
1956 3153 2077 3193 certe

109 3227 205 3269 eius
236 3227 430 3269 asseclas
460 3228 505 3267 et
534 3227 765 3268 ministros
795 3226 867 3268 vel
897 3227 1107 3269 ductores
1138 3227 1349 3269 ordinum
1380 3227 1576 3268 inhiasse
1598 3227 1815 3280 pecuniis,
1848 3235 1961 3278 quas
1992 3224 2075 3264 mi-

26 3310 28 3343 ἱ
109 3299 208 3340 lites
239 3299 435 3341 defuncti
465 3299 765 3352 reliquissent,
797 3310 878 3353 pro
909 3301 973 3341 rei
1005 3301 1166 3342 natura
1195 3299 1430 3353 probabile
1461 3301 1542 3340 est.
1595 3298 1691 3347 Qua
1728 3299 1783 3340 de
1813 3308 1948 3339 causa
1980 3308 2075 3338 om-

110 3372 234 3412 nium
270 3372 467 3413 maxime
504 3371 698 3411 militum
729 3371 953 3426 intererat,
993 3383 1048 3412 ne
1089 3371 1281 3425 quilibet
1317 3372 1454 3413 homo
1496 3372 1620 3412 tutor
1660 3370 1716 3411 ab
1753 3370 1954 3410 Eumene
1998 3371 2076 3410 aut

111 3443 258 3496 aliquo
289 3454 344 3484 ex
376 3443 567 3484 ducibus
599 3442 729 3484 datus
769 3454 850 3496 per
891 3443 1092 3485 fraudem
1123 3444 1313 3485 infantes
1345 3443 1476 3484 bonis
1511 3443 1709 3496 paternis
1740 3443 1955 3495 privaret,
1997 3442 2075 3483 scd

28 3514 29 3517 ’
111 3515 180 3556 ius
210 3515 405 3568 proximi
444 3515 591 3567 agnati
629 3516 706 3556 aut
734 3516 896 3557 tutoris
927 3518 1197 3558 testamento
1235 3516 1428 3557 instituti
1466 3515 1674 3567 religiose
1713 3517 2073 3556 conservaretur.

28 3606 31 3630 ·.
114 3589 163 3626 43
203 3587 326 3629 Miles
357 3588 436 3640 qui
465 3586 618 3628 liberis
647 3586 846 3628 nondum
875 3588 1038 3629 adultis
1069 3588 1272 3630 decessit.
1323 3588 1386 3629 De
1418 3584 1666 3629 ἀπολείπειν
1698 3587 1908 3628 inferiore
1931 3589 2075 3628 aetate

30 3659 31 3711 j
111 3668 192 3711 pro
222 3656 486 3701 καταλείπειν
516 3659 736 3712 usurpato
768 3658 820 3700 cf.
852 3672 893 3702 n.
921 3658 1060 3702 32621.

1647 3743 1728 3789 28*
