2314 3970
74 215 142 269 69]
647 210 874 254 Sostratus
904 214 1179 267 Dexiphanis
1210 215 1236 256 f.
1270 215 1466 257 Cnidius.
1615 277 1617 279 r
1943 214 2041 264 121

203 384 260 440 ‘O
309 387 466 456 δῆμος
512 387 537 437 ὁ
585 382 836 455 Καυ[νίων
852 388 886 456 ¹]
935 387 940 458 Ι
990 387 1281 458 Σώστρατον
1330 386 1667 459 Δεξιφά[νο]υς
1713 384 1984 456 [Κνίδιονῖ]
2041 386 2046 457 Ι

215 475 394 544 ἀρετῆς
432 473 596 526 ἕνεκεν
635 472 720 526 καὶ
759 474 990 544 [εὐνοίας]
1031 476 1037 546 Ι
1078 481 1166 546 τῆς
1205 477 1275 536 εἰς
1312 475 1395 530 τὸν
1436 479 1608 546 δῆμον.

188 657 204 694 4
252 650 431 692 Caunus
463 649 662 701 primum
694 650 740 690 in
762 650 1004 690 Ptolemaei
1025 650 1043 690 I
1074 651 1346 703 potestatem
1367 652 1575 704 pervenit
1595 663 1710 692 anno
1734 647 1862 706 309s8
1887 662 1924 691 a.
1948 650 2050 691 Chr.

73 724 132 766 Cf.
164 723 346 765 Diodor.
378 721 474 773 XX,
498 724 564 773 27,
588 724 632 761 2:
677 719 770 762 εἶτα
809 719 864 777 τῇ
894 716 1052 777 Καύνῳ
1092 719 1385 776 προσπλεύσας
1428 723 1725 775 (Ptolemaeus
1757 723 1859 774 Lagi
1891 722 1932 774 f.)
1971 720 2048 778 τὴν

74 795 148 851 μὲν
180 792 301 837 πόλιν
331 790 559 848 παρέλαβε,
589 791 664 839 τὰς
697 789 728 834 δ’
762 791 1014 848 ἀκροπόλεις
1046 793 1391 850 φρουρουμένους
1420 794 1475 851 τῇ
1506 793 1576 850 βίᾳ
1604 793 1862 851 κατισχύσας
1892 793 1939 836 τὸ
1973 793 2050 850 μὲν

72 862 320 924 Ἡράκλειον
353 863 501 919 ἐξεῖλε,
531 864 579 906 τὸ
613 864 658 906 δὲ
676 862 881 923 Περσικὸν
904 863 1177 921 παραδόντων
1208 872 1292 907 τῶν
1326 872 1594 921 στρατιωτῶν
1627 864 1872 924 ὑποχείριον
1904 864 2052 920 ἐποιή-

72 954 183 982 σατο.
235 939 318 980 Sed
350 950 465 980 anno
499 941 579 978 285
612 950 649 979 a.
674 938 773 979 Chr.
808 938 1028 991 oppidum
1060 939 1104 978 in
1138 938 1352 979 Demetrii
1383 939 1659 980 Poliorcetae
1698 939 1874 980 dicione
1912 939 2052 980 fuisse

71 1025 126 1054 ex
145 1012 385 1053 Plutarcho
407 1011 602 1051 Demetr.
627 1013 678 1050 49
711 1010 942 1051 discimus.
995 1010 1148 1050 Paullo
1182 1012 1286 1062 post
1316 1011 1482 1051 iterum
1516 1023 1539 1051 a
1563 1011 1803 1051 Ptolemaei
1832 1010 2052 1051 militibus

71 1087 255 1138 captum
276 1085 357 1136 est,
380 1083 494 1123 duce
514 1082 710 1123 Philocle
732 1084 781 1122 ut
803 1082 1055 1135 Polyaenus
1078 1083 1148 1135 111,
1172 1086 1225 1123 46
1259 1082 1412 1133 refert3
1446 1094 1583 1135 quem
1608 1083 1851 1123 Philoclem
1873 1083 2052 1135 Apollo-

73 1157 169 1199 dori
190 1157 216 1198 f.
233 1167 385 1208 regem
402 1155 695 1196 Sidoniorum
718 1154 855 1195 fuisse
877 1165 1054 1195 summa
1079 1165 1185 1195 cum
1203 1154 1523 1207 probabilitate
1540 1155 1733 1196 coniecit
1748 1155 1824 1195 Th.
1843 1154 2053 1195 Homolle

71 1229 259 1271 Bu11.de
280 1240 394 1270 corr.
419 1227 608 1268 He11.1v
629 1230 782 1279 p.33⁴.
835 1226 896 1267 Cf.
928 1226 1057 1279 Sy11.2
1079 1230 1173 1279 476,
1199 1231 1264 1268 48.
1290 1230 1358 1268 27.
1392 1230 1544 1279 202‚2.
1565 1231 1602 1268 9.
1637 1230 2051 1280 209‚2.45.20.22.

73 1305 167 1355 588,
191 1305 228 1342 9.
290 1301 372 1341 Per
412 1299 517 1341 belli
549 1298 864 1340 Chremonidei
905 1300 1117 1352 tempora
1149 1299 1355 1340 Caunum
1396 1301 1634 1340 etiamtum
1669 1299 1936 1340 Ptolemaeis
1976 1310 2054 1351 pa-

70 1375 216 1415 ruisse
255 1373 451 1414 narratio
494 1371 549 1413 de
596 1371 758 1413 Sotade
798 1372 933 1424 poeta
974 1371 1066 1412 illic
1105 1383 1130 1413 a
1171 1372 1375 1414 Patroclo
1417 1372 1574 1413 classis
1620 1371 1849 1425 praefecto
1895 1373 2053 1412 necato

73 1445 137 1498 (cf.
186 1457 225 1487 n.
260 1445 344 1496 441)
391 1445 683 1486 demonstrat.
759 1443 972 1485 Inferiore
1015 1446 1161 1485 aetate
1214 1445 1259 1486 in
1314 1444 1591 1486 Rhodiorum
1647 1444 1871 1486 dicionem
1916 1444 2053 1484 venit.

70 1518 246 1559 Etenim
277 1516 398 1570 apud
428 1515 667 1569 Polybium
690 1515 848 1568 XXXI,
873 1519 911 1568 7,
931 1519 954 1556 6
985 1515 1257 1570 Astymedes
1289 1517 1569 1558 Rhodiorum
1602 1517 1773 1569 legatus
1805 1517 1972 1557 Romae
2007 1517 2054 1556 in

72 1591 230 1632 senatu
260 1590 370 1630 haec
400 1588 530 1630 dicit:
570 1585 681 1629 ἀλλὰ
712 1583 882 1630 Καῦνον
917 1586 1055 1644 δήπου
1088 1586 1312 1629 διακοσίων
1342 1586 1560 1630 ταλάντων
1593 1587 1908 1645 ἐξηγοροίσαμεν
1941 1586 2057 1642 παρὰ

70 1667 152 1703 τῶν
186 1658 453 1716 Πτολεμαίου
485 1666 745 1717 στρατηγῶν.
808 1659 952 1709 Quam
983 1672 1081 1702 rem
1112 1661 1376 1714 Droysenus
1407 1661 1591 1714 quidem
1624 1662 1780 1703 Gesch.
1805 1662 1884 1702 des
1914 1660 2056 1702 Helle-

72 1735 246 1776 nismus
266 1735 337 1787 III,
362 1738 378 1775 4
418 1745 460 1787 p.
484 1737 580 1775 275.
603 1736 684 1774 277
717 1734 928 1787 proximo
961 1735 1068 1786 post
1098 1733 1268 1775 bellum
1291 1734 1672 1776 Chremonideum
1702 1737 1909 1787 tempore
1939 1734 2055 1775 acci-

73 1807 193 1849 disse
231 1809 376 1860 putat,
422 1806 502 1847 sed
545 1806 719 1847 nullum
762 1806 859 1847 eius
901 1806 1148 1847 sententiae
1187 1808 1507 1858 argumentum
1557 1806 1698 1848 affert.
1761 1805 1890 1854 Quod
1935 1807 2055 1847 enim

73 1879 181 1920 dicit
209 1882 307 1920 tum
339 1879 647 1920 Ptolemaeum
672 1878 1029 1931 Philadelphum,
1061 1881 1113 1919 ut
1143 1878 1422 1920 Rhodiorum
1454 1879 1630 1920 animos
1663 1879 1751 1921 sihi
1782 1879 2055 1932 conciliaret,

73 1952 276 1993 Caunum
308 1952 371 1991 eis
404 1950 661 1992 vendidisse
693 1950 852 2003 videri,
894 1950 939 1990 id
971 1951 1009 1991 si
1041 1950 1150 2003 quid
1181 1950 1316 1992 video
1350 1951 1541 1992 adversa
1573 1951 1717 1993 fronte
1748 1953 1920 2003 pugnat
1950 1963 2055 1992 cum

72 2024 246 2077 Polybii
277 2023 430 2064 verbis
460 2020 573 2079 παρὰ
602 2027 686 2063 τῶν
719 2019 985 2076 Πτολεμαίου
1019 2028 1277 2079 στρατηγῶν,
1319 2035 1436 2076 quae
1475 2035 1563 2064 non
1596 2036 1620 2065 a
1652 2035 1755 2076 rege
1787 2034 2055 2064 concessum

73 2097 291 2150 oppidum
321 2095 506 2136 Rhodiis
537 2095 750 2146 indicant,
793 2095 872 2136 sed
903 2095 1069 2136 ducum
1104 2096 1294 2137 avaritia
1334 2099 1378 2136 et
1416 2096 1676 2137 infidelitate
1709 2096 2053 2138 venumdatum.

74 2168 170 2218 Quo
194 2181 300 2210 vero
322 2171 526 2221 tempore
547 2167 593 2208 id
615 2167 842 2220 acciderit,
865 2168 1141 2220 ignoramus,
1164 2169 1250 2209 nisi
1273 2179 1327 2209 ex
1349 2169 1462 2210 Livii
1484 2169 1584 2211 loco
1601 2168 1799 2222 XXXIII,
1818 2173 1886 2222 20,
1907 2172 1971 2209 44,
1990 2172 2057 2222 42,

73 2241 153 2283 uhi
193 2241 348 2282 Caunii
385 2251 500 2281 anno
540 2243 620 2281 497
652 2252 690 2281 a.
722 2240 821 2281 Chr.
852 2252 893 2280 n.
934 2241 1171 2281 etiamtum
1215 2241 1332 2281 inter
1369 2238 1570 2282 civitates
1609 2238 1756 2282 socias
1794 2238 2055 2293 Ptolemaei,

74 2311 234 2368 quibus
270 2310 431 2355 bellum
467 2310 524 2354 ab
559 2309 780 2354 Antiocho
827 2309 1098 2354 imminebat
1142 2314 1447 2364 recensentur,
1494 2313 1690 2354 conicias
1736 2315 1844 2365 post
1889 2313 2058 2354 saeculi

75 2398 112 2428 a.
135 2386 234 2427 Chr.
266 2386 450 2427 alterius
482 2386 607 2426 initia
638 2385 821 2426 demum
855 2396 934 2426 eos
965 2397 990 2426 a
1021 2386 1265 2426 Ptolemaei
1303 2385 1518 2426 societate
1550 2386 1731 2427 avolsos
1763 2396 1874 2426 esse.
1919 2385 2056 2426 Vides

75 2460 120 2498 et
149 2458 402 2499 Ptolemaeo
435 2458 589 2498 Sotere
619 2458 664 2497 et
694 2457 987 2509 Philadelpho
1031 2460 1076 2497 et
1107 2457 1326 2508 Euergete
1357 2458 1570 2509 regnante
1610 2456 1707 2497 fieri
1747 2458 1968 2510 potuisse,
2005 2459 2058 2498 ut

0 2540 2 2568 ι
75 2530 275 2583 populus
315 2530 590 2571 Cauniorum
631 2529 828 2570 hominis
867 2529 988 2581 apud
1026 2540 1180 2581 regem
1219 2530 1383 2571 eximia
1422 2530 1565 2581 gratia
1608 2530 1811 2571 florentis
1858 2532 2055 2571 statuam

74 2601 170 2643 Deli
199 2602 457 2654 erigendam
489 2603 680 2642 curaret.
828 2604 852 2641 2
894 2601 954 2643 Cf.
987 2613 1029 2643 n.
1054 2602 1148 2642 661.

182 2815 257 2869 69
306 2819 457 2885 Lapis
514 2820 757 2870 calcarius
811 2819 976 2871 flavus
1031 2821 1268 2871 inventus
1326 2821 1471 2887 Copti
1524 2817 1701 2887 (Kuft)
1760 2821 1839 2871 die
1898 2822 1943 2870 6.
1986 2836 2053 2870 m.

12 2922 15 2950 ε
77 2905 337 2956 Februarii
377 2906 530 2972 4883,
582 2908 859 2958 translatus
898 2909 949 2956 in
981 2923 1215 2958 museum
1250 2909 1425 2975 oppidi
1459 2904 1631 2958 δαίνυ.
1696 2908 1786 2957 Ed.
1826 2908 1879 2957 E.
1903 2908 2060 2957 Miller

14 2984 19 3054 ί,
78 2991 249 3042 Revue
294 2992 512 3042 archeol.
555 2994 829 3044 Troisieme
868 2995 997 3044 serie
1034 2996 1077 3044 II
1116 2992 1292 3062 (4883)
1330 3011 1380 3060 p.
1424 2993 1525 3044 479
1576 3010 1624 3043 n.
1660 2995 1707 3044 3.
1770 2994 2057 3044 Minusculis

17 3072 26 3147 ἰ
77 3077 119 3127 J.
146 3079 199 3128 P.
230 3078 452 3144 Mahaffy
488 3079 596 3129 The
634 3081 826 3146 empire
864 3081 923 3130 of
951 3081 1042 3130 the
1078 3082 1347 3131 Ptolemies
1385 3097 1434 3147 p.
1463 3081 1562 3129 435
1603 3083 1707 3130 not.
1738 3081 1784 3130 2.

23 3213 25 3242 l

225 3218 366 3280 Θεοῖς
406 3218 646 3290 μεγάλοις
684 3221 1010 3294 Σαμοθρᾷξι1
1051 3223 1056 3293 Ι
1089 3219 1422 3282 Ἀπολλώνιος
1448 3221 1695 3292 Σωσιβίου
1737 3220 1742 3291 Ι
1785 3220 2055 3291 Θηραῖοςῖ,

29 3383 33 3450 'l
194 3395 385 3436 Litterae
415 3396 621 3448 volgares
651 3398 832 3449 praeter
864 3398 1042 3440 ΘΞΠΣ.
1191 3401 1208 3438 4
1256 3397 1316 3439 Cf.
1338 3395 1523 3437 Diodor.
1545 3394 1616 3447 IV,
1641 3397 1708 3448 43,
1730 3398 1768 3434 4.
1792 3398 1838 3435 2:
1870 3392 2059 3452 ἐπιγενο-

31 3460 39 3506 ¹r
85 3462 210 3518 μένου
250 3466 295 3508 δὲ
335 3465 523 3525 μεγάλου
560 3473 774 3526 χειμῶνος
809 3467 881 3510 καὶ
916 3475 1002 3511 τῶν
1041 3467 1244 3526 ἀριστέων
1290 3465 1670 3525 ἀπογινωσκόντων
1709 3465 1787 3521 τὴν
1829 3466 2056 3523 σωτηρίαν,

36 3550 41 3588 ξ»
85 3535 204 3591 φασὶν
223 3532 397 3596 Ὀρφέα,
425 3544 503 3597 τῆς
533 3537 707 3596 τελετῆς
738 3539 865 3595 μόνον
896 3547 980 3582 τῶν
1006 3539 1308 3597 συμπλεόντων
1334 3537 1642 3597 μετεσχηκότα,
1674 3537 1935 3595 ποιήσασθαι
1964 3543 2057 3587 τοῖς

36 3595 43 3676 i
87 3602 330 3667 Σαμοθρᾷξι
357 3610 432 3657 τὰς
463 3609 570 3666 ὑπὲρ
599 3614 677 3666 τῆς
709 3610 919 3670 σωτηρίας
949 3610 1092 3671 εὐχάς.
1140 3610 1268 3658 εὐθὺς
1299 3610 1346 3653 δὲ
1384 3614 1459 3652 τοῦ
1490 3608 1731 3665 πνεύματος
1762 3609 1957 3658 ἐνδόντος
1987 3610 2059 3654 καὶ

87 3676 202 3722 δυοῖν
251 3679 440 3739 ἀστέρων
492 3681 562 3726 ἐπὶ
608 3681 685 3730 τὰς
731 3688 816 3726 τῶν
867 3680 1112 3742 Διοσκόρων
1167 3681 1357 3741 κεφαλὰς
1407 3681 1692 3725 ἐπιπεσόντων
1741 3679 1928 3730 ἅπαντας
1982 3684 2058 3739 μὲν

45 3834 47 3848 4
