2314 3970
93 248 189 300 370]
791 246 1070 288 Mithridates
1092 247 1130 287 V
1161 247 1374 300 Eupator.
1964 249 2066 298 577

91 422 369 474 antiquiores
401 422 564 475 essent,
603 422 724 461 certe
755 421 977 462 Laodicen
1006 433 1188 475 quoque
1219 421 1539 463 nominandam
1572 405 1726 462 fuisse.
1778 420 2069 463 Memorabile

88 496 157 535 est
185 495 230 534 in
262 495 457 547 utroque
487 494 619 534 titulo
650 494 880 547 Eupatora
909 495 1032 547 regio
1074 495 1258 536 nomine
1285 495 1368 547 uti,
1400 495 1640 536 Chrestum
1670 505 1760 536 non
1790 494 1912 535 Item.
1963 493 2069 534 Inde

88 567 199 607 illud
231 566 416 619 quidem
447 569 648 620 apparet,
685 578 774 608 non
817 567 1012 608 eundem
1041 566 1180 608 fuisse
1210 570 1309 608 tum
1338 568 1579 621 utriusque
1610 567 1760 609 fratris
1798 567 1952 608 locum
1989 578 2069 619 po-

2 687 3 696 *
89 640 253 680 tentiae
283 641 328 681 et
360 639 601 692 dignitatis.
662 640 748 680 Sed
778 641 930 681 tamen
960 640 1183 681 minorem
1214 651 1410 694 quoque,
1448 641 1630 682 nomine
1661 641 1806 692 magis
1837 651 1975 694 quam
2006 650 2069 691 re,

2 705 4 774 J
88 712 285 765 aliquam
315 713 492 766 partem
531 711 809 766 reipublicae
840 712 1223 754 administrandae
1262 715 1361 754 tum
1391 713 1621 768 habuisse,
1667 725 1723 755 ex
1762 712 1957 755 vocibus
1997 709 2070 754 καὶ

86 789 169 826 τῶν
202 782 460 843 πραγμάτων
493 782 666 827 αὐτῶν
697 784 820 826 haud
851 785 1079 826 immerito
1113 785 1310 838 colligas.

194 1066 307 1121 369
362 1071 482 1120 Deli.
536 1071 838 1137 Exemplum
864 1075 1162 1138 corruptum
1189 1070 1418 1121 exhibuit
1444 1071 1584 1136 Spon
1610 1071 1720 1121 Itin.
1750 1071 1832 1137 III,
1864 1070 1882 1119 4
1919 1086 1969 1137 p.
2001 1071 2066 1119 86

87 1157 310 1224 (Boeckh
349 1157 400 1209 C.
437 1159 471 1208 Ι.
510 1158 565 1208 G.
604 1156 821 1224 2277a).
897 1159 1072 1209 Melius
1120 1158 1478 1226 apographum
1525 1157 1723 1224 Cyriaci
1770 1158 2071 1208 Anconitani

84 1246 271 1312 publici
314 1245 437 1295 iuris
488 1245 604 1295 fecit
650 1245 705 1295 O.
734 1246 984 1295 Riemann
1027 1247 1151 1296 Bull.
1202 1247 1264 1296 de
1310 1261 1439 1296 corr.
1481 1247 1604 1296 Hell.
1646 1247 1668 1294 I
1708 1243 1882 1312 (4877)
1921 1262 1971 1312 p.
2003 1246 2067 1294 86

85 1348 132 1382 n.
164 1333 230 1385 28
286 1332 392 1400 (Th.
429 1333 656 1383 Reinach
700 1334 1031 1384 Mithradates
1078 1335 1305 1401 Eupator
1341 1351 1394 1401 p.
1432 1335 1534 1384 458
1574 1349 1622 1383 n.
1662 1335 1691 1382 6
1743 1334 1820 1383 ed.
1864 1332 2068 1398 Germ).

85 1420 156 1472 Cf.
187 1436 318 1488 quae
343 1422 608 1472 adnotavit
634 1421 726 1472 Th.
748 1423 978 1473 Homolle
1003 1423 1128 1472 Bull.
1153 1423 1215 1472 de
1236 1437 1365 1473 corr.
1389 1422 1512 1472 Hell.
1537 1422 1646 1473 VIII
1672 1418 1712 1489 (4
1728 1419 1849 1487 884)
1875 1437 1926 1488 p.
1949 1420 2067 1470 404.

228 1563 493 1625 Βασιλέως
539 1563 874 1637 Μιθραδάτου
922 1563 1267 1637 Ει’)Ιποίτορος,1
1316 1564 1403 1618 καὶ
1450 1567 1537 1618 τοῦ
1587 1564 1812 1637 ἀδελφοῦ
1860 1564 2012 1616 αὐτοῦ
2061 1561 2067 1634 Ι

174 1667 199 1707 5
231 1650 570 1724 Μιθραδάτου
603 1651 892 1725 Χρηστοῧῖ.
933 1652 940 1726 Ι
977 1653 1237 1714 Διονύσιος
1265 1651 1590 1723 Νε[ίκ]ωνος3
1612 1651 1629 1724 ss
1645 1649 1911 1723 Ἀθηναῖος
1948 1671 2072 1723 γυμ-

226 1739 592 1812 νασιαρχήΙσας
631 1741 893 1812 ἀνέθηκεν.

197 1917 469 1959 Litterarum
510 1918 678 1959 formas
709 1917 916 1970 volgares
957 1919 1138 1971 praeter
1177 1918 1294 1959 ΘΠΣ
1337 1917 1523 1959 exhibet
1553 1917 1690 1971 Spon,
1732 1917 1806 1957 cui
1850 1925 1956 1957 sane
1987 1916 2072 1957 hac

83 1990 137 2031 de
168 2001 216 2031 re
247 2001 339 2032 non
369 1990 566 2031 multum
596 1990 701 2032 fidei
727 1990 909 2032 videtur
939 1990 1198 2031 habendum
1231 2000 1343 2031 esse.
1397 1990 1576 2043 Cyriaci
1606 1990 1864 2043 exemplum
1899 1990 2072 2030 minus-

83 2063 206 2104 culas
245 2063 416 2105 litteras
459 2063 608 2105 habet.
669 2064 719 2104 In
750 2063 902 2105 verbis
946 2063 1067 2105 tituli
1096 2064 1219 2105 hunc
1261 2074 1429 2116 sequor
1468 2063 1612 2105 foedis
1644 2063 1799 2116 Sponii
1839 2062 2071 2104 erroribus

82 2148 172 2178 non
204 2137 409 2178 enotatis.
571 2140 588 2177 4
628 2135 689 2178 Cf.
721 2148 762 2177 n.
789 2135 909 2177 3682.
1073 2139 1097 2176 2
1138 2135 1199 2178 Cf.
1231 2147 1273 2177 n.
1297 2134 1420 2178 3683.
1579 2140 1602 2176 3
1645 2138 1750 2178 ΝΕΣ
1771 2165 1928 2178 ......
1950 2136 2068 2177 ΝΟΣ

83 2209 220 2263 spon,
258 2204 450 2255 Νεώνιος
482 2209 585 2262 Cyr.
642 2204 870 2262 Ν[ίκω]νος
902 2209 1161 2250 emendavit
1191 2208 1397 2250 Homolle
1428 2209 1590 2250 collato
1624 2209 1756 2249 titulo
1788 2220 1830 2249 n.
1856 2210 1951 2261 342,
1991 2207 2072 2247 ubi

80 2281 200 2322 idem
222 2282 359 2323 homo
381 2282 620 2335 epimeleta
650 2282 825 2323 insulae
846 2282 943 2322 Deli
964 2283 1044 2323 est.
1098 2281 1242 2330 Quem
1265 2292 1448 2336 sequor,
1482 2282 1567 2323 nisi
1590 2281 1714 2334 quod
1736 2280 2070 2334 diphthongum

81 2355 228 2409 posui,
261 2355 369 2407 quia
399 2355 428 2395 Ε
457 2355 503 2395 in
533 2356 730 2408 utroque
761 2355 1023 2408 apographo
1053 2357 1134 2396 est.

191 2622 303 2676 370
357 2627 659 2692 Epistylium
695 2627 934 2677 Doricum
982 2629 1184 2676 erutum
1221 2626 1344 2676 Deli.
1421 2626 1510 2676 Ed.
1553 2626 1643 2675 Th.
1676 2627 1906 2676 Homolle
1944 2627 2066 2675 Bull.

39 2759 41 2761 ,
84 2713 146 2762 de
185 2728 313 2763 corr.
344 2714 468 2764 Hell.
497 2715 607 2764 VIII
645 2714 684 2781 (4
700 2714 820 2780 884)
867 2730 917 2781 p.
950 2715 1049 2763 403
1093 2714 1200 2781 (Th.
1225 2713 1450 2764 Reinach
1489 2713 1818 2764 Mithradates
1844 2715 2071 2780 Eupator

82 2815 132 2864 p.
163 2800 265 2849 459
305 2816 352 2851 n.
385 2798 417 2850 7
457 2801 534 2851 ed.
566 2799 770 2874 Germ).

226 2940 400 3015 [Ὑπὲρ
444 2944 690 3016 βασιλέως
718 2942 1077 3017 Μιθραδάτου]
1112 2942 1438 3016 Εὐττεοίτορος1
1476 2944 1773 3014 Διονόσο[υ2
1809 2974 2028 2984 -------
2058 2943 2064 3016 Ι

225 3060 382 3070 -----
382 3030 400 3100 ]
440 3031 792 3103 θεραπευταί3.

196 3207 390 3248 Litterae
419 3208 590 3249 ΑΘΠΣ.
732 3211 746 3247 4
785 3208 1066 3250 Mithridates
1087 3208 1289 3262 Eupator
1319 3218 1398 3248 rex
1430 3208 1559 3248 Ponti
1589 3207 1799 3260 (420-63
1819 3218 1856 3248 a.
1877 3206 1976 3248 Chr.
1996 3207 2068 3260 n.).

3 3281 5 3300 ²
84 3280 107 3317 2
147 3278 249 3320 Non
280 3281 383 3321 ante
414 3291 583 3321 annum
607 3283 657 3322 88
682 3291 720 3321 a.
743 3280 845 3323 Chr.
868 3293 909 3322 n.
941 3282 1036 3334 regi
1068 3281 1247 3323 divinos
1277 3280 1472 3321 honores
1504 3282 1550 3320 et
1578 3291 1745 3321 nomen
1776 3280 1882 3321 novi
1905 3280 2068 3320 Bacchi

83 3350 253 3393 tributa
281 3363 380 3393 esse
401 3353 529 3394 Hom.
553 3353 721 3405 colligit
750 3365 806 3395 ex
827 3354 1055 3396 Posidonii
1086 3354 1188 3395 loco
1213 3365 1348 3406 quem
1371 3352 1501 3394 affert
1521 3352 1777 3394 Athenaeus
1795 3352 1834 3393 V
1855 3364 1900 3406 p.
1918 3355 1962 3392 24
1976 3355 1999 3392 2
2019 3352 2066 3394 d:

82 3420 327 3480 ὑπήντησαν
349 3419 379 3464 δ’
406 3424 522 3482 αὐτῷ
543 3425 810 3479 (Athenioni)
841 3425 914 3468 ’καὶ
938 3425 978 3469 οἱ
1007 3425 1100 3485 περὶ
1124 3426 1194 3468 τὸν
1216 3422 1418 3468 Διόνυσον
1449 3429 1652 3484 τεχνῖται,
1682 3423 1754 3467 τὸν
1785 3422 1962 3482 ἄγγελον
1991 3427 2067 3467 τοῦ

0 3497 2 3528 ἵ
80 3494 177 3537 νὲου
210 3492 412 3539 Διονύσου
442 3494 672 3544 καλοῦντες
704 3500 749 3539 et
769 3499 998 3541 Ciceronis
1026 3500 1229 3541 oratione
1251 3510 1335 3551 pro
1363 3498 1520 3539 Flacco
1554 3501 1622 3551 25,
1647 3501 1721 3538 60:
1753 3494 2069 3540 Mithridatem

82 3565 228 3624 deum,
268 3566 403 3611 illum
433 3572 627 3624 patrem,
667 3568 802 3614 illum
839 3574 1194 3615 conservatorem
1233 3568 1385 3624 Asiae,
1424 3568 1559 3612 illum
1588 3567 1809 3624 Euhium,
1852 3567 2067 3625 Nysiam,

85 3637 329 3696 Bacchum,
361 3639 578 3685 Liberum
606 3641 922 3688 nominabant.
1072 3648 1094 3684 3
1135 3644 1196 3685 Cf.
1229 3656 1270 3684 n.
1295 3646 1392 3696 254,
1417 3645 1453 3684 4.

124 3856 127 3859 .
168 3825 531 3872 nittenberger,
554 3828 712 3864 Orientis
736 3830 795 3865 Gr.
818 3830 926 3865 inser.
950 3831 977 3864 Ι.
1668 3835 1718 3872 37
