2314 3970
16 176 19 237 Ι
98 188 194 239 383]
924 186 1172 228 Antiochus
1205 188 1235 229 I.
1971 190 2076 240 597

91 400 92 404 ,
149 372 202 413 30
234 359 266 410 ἃ
303 356 517 417 παλαιὸς
555 360 701 429 λόγος
729 358 938 430 Περσῶν
978 380 1031 412 τε
1068 359 1154 413 καὶ
1192 359 1207 432 ΙΙ
1235 358 1490 430 Ἑλλήνων
1517 391 1589 399 —-
1615 362 1740 430 ἐμοῦ
1784 361 1958 431 γένους
1996 362 2078 414 εὔ-

237 443 530 516 τυχεσΙτάτη
584 444 1226 516 ρίζα11-παραὸέὸωκε,
1272 449 1553 517 κοσμήσας,
1598 446 1602 517 Ι
1643 447 1844 508 θυσίαις
1890 447 1946 500 δὲ
1991 447 2077 500 καὶ

236 531 588 602 πανηγύρεσιν,
628 533 698 591 ὡς
737 531 963 603 ἀρΙχαῖός
999 553 1053 585 τε
1089 534 1238 602 νόμος
1277 533 1362 586 καὶ
1399 533 1564 587 κοινὸν
1605 533 1899 606 ἀνθρώΙπων
1932 533 2074 594 ἔθος·

146 632 199 674 35
230 617 306 670 ἔτι
345 616 400 670 δὲ
439 617 535 688 ἐμὴ
578 619 751 671 δικαία
776 618 975 689 φροντὶς
999 618 1015 688 ΙΙ
1038 621 1334 690 προσεξεῦρε
1363 617 1516 689 ’τιμὰς
1542 623 1797 692 ἐπιφανῶς
1821 619 2073 693 γεραΙράς.

236 703 345 756 ἐπεὶ
373 702 428 756 δὲ
458 703 738 775 ἱεροθεσίου
751 706 796 740 12
819 706 966 756 τοῦδε
979 706 1020 740 13
1041 704 1306 774 κρηΙπεῖδα
1332 706 1617 777 ἀπόρθητον
1643 708 1829 778 χρόνου
1855 707 2037 777 λύμαις
2067 707 2074 779 Ι

239 790 483 861 οὐρανίων
544 789 762 861 ἄγχιστα
808 791 1003 861 θρόνων
1052 790 1486 861 κατασΙτήσασθαι
1529 795 1869 865 προενοήθην,
1922 795 1974 848 ἐν
2013 795 2079 847 ὧι

145 890 200 930 40
235 875 552 947 μαΙΙκαριστὸν
602 876 726 948 ἄχρι
776 875 980 947 [γ]ἠρως
1041 875 1258 947 ὑπάρξαν
1307 881 1454 948 σῶμα
1495 878 1500 949 Ι
1544 884 1741 951 μορφῆς
1791 882 1917 950 ἐμῆς
1954 879 2076 952 πρὸς

236 962 497 1034 οὐρανίους
544 961 662 1022 Διὸς
704 960 1118 1033 Ιᾨρομάσδου14
1162 964 1373 1034 θρόνους
1418 965 1634 1036 θεοφιλῆ
1684 966 1849 1038 ψυχὴν
1901 966 1907 1036 Ι
1956 988 2079 1038 προ-

231 1050 432 1120 πέμψαν
450 1051 492 1085 15
529 1050 602 1108 εἰς
638 1048 720 1102 τὸν
761 1047 966 1121 ἄπειρον
1007 1051 1168 1102 αἰῶνα
1206 1049 1544 1120 κοιΙμήσεται·
1581 1054 1694 1105 τότε
1734 1053 1794 1122 δὴ
1823 1052 1911 1106 καὶ
1936 1055 2077 1107 τόνδε

141 1149 196 1190 45
228 1139 395 1207 χῶρον
449 1134 463 1206 ΙΙ
521 1134 652 1206 ἱερὸν
709 1134 939 1190 ἁπάντων
995 1135 1159 1190 κοινὸν
1219 1138 1476 1197 ἀναδεῖξαι
1525 1137 1533 1210 Ι
1584 1139 1716 1192 θεῶν
1775 1140 2077 1210 ἐνθρόνισμα

54 1208 56 1212 ⁸
233 1218 548 1293 προειλάμην
562 1224 622 1290 1⁶,
661 1224 796 1282 ὅπως
826 1222 830 1294 Ι
863 1223 930 1293 μὴ
973 1225 1119 1293 μόνον
1159 1225 1293 1293 ἐμῶν
1319 1226 1573 1296 προγόνων
1592 1228 1634 1262 1⁷
1672 1225 1814 1286 οὗτος
1840 1227 1894 1279 ὃν
1923 1228 2042 1298 ὁρᾷς
2069 1227 2073 1298 Ι

88 1422 205 1463 quae
254 1411 378 1464 apud
433 1412 714 1464 antiquiores
765 1413 940 1453 victum
994 1415 1072 1454 aut
1127 1415 1533 1456 commorationem
1583 1414 1765 1469 indicat,
1823 1417 2078 1457 recentiore

10 1470 13 1520 ἱ
88 1485 232 1524 aetate
269 1484 406 1525 etiam
446 1484 500 1525 de
539 1484 641 1526 loco
679 1485 761 1525 ubi
802 1486 906 1538 quis
953 1488 1321 1528 commoraretur
1359 1488 1572 1540 usurpari
1618 1490 1781 1541 coepta
1823 1491 1905 1530 est.
1974 1490 2076 1530 Per-

86 1567 243 1609 peram
275 1567 382 1597 sane
411 1557 502 1598 iam
537 1557 826 1610 Xenophonti
855 1558 1022 1611 Cyrop.
1047 1558 1158 1611 VIII,
1184 1563 1221 1612 6,
1244 1563 1297 1599 22
1329 1559 1451 1600 hunc
1480 1571 1618 1601 usum
1647 1561 1880 1602 vindicant
1910 1562 2078 1603 lexico-

10 1630 12 1669 ζ
87 1629 259 1681 graphi,
300 1640 406 1670 nam
443 1630 518 1670 hic
554 1628 632 1685 τὴν
672 1627 830 1672 δίαιταν
869 1627 1084 1672 ποιεῖσθαι
1122 1631 1243 1672 idem
1282 1642 1382 1673 esse
1423 1643 1475 1673 ac
1516 1630 1754 1675 διαιτᾶσθαι
1783 1633 2076 1675 manifestum

10 1696 11 1735 ἔ
87 1703 166 1741 est.
235 1700 292 1741 At
330 1703 398 1742 est
429 1701 551 1754 apud
581 1701 1038 1743 Pseudoaristotelem
1070 1703 1124 1744 de
1155 1704 1325 1745 mundo
1360 1707 1382 1742 6
1414 1715 1457 1756 p.
1483 1708 1562 1745 398
1581 1704 1611 1745 b
1645 1708 1697 1744 32
1741 1703 1872 1761 δῆλον
1903 1704 1983 1763 γὰρ
2015 1704 2078 1747 ὅτι

10 1806 11 1819 2
85 1772 133 1814 τὸ
167 1771 243 1828 μὲν
273 1772 429 1828 νηκτὸν
460 1770 699 1828 ἁλλόμενον
731 1772 790 1820 εἰς
821 1773 898 1829 τὴν
931 1771 1084 1816 ἑαυτοῦ
1129 1772 1288 1817 δίαιταν
1331 1773 1567 1831 ἐκνήξεται,
1608 1775 1656 1818 τὸ
1697 1774 1745 1818 δὲ
1782 1781 1983 1835 χερσαῖον
2015 1777 2077 1823 εἰς

10 1884 11 1892 ,
41 1875 43 1883 Ι
85 1843 139 1886 τοὶ
169 1842 350 1900 σφέτερα
379 1841 469 1901 ἤθη
499 1844 572 1887 καὶ
602 1843 760 1901 νομοὺς
792 1843 1059 1905 ὃιεξερπύσει.
1208 1851 1253 1888 Μ
1293 1847 1396 1890 Non
1428 1848 1485 1889 ad
1505 1849 1700 1890 Graecos
1721 1850 1875 1903 modo,
1907 1850 1989 1891 sed
2020 1850 2077 1891 ad

9 1936 11 1958 ³
84 1918 328 1970 utramque
359 1919 536 1970 gentem
569 1919 656 1959 hoc
688 1920 894 1971 spectare
924 1918 1118 1960 videtur.
1281 1923 1334 1960 42
1374 1921 1438 1960 De
1469 1921 1556 1962 hoc
1588 1923 1884 1963 monumento
1917 1922 2075 1963 eadem

84 2000 178 2030 vox
209 1990 345 2031 etiam
375 2002 418 2031 v.
445 1994 538 2030 426.
564 1994 643 2031 430
676 1993 939 2044 usurpatur,
972 1991 1028 2032 de
1058 1992 1236 2034 tumulo
1264 1993 1423 2034 Isiadis
1454 1994 1634 2046 reginae
1664 2005 1706 2035 n.
1733 1996 1828 2048 403,
1852 1998 1891 2035 4.
1942 1994 2077 2043 Quod

8 2091 9 2097 κ
85 2062 400 2103 Puchsteinius
439 2063 646 2116 coniecit,
691 2064 875 2116 proprie
906 2075 1006 2105 eam
1038 2064 1290 2116 significare
1322 2066 1547 2107 eiusmodi
1577 2066 1808 2107 tumulum
1840 2067 2076 2120 magnifice

8 2148 35 2155 ·
85 2136 370 2187 exornatum,
403 2135 559 2187 quales
589 2136 636 2175 hi
667 2138 830 2187 essent,
863 2148 953 2177 non
985 2135 1041 2177 ab
1073 2138 1197 2177 omni
1229 2139 1358 2190 parte
1378 2149 1542 2178 verum
1573 2139 1685 2179 mihi
1712 2139 1907 2181 videtur.
1958 2139 2074 2181 Nam

8 2200 10 2243 ἐ
86 2207 132 2247 in
164 2207 290 2247 vocis
319 2208 464 2260 ipsius
495 2209 541 2248 vi
579 2208 690 2248 nihil
721 2209 869 2249 inesse
901 2209 955 2248 de
995 2208 1140 2250 forma
1170 2212 1215 2250 et
1257 2212 1419 2251 ornatu
1450 2210 1648 2263 sepulcri
1680 2213 1889 2264 apparet3
1930 2212 2073 2253 immo

36 2302 47 2310 ι·
87 2279 350 2331 sepulcrum
389 2276 561 2335 (θήκην)
599 2280 781 2333 indicat,
823 2291 940 2333 quae
983 2281 1120 2321 simul
1161 2281 1403 2323 delubrum
1436 2281 1576 2340 (ἱερόν)
1618 2283 1716 2324 sive
1755 2284 1853 2325 eius
1891 2284 1972 2336 qui
2011 2284 2077 2325 ibi

87 2351 293 2403 sepultus
323 2354 394 2392 est
422 2352 557 2392 unius
589 2352 685 2393 sine
714 2364 804 2394 una
835 2363 942 2394 cum
973 2364 1026 2394 eo
1058 2353 1266 2408 deorum,
1298 2357 1350 2395 ut
1379 2355 1465 2408 hic,
1499 2356 1570 2396 sit.
1738 2359 1790 2396 43
1830 2356 2074 2410 Articulus,

8 2420 9 2423 ’
87 2426 139 2463 ut
168 2423 255 2476 hic,
296 2425 434 2464 etiam
464 2424 578 2465 infra
610 2436 651 2465 v.
676 2426 726 2465 44
760 2422 880 2465 τόνδε
911 2430 1054 2482 χῶρον
1086 2425 1234 2479 abest;
1276 2426 1356 2467 sed
1386 2439 1428 2467 v.
1453 2430 1520 2468 54.
1553 2431 1605 2468 52
1646 2428 1810 2480 legitur
1850 2426 1971 2470 τόνδε
2002 2427 2074 2470 τὸν

7 2495 9 2538 ἒ
84 2493 229 2538 τόπον.
376 2499 428 2537 44
471 2497 711 2537 Summum
744 2497 881 2538 deum
905 2498 1135 2550 religionis
1157 2500 1477 2552 Zoroastrlcae,
1509 2500 1589 2552 qui
1619 2501 1870 2552 antiquitus
1891 2496 2075 2552 Ahara-

7 2566 9 2595 ἕ
85 2565 255 2609 mazda
294 2567 561 2621 appellatur,
601 2580 627 2609 a
669 2569 849 2610 Graecis
892 2569 1087 2611 eundem
1128 2581 1234 2611 cum
1275 2571 1382 2612 Iove
1420 2582 1505 2612 suo
1546 2571 1754 2613 habitum
1797 2583 1896 2613 esse
1937 2573 2075 2613 etiam

7 2636 9 2687 ξ
86 2638 266 2680 aliunde
310 2641 470 2680 notum
515 2643 597 2681 est.
659 2640 719 2682 Cf.
751 2653 795 2684 n.
827 2644 928 2682 433:
977 2645 1103 2684 τοῦτο
1143 2641 1192 2683 τὸ
1238 2641 1465 2701 πρόσωπον
1506 2640 1603 2690 Διὸς
1648 2641 1765 2685 θεοῦ.
1826 2644 1984 2697 Neque
2029 2646 2075 2686 id

7 2690 9 2747 Ι
35 2692 39 2698 ’
85 2712 331 2764 quicquam
363 2713 467 2753 miri
498 2712 647 2767 habet,
679 2713 1051 2767 quandoquidem
1072 2716 1267 2768 uterque
1297 2717 1342 2756 et
1367 2715 1560 2757 deorum
1592 2727 1672 2757 rex
1703 2727 1756 2757 ac
1787 2718 1998 2771 princeps
2031 2720 2076 2758 et

85 2783 196 2824 caeli
226 2785 518 2835 potissimum
549 2784 762 2826 dominus
793 2785 1060 2828 habebatur.
1122 2786 1184 2828 Cf.
1215 2787 1482 2840 Herodot.1,
1506 2790 1601 2829 ⁴3⁴:
1635 2786 1676 2828 οἱ
1708 2786 1755 2829 δὲ
1783 2788 1972 2841 (Persae)
2003 2803 2075 2830 νο-

6 2850 9 2902 J
87 2853 251 2909 μίζουσι
280 2852 347 2897 Διὶ
385 2854 462 2910 μὲν
501 2854 570 2897 ἐπὶ
605 2855 659 2898 τὰ
695 2854 946 2915 ὑψηλότατα
980 2865 1065 2900 τῶν
1105 2857 1239 2914 ὀρέων
1279 2857 1573 2914 ἀναβαίνοντες
1615 2857 1763 2906 θυσίας
1804 2858 1957 2914 ἕρδειν,
2001 2860 2072 2902 τὸν

83 2924 242 2968 κύκλον
273 2925 410 2969 πάντα
438 2930 514 2969 τοῦ
546 2926 726 2984 οὐρανοῦ
757 2925 836 2972 Δία
865 2928 1105 2977 καλέοντες.
1167 2930 1309 2980 Quem
1340 2932 1493 2973 locum
1527 2932 1679 2973 attulit
1708 2933 1751 2973 F.
1774 2932 1970 2973 Cumont
2001 2944 2072 2985 ap.

85 2998 282 3040 Roscher
326 3000 524 3040 Lexikon
563 3000 642 3041 der
679 3013 742 3054 gr.
780 3014 826 3043 u.
867 3007 982 3043 rom.
1024 3003 1299 3056 Mythologie
1330 3005 1368 3044 ΙΙ
1402 3007 1426 3043 2
1470 3015 1513 3057 p.
1539 3007 1649 3045 3039
1697 3005 1980 3057 monuitque,
2027 3006 2072 3045 in

84 3071 344 3112 Mithriacae
367 3072 597 3123 religionis
624 3076 930 3116 monumentis
957 3075 1159 3116 Romana
1186 3077 1332 3117 aetate
1362 3077 1639 3117 consecratis
1664 3075 1718 3116 de
1743 3076 1917 3129 eodem]
1938 3087 2073 3117 usur-

86 3143 183 3195 pari
214 3143 537 3195 appellationes
574 3141 733 3188 Caelus
763 3149 971 3189 aeternus
1002 3145 1176 3202 Iupiter
1205 3151 1284 3189 aut
1314 3147 1513 3189 breviter
1541 3145 1712 3190 Caelus.
1879 3152 1932 3189 ⁴5
1972 3148 2072 3191 Non

6 3213 8 3221 '
85 3214 332 3256 comitandi
362 3216 433 3256 vel
464 3218 782 3271 prosequendi,
814 3219 894 3259 sed
925 3219 1180 3260 dimittendi
1211 3221 1442 3261 notionem
1464 3219 1659 3261 verbum
1690 3221 1765 3261 hic
1793 3220 1963 3261 habere
1994 3222 2071 3262 vix

8 3326 11 3348 ÷
86 3288 156 3327 est
184 3287 305 3339 quod
339 3289 589 3329 moneatur.
734 3293 788 3331 46
828 3290 888 3332 Cf.
922 3291 1207 3344 Phrynichus
1238 3303 1282 3345 p.
1306 3295 1410 3333 ⁴83:
1450 3289 1656 3348 ἀφείλατο
1688 3289 1779 3333 ὅσοι
1811 3290 1879 3334 διὰ
1907 3295 1983 3334 τοῦ
2011 3290 2070 3334 λᾶ

9 3351 11 3369 ¹
84 3355 290 3413 λέγουσιν,
320 3356 626 3417 ἀσχημονοῦσι,
658 3358 751 3402 δέον
782 3359 850 3403 διὰ
878 3365 954 3403 τοῦ
985 3360 1037 3406 λέ
1064 3361 1201 3420 λέγειν
1233 3361 1452 3420 ἀφείλετο·
1482 3361 1555 3405 καὶ
1576 3360 1816 3419 ἀφειλόμην
1840 3362 1905 3405 δεῖ
1933 3362 2070 3422 λέγειν

86 3427 155 3471 διὰ
182 3433 256 3471 τοῦ
286 3435 309 3472 ὃ
341 3428 453 3472 ἀλλὰ
485 3430 545 3487 μὴ
579 3429 648 3473 διὰ
675 3435 750 3473 τοῦ
782 3438 810 3475 ᾶ
842 3445 947 3474 cum
969 3435 1262 3476 adnotatione
1282 3435 1508 3476 Lobeckii.
1559 3435 1606 3476 Ε.
1630 3435 1883 3477 Schweizer
1914 3436 2070 3478 Gram-

9 3513 12 3531 τ
86 3503 226 3542 matik
257 3502 337 3543 der
367 3504 768 3556 pergamenischen
789 3506 1057 3547 Inschriften
1087 3518 1130 3560 p.
1155 3510 1236 3547 482
1271 3509 1439 3560 monet,
1472 3508 1517 3547 in
1548 3507 1709 3548 eodem
1735 3506 2071 3562 tamenssmonu-

85 3575 237 3615 mento
271 3586 311 3615 v.
335 3579 387 3616 95
420 3572 571 3616 διελών
604 3576 703 3628 legi.
752 3577 809 3618 At
835 3578 958 3619 nulla
987 3579 1062 3619 hic
1093 3580 1163 3619 est
1190 3580 1505 3633 inconstantia,
1537 3580 1643 3632 quia
1672 3580 1899 3633 scriptura
1928 3592 2009 3634 per
2041 3586 2068 3624 ᾶ

9 3673 12 3698 ,
86 3646 269 3687 omnino
309 3651 400 3688 non
440 3648 608 3688 usitata
649 3650 745 3689 erat
783 3650 870 3690 nisi
909 3651 957 3690 in
997 3650 1160 3692 medio.
1337 3654 1387 3691 47
1428 3651 1489 3692 Re
1521 3663 1629 3693 vera
1669 3663 1828 3694 omnes
1870 3664 2067 3706 quorum
