2314 3970
221 232 324 284 342
859 226 928 266 lV.
975 226 1175 276 Regnum
1208 224 1557 264 Seleucidarum.
2093 220 2154 272 [24
2168 224 2191 260 9

369 402 592 469 ἀδελφῆς
633 397 783 449 αὐτοῦ
798 398 839 431 ¹⁷
878 393 1171 466 βασιλίσσης
1209 391 1295 446 καὶ
1333 397 1440 463 τῶμ
1466 392 1623 464 φίλων
1654 392 1660 463 Ι
1688 392 1772 446 καὶ
1797 396 1892 445 τῶν
1921 388 2195 460 δυνάμεων,

368 486 452 539 καὶ
490 484 719 555 γίνεσθαι
756 481 818 534 τά
856 502 908 533 τε
947 480 1078 533 ἄλλα
1117 476 1289 551 ἀγαθὰ
1329 483 1420 531 τῶι
1453 480 1650 548 βασιλεῖ
1675 478 1758 532 καὶ
1784 485 1867 549 τῆι
1894 476 2197 549 βασιΙλίσσηι

367 570 553 638 πάντα,
605 568 690 622 καὶ
727 566 790 620 τὰ
837 565 1109 638 πράγματα
1148 566 1233 618 καὶ
1279 565 1379 636 τὴμ
1418 564 1676 635 βασιλείαν
1727 566 1894 624 αὐτοῖς
1946 563 2195 632 διαμένειν

284 673 337 712 25
370 653 742 728 λαμβάνουΙΙσαν
792 653 1012 708 ἐπίδοσιν
1063 650 1296 722 καθάπερ
1338 649 1479 703 αὐτοὶ
1517 655 1895 722 προαιροῦνται·
1956 649 2199 707 εὔξασθαι

369 743 422 795 δὲ
471 741 555 794 καὶ
600 740 716 799 τοὺς
768 740 949 799 ἄλλους
1002 740 1146 809 ἱερεῖς
1191 737 1276 791 καὶ
1318 737 1323 807 Ι
1369 737 1550 807 ἱερείας
1601 735 1725 806 μετὰ
1775 741 1861 790 τοῦ
1903 736 2075 807 ἱερέως
2112 739 2198 787 τοῦ

366 833 452 881 τοῦ
499 829 745 900 βασιλέως
784 825 1041 897 Ἀντιόχου
1088 829 1179 878 τῶι
1223 845 1276 877 τε
1320 821 1591 876 Ἀπόλλωνι
1628 828 1719 877 τῶι
1759 824 2023 895 ἀρχηγ[ῶι]
2067 823 2072 892 Ι
2112 826 2199 874 τοῦ

367 916 538 987 γένους
579 911 732 967 αὐτοῦ
748 916 790 950 18
826 913 911 966 καὶ
949 918 1031 982 τῆι
1072 911 1115 964 Ν
1127 913 1228 981 ίκηι
1265 911 1350 963 καὶ
1389 915 1479 963 τῶι
1518 910 1599 962 Διὶ
1624 909 1710 963 καὶ
1735 911 1837 969 τοῖς
1865 909 2036 968 ἄλλοις
2062 910 2202 967 θεοῖς

366 1006 490 1054 πᾶσι
528 1000 613 1054 καὶ
640 1000 844 1060 πάσαις.
888 998 985 1068 ἐ[πὶ
1026 998 1096 1066 δὲ]
1139 998 1144 1068 Ι
1185 999 1296 1057 ταῖς
1334 998 1508 1068 εὐχαῖς
1546 1002 1629 1067 τῆι
1669 996 1755 1066 μὲν
1786 994 1998 1066 Ἀθηνᾶι
2037 1015 2203 1047 συντε-

366 1087 658 1141 λεσάτωσαν
697 1087 786 1159 τὴν
825 1086 1154 1156 νομιζομένην
1193 1083 1278 1138 καὶ
1304 1081 1531 1154 πάτ[ριον
1560 1083 1772 1154 θυ]Ισίαν
1800 1081 1852 1135 οἵ
1872 1103 1924 1135 τε
1954 1083 2203 1152 ἱερονόμοι

366 1174 451 1227 καὶ
497 1177 543 1227 οἱ
591 1173 857 1244 πρυτάνεις
908 1170 1032 1242 μετὰ
1083 1176 1171 1242 τῆς
1225 1170 1408 1241 ἱερείας
1455 1170 1541 1222 καὶ
1579 1173 1689 1239 τῶμ
1724 1170 2056 1240 πρεσβευτῶν,
2093 1169 2203 1237 τ[ῶι

287 1275 340 1315 30
373 1261 427 1313 δὲ
470 1259 779 1331 Ἀπό]Ηλλωνι
835 1258 919 1311 καὶ
968 1259 1068 1318 τοῖς
1117 1257 1289 1316 ἄλλοις
1337 1257 1477 1316 θεοῖς
1523 1257 1570 1308 οἱ
1620 1254 1884 1327 στρατηγοὶ
1937 1252 2062 1325 μετὰ
2107 1257 2204 1307 τῶν

226 1468 276 1504 46
316 1464 505 1504 Restitui
547 1473 662 1515 quae
701 1461 954 1503 Boeckhius
994 1460 1213 1513 lapicidae
1250 1460 1425 1500 incuria
1464 1459 1686 1500 excidisse
1725 1459 1969 1512 perspexit.
2029 1458 2205 1499 Etenim

224 1533 425 1585 εὔξασθαι
463 1547 556 1575 non
591 1537 743 1587 potest
779 1534 935 1574 referri
975 1533 1031 1573 ad
1071 1544 1143 1573 res
1182 1532 1321 1573 factas
1361 1531 1450 1587 (τὴν
1484 1530 1715 1588 παρουσίαν
1747 1529 1990 1588 γεγονέναι),
2033 1531 2111 1571 sed
2152 1531 2207 1571 ad

222 1608 427 1648 futurum
460 1619 614 1648 earum
647 1608 873 1647 eventum.
1023 1608 1074 1645 47
1116 1605 1369 1645 Boeckhius
1393 1615 1599 1645 sororem
1621 1614 1880 1655 germanam
1902 1603 2111 1643 Antiochi
2142 1603 2207 1642 in-

224 1681 406 1733 tellexit,
448 1691 586 1732 quam
628 1680 672 1719 in
703 1678 1046 1719 matrimonium
1079 1677 1284 1717 duxisset
1325 1678 1506 1717 mortua
1536 1676 1799 1728 Stratonice,
1841 1676 1977 1727 atque
2015 1686 2121 1715 eum
2159 1685 2208 1714 re

226 1764 332 1793 vera
363 1754 467 1804 post
489 1752 770 1791 Stratonicen
802 1751 988 1791 alteram
1021 1761 1212 1790 uxorem
1243 1748 1458 1789 habuisse
1478 1748 1581 1789 inde
1602 1747 1784 1801 colligit,
1817 1747 1940 1800 quod
1960 1747 2209 1787 Antiochus

223 1825 358 1876 Deus,
390 1835 525 1876 quem
559 1823 831 1863 Stratonices
863 1822 1006 1862 filium
1039 1821 1178 1862 fuisse
1209 1822 1398 1874 constat,
1430 1821 1475 1861 in
1508 1820 1799 1861 matrimonio
1820 1819 2032 1860 habuerit
2053 1818 2210 1859 Laodi-

225 1908 306 1936 cen
338 1907 542 1936 sororem
574 1895 734 1935 eodem
765 1896 892 1947 patre
925 1905 1071 1946 neque
1093 1905 1204 1934 vero
1228 1893 1384 1934 eadem
1408 1894 1552 1933 matre
1574 1893 1770 1944 genitam
1793 1890 2137 1944 (Polyaen.VIII,
2157 1893 2207 1931 50

223 1962 435 2022 Ἀντίοχος
469 1965 489 2007 ὁ
522 1962 874 2023 προσαγορευθεὶς
907 1963 1004 2011 θεὸς
1037 1964 1170 2021 ἔγημε
1195 1960 1703 2020 Λαοδίκηνὸμοπάτριον
1735 1960 1954 2019 ἀδελφήν).
2005 1962 2068 2003 Ac
2089 1963 2211 2003 certe

224 2039 514 2091 Niebuhrius,
547 2039 625 2090 qui
653 2038 818 2090 (Kleine
841 2037 1060 2078 Schriften
1084 2038 1099 2076 I
1131 2048 1175 2089 p.
1198 2036 1295 2088 257)
1328 2036 1488 2077 maluit
1509 2036 1764 2088 Porphyrio
1787 2034 1920 2075 fidem
1944 2034 2111 2075 habere
2132 2034 2210 2087 qui

225 2110 447 2151 Laodicen
477 2110 643 2150 Achaei
674 2109 812 2150 filiam
845 2110 967 2162 dicit,
1010 2109 1125 2149 futili
1156 2110 1422 2160 argumento
1454 2109 1580 2149 nisus
1611 2110 1681 2148 est
1711 2119 1814 2148 cum
1847 2109 2031 2159 negaret
2061 2107 2211 2147 Seleu-

226 2182 339 2223 cidis
370 2183 511 2223 moris
543 2181 680 2223 fuisse
712 2192 892 2222 sorores
924 2182 969 2221 in
1000 2182 1345 2221 matrimonium
1377 2181 1553 2221 ducere.
1606 2180 1771 2221 Contra
1791 2190 1928 2232 quem
1958 2179 2212 2220 Boeckhius

228 2255 418 2307 monuit,
464 2254 536 2295 vel
577 2254 763 2294 Athenis
810 2253 896 2293 hoc
941 2253 1136 2293 licuisse.
1197 2253 1253 2293 At
1292 2253 1441 2304 potuit
1479 2252 1671 2293 certiore
1711 2253 1975 2303 argumento
2020 2251 2110 2291 uti:
2157 2250 2212 2290 de

225 2326 446 2366 Antiocho
479 2326 536 2365 ΙΙΙ
578 2325 763 2377 (Magno)
803 2325 1034 2377 Appianus
1067 2326 1164 2376 Syr.
1197 2326 1218 2364 4
1261 2325 1414 2365 narrat
1452 2322 1615 2380 γάμους
1654 2337 1699 2364 τε
1739 2328 1823 2363 τῶν
1870 2321 2030 2364 παίδων
2073 2319 2211 2374 ἔθυεν,

226 2393 437 2456 Ἀντιόχου
468 2395 540 2438 καὶ
570 2394 801 2451 Λαοδίκης,
834 2394 1038 2452 ἀλλήλοις
1070 2394 1357 2452 συναρμόζων.
1410 2395 1558 2443 Quare
1583 2396 1693 2448 quin
1723 2395 1800 2436 illa
1820 2406 2003 2447 quoque
2024 2394 2214 2435 Laodice

230 2472 337 2511 natu
368 2470 515 2510 maior
546 2470 695 2509 mariti
727 2469 937 2509 Antiochi
959 2469 996 2507 II
1028 2479 1158 2509 soror
1188 2468 1335 2520 fuerit,
1367 2469 1412 2508 et
1442 2469 1551 2508 item
1573 2478 1732 2509 rursus
1763 2468 1861 2508 eius
1892 2468 2049 2520 mater,
2081 2467 2215 2507 cuius

231 2552 393 2582 nomen
431 2542 708 2593 ignoramus,
752 2540 965 2581 Antiochi
1005 2541 1035 2593 I,
1082 2551 1171 2580 non
1210 2539 1393 2581 videtur
1433 2539 1735 2580 dubitandum
1774 2549 1887 2580 esse.
1947 2539 2213 2591 Droysenus

229 2624 349 2665 sane,
389 2624 493 2653 cum
527 2613 580 2653 de
612 2612 802 2653 Laodice
832 2612 1041 2653 Antiochi
1072 2613 1109 2651 ΙΙ
1150 2624 1291 2653 uxore
1321 2612 1558 2654 Niebuhrii
1596 2612 1863 2653 sententiam
1895 2612 2126 2664 sequatur,
2167 2611 2212 2650 in

229 2685 315 2725 hoc
346 2685 477 2724 titulo
510 2685 710 2735 reginam
743 2685 889 2736 ipsam
921 2685 1203 2725 Stratonicen
1236 2694 1335 2725 esse
1368 2684 1478 2737 vult,
1517 2687 1562 2724 et
1592 2681 1782 2739 ἀδελφήν
1814 2683 1924 2724 nihil
1954 2683 2040 2723 nisi
2070 2683 2212 2723 hono-

230 2757 291 2797 ris
323 2756 599 2797 vocabulum
638 2756 808 2807 (Gesch.
843 2756 921 2796 des
960 2756 1260 2796 Hellenismus
1291 2757 1362 2808 ΙΙΙ,
1395 2759 1410 2796 4
1450 2767 1492 2808 p.
1519 2755 1629 2807 266),
1671 2755 1751 2796 sed
1788 2756 1924 2795 huius
1964 2755 2117 2806 moris,
2158 2753 2213 2794 de

230 2839 321 2881 quo
354 2828 406 2868 cf.
440 2840 480 2868 n.
505 2826 598 2880 603,
638 2829 682 2868 in
714 2827 1049 2868 Seleucidarum
1083 2827 1249 2869 familia
1287 2828 1462 2868 nullum
1494 2827 1752 2880 exemplum
1795 2828 1955 2868 notum
1986 2838 2085 2867 esse
2116 2827 2213 2878 ipse

230 2901 406 2942 fatetur.
470 2900 617 2948 Quare
646 2900 898 2940 Boeckhius
938 2901 1034 2941 sine
1065 2900 1203 2940 dubio
1235 2911 1397 2941 verum
1428 2900 1555 2952 vidit,
1599 2900 1685 2940 nisi
1716 2899 1838 2952 quod
1875 2901 1981 2952 post
2018 2899 2211 2938 mortem

231 2973 508 3014 Stratonices
539 2972 723 3012 demum
757 2983 959 3012 sororem
981 2972 1202 3013 Antiocho
1225 2973 1434 3024 nupsisse
1457 2972 1680 3024 opinatur.
1731 2970 1846 3012 Nam
1867 2972 1988 3011 recte
2008 2969 2212 3010 Wilcken

232 3046 419 3098 monuit,
451 3045 572 3085 hunc
602 3043 786 3084 titulum
818 3045 977 3096 utique
998 3044 1261 3096 Stratonice,
1294 3055 1432 3096 quam
1464 3055 1579 3084 anno
1613 3047 1694 3084 268
1716 3055 1754 3084 a.
1777 3043 1878 3083 Chr.
1901 3054 1944 3083 n.
1975 3043 2210 3083 etiamtum

230 3118 347 3158 inter
379 3117 509 3158 vivos
540 3116 681 3157 fuisse
712 3115 833 3156 tituli
854 3115 1090 3168 Babylonii
1112 3118 1400 3169 testarentur,
1433 3116 1678 3168 superstite
1709 3115 1929 3168 scriptum
1951 3125 2061 3155 esse.
2113 3113 2212 3154 Non

232 3189 444 3240 deinceps
474 3188 624 3240 igitur,
669 3187 748 3228 sed
779 3187 938 3228 eodem
968 3188 1174 3240 tempore
1206 3187 1318 3228 duas
1351 3199 1515 3228 uxores
1547 3187 1706 3229 habuit
1735 3187 1986 3228 Antiochus
2017 3187 2048 3238 Ι,
2091 3184 2213 3238 quod

232 3260 351 3300 idem
374 3260 428 3300 de
452 3260 710 3300 Ptolemaeo
736 3260 841 3311 Lagi
861 3259 887 3300 f.
910 3259 1102 3312 aliisque
1124 3259 1243 3300 illius
1266 3260 1424 3300 aetatis
1446 3260 1628 3312 regibus
1650 3261 1842 3300 constat.
1972 3261 2024 3298 48
2057 3257 2211 3297 lustin.

233 3332 328 3384 XV,
355 3335 391 3383 4,
416 3335 437 3371 3
469 3333 615 3373 mater
644 3328 743 3373 eius
774 3331 960 3383 (Seleuci
980 3330 1220 3383 Nicatoris)
1251 3343 1355 3373 cum
1383 3333 1530 3386 nupta
1559 3333 1668 3373 esset
1687 3328 1920 3382 Antiocho,
1952 3327 2074 3371 claro
2094 3327 2213 3370 inter

233 3401 446 3457 Philippi
473 3402 604 3445 duces
633 3401 744 3456 viro,
783 3400 884 3445 visu
911 3400 1007 3444 sibi
1032 3405 1094 3445 est
1118 3415 1202 3457 per
1231 3401 1420 3457 quietem
1450 3416 1501 3445 ex
1530 3400 1768 3445 concubitu
1796 3398 2027 3456 Apollinis
2063 3412 2212 3442 conce-

227 3472 364 3528 pisse,
391 3472 669 3528 yruvidaque
697 3473 822 3528 facta
850 3487 1022 3517 munus
1051 3471 1310 3517 concubitus
1339 3473 1396 3517 ab
1431 3487 1478 3516 eo
1508 3473 1704 3517 anulum
1733 3470 1967 3527 accepisse,
1997 3469 2052 3512 in
2081 3469 2213 3513 cuius

230 3558 411 3600 yem‘ma
460 3558 632 3588 ancora
676 3545 850 3601 sculpta
897 3549 1017 3599 esset,
1064 3544 1279 3600 iussaque
1333 3545 1504 3589 donum
1554 3544 1607 3588 id
1647 3543 1745 3600 filio
1802 3556 1932 3598 quem
1969 3541 2213 3597 peperisset
2296 3549 2297 3601 j

233 3616 353 3659 dare.
390 3618 436 3658 B.
489 3617 548 3658 Cf.
573 3619 709 3659 etiam
742 3630 782 3659 n.
807 3622 904 3672 227,
929 3623 951 3659 6
985 3617 1052 3660 διὰ
1081 3616 1158 3674 τὴν
1190 3617 1295 3674 πρὸς
1327 3616 1450 3659 αὐτὸν
1481 3617 1552 3660 τὸν
1582 3615 1680 3660 θεὸν
1703 3614 1952 3674 συγγένειαν.
2000 3627 2041 3656 n.
2066 3618 2162 3666 237,
2186 3617 2208 3653 5

234 3686 255 3729 ὅ
287 3702 332 3728 τε
364 3686 463 3734 θεὸς
494 3686 515 3729 ὁ
547 3687 790 3748 ἀρχηγέτης
819 3692 893 3732 τοῦ
924 3688 1069 3747 γένους
1099 3695 1196 3745 τῶμ
1227 3688 1446 3745 βασιλέων.
