2314 3970
251 216 352 267 300
933 217 996 255 ΙΙΙ.
1042 214 1189 255 Nubia
1220 218 1263 255 et
1294 215 1543 267 Aethiopia.
2116 220 2211 271 [200

336 403 360 443 5
391 386 474 440 καὶ
511 390 597 439 τοῦ
637 385 847 455 Τιαμῶ8
881 385 966 439 καὶ
1008 384 1364 458 Βουγαειτῶν9
1399 386 1519 456 κ(αὶ)
1557 388 1682 458 το[ΰ]
1717 389 1733 461 Ι]
1774 388 1953 442 Κάσου
1969 394 2024 458 ¹⁰,
2076 392 2217 462 βασι-

394 472 505 531 λεὺς
545 473 807 542 βασιλέων,
848 471 952 532 υἱὸς
991 474 1112 525 θεοῦ
1154 473 1158 543 Ι
1202 473 1437 544 ἀνικήτου
1471 467 1732 545 >ΆρεωςῙῘ,
1780 475 2164 547 ἀτακτησάντων
2207 480 2212 545 Ι

248 653 323 703 τῆς
354 648 525 703 πρώτης
554 646 781 704 γινομένης
811 642 1014 704 Ἀραβίας,
1047 647 1068 690 ὁ
1090 644 1366 706 Μοφαρεὶτης
1396 645 1608 705 τύραννος.
1660 650 1778 692 Unde
1797 652 2070 705 intellegitur
2090 652 2217 694 facile

248 721 342 761 fieri
376 721 577 772 potuisse
607 722 658 761 ut
687 721 733 761 hi
764 721 901 762 etiam
932 733 1022 774 quo
1054 723 1262 774 tempore
1282 721 1505 762 Axomitis
1526 721 1744 774 parebant
1763 735 1846 776 pro
1869 725 2064 777 quadam
2086 726 2217 777 quasi

248 792 494 845 appendice
541 795 585 832 et
625 793 881 834 accessione
919 794 1198 845 principatus
1236 793 1570 834 Homeritarum
1607 794 1891 836 haberentur.
1954 798 2000 836 ln
2039 796 2217 838 Aethio-

247 865 347 916 pico
379 864 514 905 huius
545 864 663 904 tituli
695 866 900 918 exemplo
932 867 1131 917 itemque
1162 866 1206 905 in
1236 865 1333 905 aliis
1364 876 1518 917 regum
1541 866 1853 907 Axomitarum
1875 869 2017 908 titulis
2038 869 2217 909 Aethio-

248 947 359 987 pum
390 937 559 977 nomini
591 936 834 990 respondet
864 930 1075 989 ῌαόαὲαι.
1137 937 1274 978 Cuius
1312 938 1511 978 nominis
1551 937 1727 979 fortuna
1769 939 1923 980 eadem
1963 939 2047 980 fuit
2084 942 2219 992 atque

247 1008 391 1060 ipsius
426 1004 646 1061 Αἰθίοπες,
688 1004 911 1059 Αἰθιοπὶα;
962 1010 1127 1049 etenim
1166 1008 1434 1049 translatum
1473 1011 1542 1050 est
1579 1012 1737 1062 postea
1774 1011 1830 1051 ad
1870 1012 1990 1052 illam
2036 1014 2217 1065 terram,

248 1091 363 1132 quae
385 1091 503 1121 nunc
523 1081 656 1133 volgo
678 1092 730 1121 eo
754 1077 981 1135 (Habe-sch,
1011 1081 1256 1132 Abessinia)
1280 1081 1521 1133 significari
1543 1082 1668 1122 solet.
1719 1082 1778 1123 Cf.
1802 1083 1960 1124 Miiller
1984 1095 2026 1136 p.
2051 1087 2103 1124 26
2121 1095 2217 1137 sqq.

251 1156 274 1192 6
317 1152 376 1192 Cf.
410 1164 451 1192 n.
476 1151 617 1193 49958.
670 1153 751 1194 Hic
780 1155 832 1194 ut
862 1154 950 1195 iam
982 1154 1027 1194 in
1057 1153 1230 1206 periplo
1262 1154 1399 1195 maris
1421 1154 1659 1207 Erythraei
1680 1154 1938 1196 Homeritae
1970 1157 2218 1210 principem

248 1225 399 1264 locum
420 1226 586 1278 tenent,
619 1225 774 1266 Sabaei
797 1228 900 1278 post
930 1226 1029 1266 illos
1051 1226 1235 1267 demum
1258 1227 1562 1279 nominantur,
1594 1226 1672 1267 sed
1694 1229 1844 1267 tamen
1865 1227 2067 1269 nondum
2090 1229 2220 1281 plane

248 1298 431 1337 evanuit
481 1297 663 1338 alterius
709 1299 852 1350 gentis
901 1309 1078 1339 nomen.
1154 1298 1267 1339 Cum
1318 1298 1463 1340 forma
1508 1299 1702 1340 nominis
1742 1294 1971 1355 Σαβαεῖται
2008 1301 2219 1342 Franzius

249 1371 484 1421 comparat
515 1370 672 1422 Peripl.
702 1382 812 1410 mar.
843 1370 1021 1423 Erythr.
1055 1374 1106 1410 23
1140 1382 1182 1423 p.
1206 1373 1303 1424 274,
1326 1375 1349 1411 9
1389 1368 1524 1413 ἐθνῶν
1563 1369 1650 1424 δύο,
1691 1373 1766 1412 τοῦ
1805 1385 1850 1412 τε
1884 1365 2108 1428 Ὁμηρίτου
2147 1371 2220 1414 καὶ

247 1442 320 1480 τοῦ
363 1439 690 1495 παρακειμένου,
731 1439 963 1497 λεγομένου
1003 1439 1228 1497 Σαβαΐτου.
1412 1447 1435 1483 7
1475 1443 1586 1484 Cum
1628 1445 1805 1496 priores
1846 1444 1965 1497 (salt,
2001 1444 2218 1498 Niebuhr,

248 1514 306 1552 St.
335 1513 509 1565 Mar-tin)
555 1513 629 1554 hic
674 1514 894 1567 oppidum
932 1511 1060 1556 Zeila
1102 1515 1148 1555 in
1195 1526 1273 1555 ora
1309 1514 1514 1556 Africana
1553 1527 1578 1556 e
1615 1517 1796 1568 regione
1834 1516 2025 1558 Arabiae
2062 1517 2220 1558 Felicis

248 1586 386 1626 situm
418 1586 619 1626 invenire
650 1585 736 1626 sibi
768 1587 854 1627 visi
885 1589 1047 1639 essent,
1085 1588 1253 1628 rectius
1283 1587 1520 1640 Dillmann,
1563 1589 1636 1628 cui
1668 1589 1910 1629 assentitur
1939 1589 2111 1642 Muller,
2150 1601 2220 1630 ar·
2295 1636 2314 1643 .,

249 1669 346 1697 cem
376 1658 545 1709 regiam
575 1658 904 1699 nobilissimam
937 1656 1102 1710 Samen
1132 1660 1265 1700 sitam
1297 1660 1341 1700 in
1382 1659 1549 1712 oppido
1585 1654 1752 1702 Ma'rib
1783 1661 1977 1713 agnovit.
2043 1657 2220 1716 Σαβαει-

246 1735 329 1770 τῶν
359 1727 431 1770 καὶ
459 1732 532 1770 τοῦ
565 1726 695 1787 Σιλεῆ
734 1731 872 1783 igitur
902 1731 1034 1784 plane
1065 1731 1221 1773 eadem
1261 1733 1438 1773 ratione
1468 1733 1807 1783 coniunguntur
1836 1743 1888 1773 ac
1919 1743 2055 1785 supra
2090 1726 2220 1787 Ὁμη-
2313 1729 2314 1736 ’

251 1807 372 1855 ριτῶν
404 1799 476 1842 καὶ
515 1804 589 1843 τοῦ
616 1797 829 1844 Ῥαειῧᾶν.
883 1803 944 1844 Cf.
977 1805 1068 1845 not.
1090 1806 1129 1844 4.
1306 1808 1328 1844 8
1373 1804 1434 1845 Cf.
1466 1816 1507 1845 n.
1533 1803 1672 1846 49916.
1734 1804 1846 1845 Cum
1888 1805 2032 1846 multo
2073 1805 2222 1846 minor

249 1874 449 1925 gentium
479 1874 740 1916 Abessiniae
772 1887 988 1916 numerus
1018 1877 1092 1916 hic
1130 1877 1188 1917 sit
1217 1888 1355 1929 quam
1385 1877 1489 1929 illic,
1531 1876 1654 1917 haud
1688 1876 2004 1929 improbabilis
2040 1879 2085 1918 et
2113 1877 2220 1918 Dill-

250 1947 403 1986 manni
447 1947 706 1988 coniectura
750 1948 824 1988 hic
868 1949 1191 2001 appellationes
1237 1949 1419 1989 easdem
1459 1949 1620 1990 latiore
1660 1950 1706 1990 vi
1742 1949 1968 2002 usurpari,
2014 1950 2065 1989 ut
2105 1960 2220 1989 voce
2286 1963 2289 1966 ⁴

249 2015 400 2071 Τιαμῶ
431 2020 585 2070 gentes
616 2019 823 2072 planiciei
852 2021 997 2061 editae
1028 2021 1148 2061 circa
1177 2021 1371 2061 Axomin
1409 2023 1488 2062 aut
1529 2031 1687 2061 omnes
1730 2022 1808 2062 aut
1848 2021 2103 2073 pleraeque,
2142 2032 2219 2061 no-

251 2091 372 2130 mine
401 2086 656 2147 Βουγαεῖται
686 2103 805 2144 quae
835 2092 891 2133 ab
930 2093 1017 2133 illis
1052 2093 1403 2146 septentrionem
1433 2104 1594 2134 versus
1630 2104 1777 2145 usque
1817 2093 1872 2134 ad
1901 2093 2093 2146 Aegypti
2131 2096 2220 2134 ter-

252 2163 401 2203 minos
431 2163 635 2204 habitent
666 2165 1121 2217 comprehendantur.
1269 2170 1293 2206 9
1332 2165 1488 2206 Eidem
1520 2166 1598 2218 qui
1618 2162 1736 2221 Βεγά
1767 2165 1956 2206 audiunt
1976 2177 2017 2206 n.
2038 2169 2132 2218 499,
2151 2169 2220 2218 42,

252 2235 339 2275 nisi
370 2236 492 2288 quod
522 2236 595 2276 hic
626 2237 776 2289 paullo
808 2237 941 2278 latius
974 2240 1126 2290 patere
1156 2238 1338 2279 videtur
1367 2239 1564 2279 nominis
1595 2239 1666 2278 vis
1698 2237 1801 2289 (not.
1826 2238 1864 2290 8)
1903 2240 1949 2278 et
1979 2239 2222 2291 praecipue
2276 2279 2281 2282 κ

252 2307 489 2359 Tanga‘itas
528 2309 607 2360 qui
644 2308 837 2362 Aegypti
876 2309 986 2351 fines
1026 2311 1251 2362 attingunt
1291 2311 1395 2363 (illic
1434 2323 1477 2352 v.
1509 2310 1575 2362 ⁴3)
1615 2321 1706 2351 una
1746 2311 1989 2351 continere.
2059 2310 2119 2351 Cf.
2159 2310 2223 2351 ibi
2280 2316 2285 2322 “·

251 2381 342 2420 not.
368 2383 432 2420 33.
465 2382 530 2421 34.
592 2381 804 2422 Ordinem
844 2393 937 2434 quo
975 2383 1049 2422 hic
1087 2393 1134 2423 se
1173 2383 1403 2436 excipiunt
1438 2379 1706 2439 Βουγαειτῶν
1743 2382 1816 2423 καὶ
1851 2384 1926 2423 τοῦ
1968 2378 2115 2424 Κάσου
2157 2383 2223 2423 in·

250 2453 388 2493 vertit
431 2453 693 2505 exemplum
740 2454 1070 2508 Aethiopicum,
1122 2466 1247 2495 mera
1292 2455 1581 2508 neglegentia,
1638 2454 1861 2507 siquidem
1906 2454 2223 2507 inscriptiones
2259 2444 2314 2519 {33}

252 2535 409 2576 regum
440 2525 640 2578 reliquae
670 2526 983 2578 indigenarum
1013 2538 1223 2568 sermone
1250 2528 1508 2580 conceptae,
1540 2537 1656 2579 quae
1676 2526 1860 2567 titulum
1882 2527 1998 2579 regis
2029 2526 2224 2567 eundem
2273 2514 2308 2563 3?

253 2597 478 2649 exhibent,
515 2598 599 2638 hac
630 2598 675 2638 in
706 2610 754 2638 re
785 2610 891 2639 cum
922 2600 1056 2640 huius
1088 2599 1295 2652 exemplo
1328 2599 1496 2640 Graeco
1529 2599 1828 2639 consentiunt.
1976 2602 2028 2638 40
2066 2598 2223 2639 Utrum
2270 2622 2307 2654 ²2

255 2669 439 2709 ΚΑΟΟΥ
471 2680 526 2709 an
558 2671 743 2710 ΚΑΕΟΥ
776 2671 835 2711 sit
865 2682 954 2712 non
984 2671 1117 2723 plane
1148 2671 1322 2723 dispici,
1363 2671 1443 2712 sed
1473 2673 1625 2711 tamen
1662 2670 1895 2711 fortuitam
1932 2669 2085 2722 potius
2115 2670 2226 2723 lapi·
2304 2663 2307 2725 ,ἶ

255 2739 323 2780 dis
354 2740 595 2781 laesionem
627 2753 765 2793 quam.
795 2742 959 2783 lineam
989 2745 1295 2784 transversam
1328 2754 1426 2784 esse
1456 2742 1602 2783 videri
1631 2743 1825 2783 testatur
1843 2741 2015 2783 Miiller.
2068 2741 2226 2793 Utique
2269 2775 2278 2795 4

253 2812 449 2853 nominis
494 2812 638 2854 forma
681 2814 824 2854 titulis
868 2815 1144 2868 Aethiopicis
1191 2815 1457 2856 defenditur.
1525 2815 1658 2863 Quod
1695 2825 1803 2856 vero
1845 2815 2054 2855 Franzius
2099 2813 2225 2867 dixit,

254 2885 306 2923 ut
347 2883 562 2936 probaret
602 2881 794 2926 Τοκαέου
833 2887 1109 2927 coniunctim
1146 2887 1384 2940 legendum
1423 2898 1534 2940 esse,
1581 2887 1820 2928 articulum
1860 2887 1907 2927 in
1943 2887 2031 2927 hoc
2066 2898 2226 2927 monu-

254 2958 406 2997 mento
455 2968 546 2997 non
594 2957 775 3010 adiungi
821 2959 908 2999 nisi
952 2959 1344 3000 indeclinabilibus
1386 2960 1471 3011 (τοῦ
1505 2954 1713 3011 Ῥαειὸοἱν,
1750 2960 1825 3000 τοῦ
1865 2954 2021 3013 Σιλεῆ),
2060 2958 2106 2998 id
2145 2968 2227 3010 per

256 3038 303 3068 se
334 3027 519 3080 quidem
549 3031 670 3070 recte
701 3041 749 3071 se
777 3030 926 3071 habet.
978 3031 1063 3072 Sed
1092 3044 1181 3073 non
1212 3034 1281 3072 est
1311 3043 1395 3072 cur
1425 3043 1655 3084 negemus,
1687 3026 1834 3073 Κάσου
1866 3029 2225 3071 indeclinabilem

254 3100 409 3152 potius
440 3101 636 3142 nominis
666 3102 894 3143 vernaculi
924 3102 1117 3144 formam
1148 3115 1287 3156 quam
1324 3105 1582 3155 genetivum
1615 3104 1835 3144 Graecum
1875 3113 1984 3143 esse.
2035 3101 2227 3143 Nomina

256 3173 492 3225 complura
533 3174 814 3226 aliquatenus
853 3175 1017 3216 similia
1054 3186 1106 3216 ex
1142 3176 1229 3216 illis
1267 3175 1526 3228 regionibus
1565 3175 1694 3216 affert
1722 3175 1959 3227 Dillmann,
1999 3174 2078 3214 sed
2117 3185 2225 3214 num
2268 3212 2273 3218 .

256 3243 379 3295 quod
408 3255 464 3285 ex
495 3246 559 3286 eis
590 3246 680 3287 huc
710 3247 980 3288 trahendum
1011 3247 1072 3288 sit
1100 3247 1199 3300 ipse
1229 3248 1274 3287 in
1305 3248 1453 3289 medio
1486 3248 1712 3300 relinquit.
1775 3247 1859 3287 Sed
1892 3247 2089 3287 maxime
2119 3257 2226 3298 pro·
2263 3274 2273 3294 ÷

257 3316 405 3358 babile
434 3318 480 3358 id
510 3320 579 3359 est
609 3319 662 3360 de
693 3320 824 3361 titulo
855 3319 1117 3372 Aethiopico
1159 3321 1204 3360 in
1235 3332 1326 3372 quo
1357 3331 1464 3372 gens
1495 3317 1627 3362 Kasu
1666 3320 1722 3360 ad
1752 3319 2008 3360 inferiorem
2039 3329 2226 3359 cursum
2263 3358 2270 3362 ..

254 3390 383 3430 fluvii
404 3389 653 3432 Astaborae
674 3389 876 3444 (Talnam)
907 3394 952 3433 et
981 3393 1028 3433 in
1058 3392 1347 3445 paeneinsula
1368 3393 1517 3434 Meroe
1549 3393 1946 3433 commemoratur.
1997 3390 2058 3433 Cf.
2080 3390 2227 3430 Denk-
2269 3392 2273 3397 '

257 3461 470 3503 schriften
501 3463 579 3503 der
599 3464 678 3504 Ak.
702 3475 759 3504 zu
778 3463 909 3505 Wien
929 3464 1063 3505 XLIII
1095 3466 1204 3505 ⁴894
1237 3475 1280 3516 p.
1300 3466 1350 3504 44
1384 3476 1426 3504 n.
1450 3463 1520 3517 IV,
1544 3467 1613 3515 29,
1643 3463 1723 3503 ubi
1755 3473 1834 3503 rex
1864 3460 2050 3514 quidam
2075 3457 2228 3502 narrat
2251 3502 2254 3508 ,
2275 3503 2277 3506 ,

259 3545 307 3573 se
338 3545 417 3575 eos
456 3535 513 3576 ad
550 3536 826 3577 confluentes
865 3537 1065 3577 amnium
1100 3533 1215 3578 Sada
1244 3538 1289 3576 et
1322 3533 1494 3578 Takome
1531 3535 1701 3576 fudisse
1734 3534 1888 3586 ibique
1929 3533 2093 3574 solium
2134 3533 2226 3574 vic·
2260 3531 2276 3590 i,

260 3606 400 3645 toriae
421 3609 769 3648 monumentum
792 3609 1094 3649 constituisse.
1145 3609 1302 3659 ltaque
1322 3608 1369 3647 hi
1390 3608 1680 3659 Bugaitarum
1714 3605 1770 3647 ab
1792 3604 2023 3645 occidente
2052 3604 2229 3645 finitimi

258 3677 448 3720 fuerunt.
623 3683 667 3719 Μ
718 3680 778 3721 Cf.
811 3692 851 3721 n.
876 3679 1091 3722 49963-64.
1153 3680 1217 3720 Ex
1257 3680 1344 3720 hoc
1382 3690 1606 3720 consensu
1647 3678 1883 3719 titulorum
1926 3677 2046 3717 haud
2075 3678 2224 3729 inepte
2255 3721 2257 3723 ,
