<?xml version="1.0" encoding="UTF-8"?>
<!DOCTYPE html PUBLIC "-//W3C//DTD XHTML 1.0 Transitional//EN"
    "http://www.w3.org/TR/xhtml1/DTD/xhtml1-transitional.dtd">
<html xmlns="http://www.w3.org/1999/xhtml" xml:lang="en" lang="en">
 <head>
  <title>
</title>
<meta http-equiv="Content-Type" content="text/html;charset=utf-8" />
  <meta name='ocr-system' content='tesseract 3.04.00' />
  <meta name='ocr-capabilities' content='ocr_page ocr_carea ocr_par ocr_line ocrx_word'/>
</head>
<body>
  <div class='ocr_page' id='page_1' title='image "./orientisgraeciin01dittuoft_0425.png"; bbox 0 0 2314 3970; ppageno 0'>
   <div class='ocr_carea' id='block_1_1' title="bbox 5 186 2061 256">
    <p class='ocr_par' dir='ltr' id='par_1_1' title="bbox 5 186 2061 256">
     <span class='ocr_line' id='line_1_1' title="bbox 5 186 2061 256; baseline -0.002 -12"><span class='ocrx_word' id='word_1_1' title='bbox 5 186 7 223; x_wconf 32' lang='grc' dir='ltr'><strong>ε</strong></span> <span class='ocrx_word' id='word_1_2' title='bbox 95 205 192 256; x_wconf 74' lang='grc'><strong>254]</strong></span> <span class='ocrx_word' id='word_1_3' title='bbox 495 202 743 243; x_wconf 84' lang='lat' dir='ltr'><strong>Antiochus</strong></span> <span class='ocrx_word' id='word_1_4' title='bbox 775 202 831 241; x_wconf 93' lang='lat' dir='ltr'>lV</span> <span class='ocrx_word' id='word_1_5' title='bbox 864 202 1117 254; x_wconf 79' lang='lat' dir='ltr'>Epiphanes</span> <span class='ocrx_word' id='word_1_6' title='bbox 1151 201 1390 252; x_wconf 71' lang='lat'>(475—-464</span> <span class='ocrx_word' id='word_1_7' title='bbox 1415 213 1452 241; x_wconf 89' lang='lat' dir='ltr'>a.</span> <span class='ocrx_word' id='word_1_8' title='bbox 1477 201 1578 241; x_wconf 88' lang='lat' dir='ltr'><strong>Chr.</strong></span> <span class='ocrx_word' id='word_1_9' title='bbox 1603 199 1672 250; x_wconf 88' lang='lat' dir='ltr'>n.).</span> <span class='ocrx_word' id='word_1_10' title='bbox 1968 200 2061 248; x_wconf 79' lang='lat'>411</span> 
     </span>
    </p>
   </div>
   <div class='ocr_carea' id='block_1_2' title="bbox 315 277 524 282">
    <p class='ocr_par' dir='ltr' id='par_1_2' title="bbox 315 277 524 282">
     <span class='ocr_line' id='line_1_2' title="bbox 315 277 524 282; baseline 0 0"><span class='ocrx_word' id='word_1_11' title='bbox 315 277 524 282; x_wconf 95' lang='lat' dir='ltr'> </span> 
     </span>
    </p>
   </div>
   <div class='ocr_carea' id='block_1_3' title="bbox 752 276 1471 280">
    <p class='ocr_par' dir='ltr' id='par_1_3' title="bbox 752 276 1471 280">
     <span class='ocr_line' id='line_1_3' title="bbox 752 276 1471 280; baseline 0 0"><span class='ocrx_word' id='word_1_12' title='bbox 752 276 1471 280; x_wconf 95' lang='lat' dir='ltr'> </span> 
     </span>
    </p>
   </div>
   <div class='ocr_carea' id='block_1_4' title="bbox 94 279 313 285">
    <p class='ocr_par' dir='ltr' id='par_1_4' title="bbox 94 279 313 285">
     <span class='ocr_line' id='line_1_4' title="bbox 94 279 313 285; baseline 0 0"><span class='ocrx_word' id='word_1_13' title='bbox 94 279 313 285; x_wconf 95' lang='lat' dir='ltr'> </span> 
     </span>
    </p>
   </div>
   <div class='ocr_carea' id='block_1_5' title="bbox 92 369 2074 501">
    <p class='ocr_par' dir='ltr' id='par_1_5' title="bbox 92 369 2074 501">
     <span class='ocr_line' id='line_1_5' title="bbox 93 369 2074 434; baseline -0.003 -14"><span class='ocrx_word' id='word_1_14' title='bbox 93 380 182 420; x_wconf 90' lang='grc' dir='ltr'>σεῖο</span> <span class='ocrx_word' id='word_1_15' title='bbox 221 374 393 433; x_wconf 75' lang='grc' dir='ltr'>Βόηθος</span> <span class='ocrx_word' id='word_1_16' title='bbox 429 374 572 434; x_wconf 84' lang='grc' dir='ltr'>χειρὸς</span> <span class='ocrx_word' id='word_1_17' title='bbox 608 369 760 433; x_wconf 81' lang='grc' dir='ltr'>ἄγαλμ’</span> <span class='ocrx_word' id='word_1_18' title='bbox 795 371 961 432; x_wconf 80' lang='grc' dir='ltr'>ἀγαθῆς</span> <span class='ocrx_word' id='word_1_19' title='bbox 998 372 1143 424; x_wconf 74' lang='grc' dir='ltr'>τεῦξεν</span> <span class='ocrx_word' id='word_1_20' title='bbox 1182 372 1274 422; x_wconf 82' lang='grc' dir='ltr'>ἑαῖς</span> <span class='ocrx_word' id='word_1_21' title='bbox 1311 371 1525 430; x_wconf 79' lang='grc' dir='ltr'><strong>πραπίσιν.</strong></span> <span class='ocrx_word' id='word_1_22' title='bbox 1585 375 1650 415; x_wconf 91' lang='lat' dir='ltr'>De</span> <span class='ocrx_word' id='word_1_23' title='bbox 1679 374 1870 428; x_wconf 86' lang='lat' dir='ltr'>genuina</span> <span class='ocrx_word' id='word_1_24' title='bbox 1907 374 2074 415; x_wconf 91' lang='lat' dir='ltr'>horum</span> 
     </span>
     <span class='ocr_line' id='line_1_6' title="bbox 92 447 2073 501; baseline -0.002 -10"><span class='ocrx_word' id='word_1_25' title='bbox 92 450 333 491; x_wconf 91' lang='lat' dir='ltr'>titulorum</span> <span class='ocrx_word' id='word_1_26' title='bbox 373 449 544 501; x_wconf 83' lang='lat' dir='ltr'>origine</span> <span class='ocrx_word' id='word_1_27' title='bbox 585 448 820 490; x_wconf 89' lang='lat' dir='ltr'>dubitandi</span> <span class='ocrx_word' id='word_1_28' title='bbox 850 447 1019 489; x_wconf 89' lang='lat' dir='ltr'>nullam</span> <span class='ocrx_word' id='word_1_29' title='bbox 1058 448 1148 488; x_wconf 90' lang='lat' dir='ltr'>iam</span> <span class='ocrx_word' id='word_1_30' title='bbox 1179 458 1278 489; x_wconf 90' lang='lat' dir='ltr'>esse</span> <span class='ocrx_word' id='word_1_31' title='bbox 1316 458 1499 489; x_wconf 89' lang='lat' dir='ltr'>causam</span> <span class='ocrx_word' id='word_1_32' title='bbox 1534 447 1862 488; x_wconf 90' lang='lat' dir='ltr'>demonstravit</span> <span class='ocrx_word' id='word_1_33' title='bbox 1891 447 2073 500; x_wconf 89' lang='lat' dir='ltr'>Loewy,</span> 
     </span>
    </p>
   </div>
   <div class='ocr_carea' id='block_1_6' title="bbox 8 519 2076 720">
    <p class='ocr_par' dir='ltr' id='par_1_6' title="bbox 8 519 2076 720">
     <span class='ocr_line' id='line_1_7' title="bbox 8 519 2074 581; baseline -0.002 -17"><span class='ocrx_word' id='word_1_34' title='bbox 8 525 11 581; x_wconf 58' lang='grc' dir='ltr'>ζ</span> <span class='ocrx_word' id='word_1_35' title='bbox 93 533 238 575; x_wconf 90' lang='lat' dir='ltr'>neque</span> <span class='ocrx_word' id='word_1_36' title='bbox 269 522 338 563; x_wconf 87' lang='lat' dir='ltr'>est</span> <span class='ocrx_word' id='word_1_37' title='bbox 368 532 450 562; x_wconf 92' lang='lat' dir='ltr'>cur</span> <span class='ocrx_word' id='word_1_38' title='bbox 480 521 619 562; x_wconf 90' lang='lat' dir='ltr'>alium</span> <span class='ocrx_word' id='word_1_39' title='bbox 652 522 698 561; x_wconf 92' lang='lat' dir='ltr'>in</span> <span class='ocrx_word' id='word_1_40' title='bbox 729 521 792 562; x_wconf 89' lang='lat' dir='ltr'>eis</span> <span class='ocrx_word' id='word_1_41' title='bbox 823 521 960 572; x_wconf 88' lang='lat' dir='ltr'>atque</span> <span class='ocrx_word' id='word_1_42' title='bbox 981 521 1026 560; x_wconf 92' lang='lat' dir='ltr'>in</span> <span class='ocrx_word' id='word_1_43' title='bbox 1047 520 1132 560; x_wconf 90' lang='lat' dir='ltr'>hac</span> <span class='ocrx_word' id='word_1_44' title='bbox 1152 520 1446 572; x_wconf 78' lang='lat' dir='ltr'>inscriptione</span> <span class='ocrx_word' id='word_1_45' title='bbox 1466 520 1591 561; x_wconf 91' lang='lat' dir='ltr'>Delia</span> <span class='ocrx_word' id='word_1_46' title='bbox 1611 519 1828 561; x_wconf 88' lang='lat' dir='ltr'>artificem</span> <span class='ocrx_word' id='word_1_47' title='bbox 1851 520 2074 562; x_wconf 76' lang='lat' dir='ltr'>Boethum</span> 
     </span>
     <span class='ocr_line' id='line_1_8' title="bbox 8 589 2076 656; baseline -0.002 -20"><span class='ocrx_word' id='word_1_48' title='bbox 8 589 11 656; x_wconf 58' lang='lat'>]</span> <span class='ocrx_word' id='word_1_49' title='bbox 91 595 280 636; x_wconf 90' lang='lat' dir='ltr'>indicari</span> <span class='ocrx_word' id='word_1_50' title='bbox 317 604 567 635; x_wconf 86' lang='lat' dir='ltr'>sumamus.</span> <span class='ocrx_word' id='word_1_51' title='bbox 628 594 822 636; x_wconf 86' lang='lat' dir='ltr'>Toreuta</span> <span class='ocrx_word' id='word_1_52' title='bbox 860 593 898 634; x_wconf 89' lang='lat' dir='ltr'>si</span> <span class='ocrx_word' id='word_1_53' title='bbox 937 592 1165 645; x_wconf 89' lang='lat' dir='ltr'>sculptore</span> <span class='ocrx_word' id='word_1_54' title='bbox 1208 592 1440 644; x_wconf 82' lang='lat' dir='ltr'>antiquior</span> <span class='ocrx_word' id='word_1_55' title='bbox 1476 592 1572 646; x_wconf 85' lang='lat' dir='ltr'>fuit,</span> <span class='ocrx_word' id='word_1_56' title='bbox 1613 594 1666 633; x_wconf 93' lang='lat' dir='ltr'>ut</span> <span class='ocrx_word' id='word_1_57' title='bbox 1695 603 1802 634; x_wconf 88' lang='lat' dir='ltr'>sane</span> <span class='ocrx_word' id='word_1_58' title='bbox 1839 591 2076 645; x_wconf 79' lang='lat' dir='ltr'>probabile</span> 
     </span>
     <span class='ocr_line' id='line_1_9' title="bbox 9 658 2076 720; baseline -0.001 -12"><span class='ocrx_word' id='word_1_59' title='bbox 9 658 11 677; x_wconf 69' lang='lat'><em>³</em></span> <span class='ocrx_word' id='word_1_60' title='bbox 91 668 173 720; x_wconf 91' lang='lat' dir='ltr'>est,</span> <span class='ocrx_word' id='word_1_61' title='bbox 205 668 327 707; x_wconf 88' lang='lat' dir='ltr'>certe</span> <span class='ocrx_word' id='word_1_62' title='bbox 358 666 562 707; x_wconf 90' lang='lat' dir='ltr'>eiusdem</span> <span class='ocrx_word' id='word_1_63' title='bbox 594 666 788 707; x_wconf 87' lang='lat' dir='ltr'>familiae</span> <span class='ocrx_word' id='word_1_64' title='bbox 818 664 956 706; x_wconf 83' lang='lat' dir='ltr'>fuisse</span> <span class='ocrx_word' id='word_1_65' title='bbox 978 664 1170 706; x_wconf 90' lang='lat' dir='ltr'>videtur.</span> <span class='ocrx_word' id='word_1_66' title='bbox 1222 664 1336 706; x_wconf 89' lang='lat' dir='ltr'>Nam</span> <span class='ocrx_word' id='word_1_67' title='bbox 1368 665 1441 705; x_wconf 91' lang='lat' dir='ltr'>ille</span> <span class='ocrx_word' id='word_1_68' title='bbox 1464 665 1586 718; x_wconf 91' lang='lat' dir='ltr'>apud</span> <span class='ocrx_word' id='word_1_69' title='bbox 1606 666 1874 707; x_wconf 83' lang='lat' dir='ltr'>Pausaniam</span> <span class='ocrx_word' id='word_1_70' title='bbox 1896 665 2076 706; x_wconf 88' lang='lat' dir='ltr'>Calche-</span> 
     </span>
    </p>
   </div>
   <div class='ocr_carea' id='block_1_7' title="bbox 92 737 2078 1008">
    <p class='ocr_par' dir='ltr' id='par_1_7' title="bbox 92 737 2078 1008">
     <span class='ocr_line' id='line_1_10' title="bbox 92 737 2078 792; baseline -0.002 -11"><span class='ocrx_word' id='word_1_71' title='bbox 92 739 256 781; x_wconf 88' lang='lat' dir='ltr'>donius</span> <span class='ocrx_word' id='word_1_72' title='bbox 289 738 468 791; x_wconf 75' lang='lat' dir='ltr'>dicItur,</span> <span class='ocrx_word' id='word_1_73' title='bbox 499 739 573 780; x_wconf 90' lang='lat' dir='ltr'>hic</span> <span class='ocrx_word' id='word_1_74' title='bbox 601 750 711 781; x_wconf 89' lang='lat' dir='ltr'>vero</span> <span class='ocrx_word' id='word_1_75' title='bbox 740 739 868 792; x_wconf 86' lang='lat' dir='ltr'>patre</span> <span class='ocrx_word' id='word_1_76' title='bbox 898 748 1011 779; x_wconf 90' lang='lat' dir='ltr'>usus</span> <span class='ocrx_word' id='word_1_77' title='bbox 1042 739 1112 778; x_wconf 91' lang='lat' dir='ltr'>est</span> <span class='ocrx_word' id='word_1_78' title='bbox 1134 737 1434 790; x_wconf 89' lang='lat' dir='ltr'>Athanaeone,</span> <span class='ocrx_word' id='word_1_79' title='bbox 1467 738 1597 778; x_wconf 93' lang='lat' dir='ltr'>cuius</span> <span class='ocrx_word' id='word_1_80' title='bbox 1630 738 1849 779; x_wconf 84' lang='lat' dir='ltr'>rarissimi</span> <span class='ocrx_word' id='word_1_81' title='bbox 1880 737 2078 779; x_wconf 90' lang='lat' dir='ltr'>nominis</span> 
     </span>
     <span class='ocr_line' id='line_1_11' title="bbox 92 809 2078 864; baseline -0.002 -11"><span class='ocrx_word' id='word_1_82' title='bbox 92 812 284 854; x_wconf 90' lang='lat' dir='ltr'>alterum</span> <span class='ocrx_word' id='word_1_83' title='bbox 316 811 577 864; x_wconf 88' lang='lat' dir='ltr'>exemplum</span> <span class='ocrx_word' id='word_1_84' title='bbox 599 812 646 852; x_wconf 90' lang='lat' dir='ltr'>in</span> <span class='ocrx_word' id='word_1_85' title='bbox 666 811 798 852; x_wconf 93' lang='lat' dir='ltr'>titulo</span> <span class='ocrx_word' id='word_1_86' title='bbox 820 810 1121 852; x_wconf 90' lang='lat' dir='ltr'>Calchedonio</span> <span class='ocrx_word' id='word_1_87' title='bbox 1145 809 1189 851; x_wconf 92' lang='lat' dir='ltr'>C.</span> <span class='ocrx_word' id='word_1_88' title='bbox 1213 811 1242 850; x_wconf 92' lang='grc' dir='ltr'>Ι.</span> <span class='ocrx_word' id='word_1_89' title='bbox 1268 809 1316 850; x_wconf 88' lang='lat' dir='ltr'>G.</span> <span class='ocrx_word' id='word_1_90' title='bbox 1341 812 1465 863; x_wconf 73' lang='lat'>3794,</span> <span class='ocrx_word' id='word_1_91' title='bbox 1491 814 1511 849; x_wconf 86' lang='lat'><strong>3</strong></span> <span class='ocrx_word' id='word_1_92' title='bbox 1545 821 1785 852; x_wconf 88' lang='lat' dir='ltr'>occurrere</span> <span class='ocrx_word' id='word_1_93' title='bbox 1815 810 2078 852; x_wconf 80' lang='lat' dir='ltr'>observavit</span> 
     </span>
     <span class='ocr_line' id='line_1_12' title="bbox 92 881 2076 936; baseline -0.001 -12"><span class='ocrx_word' id='word_1_94' title='bbox 92 883 385 925; x_wconf 88' lang='lat' dir='ltr'>Benndorfius</span> <span class='ocrx_word' id='word_1_95' title='bbox 423 883 546 936; x_wconf 91' lang='lat' dir='ltr'>apud</span> <span class='ocrx_word' id='word_1_96' title='bbox 575 883 838 936; x_wconf 87' lang='lat' dir='ltr'>Loewyum.</span> <span class='ocrx_word' id='word_1_97' title='bbox 897 883 1058 924; x_wconf 86' lang='lat' dir='ltr'>Postea</span> <span class='ocrx_word' id='word_1_98' title='bbox 1095 881 1264 923; x_wconf 80' lang='lat' dir='ltr'>familia</span> <span class='ocrx_word' id='word_1_99' title='bbox 1304 882 1584 923; x_wconf 87' lang='lat' dir='ltr'>Calchedone</span> <span class='ocrx_word' id='word_1_100' title='bbox 1624 883 1669 923; x_wconf 90' lang='lat' dir='ltr'>in</span> <span class='ocrx_word' id='word_1_101' title='bbox 1710 883 1913 923; x_wconf 89' lang='lat' dir='ltr'>vicinum</span> <span class='ocrx_word' id='word_1_102' title='bbox 1943 881 2076 924; x_wconf 89' lang='lat' dir='ltr'>Nico-</span> 
     </span>
     <span class='ocr_line' id='line_1_13' title="bbox 92 954 1101 1008; baseline -0.002 -11"><span class='ocrx_word' id='word_1_103' title='bbox 92 955 374 997; x_wconf 86' lang='lat' dir='ltr'>medensium</span> <span class='ocrx_word' id='word_1_104' title='bbox 406 954 628 1008; x_wconf 90' lang='lat' dir='ltr'>oppidum</span> <span class='ocrx_word' id='word_1_105' title='bbox 660 956 878 1008; x_wconf 84' lang='lat' dir='ltr'>migrasse</span> <span class='ocrx_word' id='word_1_106' title='bbox 908 954 1101 996; x_wconf 91' lang='lat' dir='ltr'>videtur.</span> 
     </span>
    </p>
   </div>
   <div class='ocr_carea' id='block_1_8' title="bbox 200 1156 2078 1212">
    <p class='ocr_par' dir='ltr' id='par_1_8' title="bbox 200 1156 2078 1212">
     <span class='ocr_line' id='line_1_14' title="bbox 200 1156 2078 1212; baseline -0.002 0"><span class='ocrx_word' id='word_1_107' title='bbox 200 1156 309 1212; x_wconf 78' lang='lat'>251</span> <span class='ocrx_word' id='word_1_108' title='bbox 365 1161 557 1212; x_wconf 84' lang='lat' dir='ltr'>Tabula</span> <span class='ocrx_word' id='word_1_109' title='bbox 594 1161 863 1211; x_wconf 84' lang='lat' dir='ltr'>marmoris</span> <span class='ocrx_word' id='word_1_110' title='bbox 903 1160 1117 1210; x_wconf 84' lang='lat' dir='ltr'>caerulei</span> <span class='ocrx_word' id='word_1_111' title='bbox 1151 1160 1313 1209; x_wconf 88' lang='lat' dir='ltr'>fracta</span> <span class='ocrx_word' id='word_1_112' title='bbox 1351 1174 1382 1208; x_wconf 87' lang='lat' dir='ltr'>a</span> <span class='ocrx_word' id='word_1_113' title='bbox 1420 1159 1624 1209; x_wconf 85' lang='lat' dir='ltr'>sinistra</span> <span class='ocrx_word' id='word_1_114' title='bbox 1662 1163 1713 1208; x_wconf 87' lang='lat' dir='ltr'>et</span> <span class='ocrx_word' id='word_1_115' title='bbox 1750 1159 1814 1208; x_wconf 84' lang='lat' dir='ltr'>ab</span> <span class='ocrx_word' id='word_1_116' title='bbox 1842 1159 2078 1209; x_wconf 88' lang='lat' dir='ltr'>inferiore</span> 
     </span>
    </p>
   </div>
   <div class='ocr_carea' id='block_1_9' title="bbox 12 1243 2078 1315">
    <p class='ocr_par' dir='ltr' id='par_1_9' title="bbox 12 1243 2078 1315">
     <span class='ocr_line' id='line_1_15' title="bbox 12 1243 2078 1315; baseline -0.001 -17"><span class='ocrx_word' id='word_1_117' title='bbox 12 1250 16 1257; x_wconf 90' lang='grc'><strong>’</strong></span> <span class='ocrx_word' id='word_1_118' title='bbox 91 1252 254 1315; x_wconf 84' lang='lat' dir='ltr'>parte,</span> <span class='ocrx_word' id='word_1_119' title='bbox 293 1249 415 1298; x_wconf 89' lang='lat' dir='ltr'>Deli.</span> <span class='ocrx_word' id='word_1_120' title='bbox 481 1249 568 1298; x_wconf 92' lang='lat' dir='ltr'>Ed.</span> <span class='ocrx_word' id='word_1_121' title='bbox 609 1249 665 1298; x_wconf 90' lang='lat' dir='ltr'>A.</span> <span class='ocrx_word' id='word_1_122' title='bbox 695 1248 1215 1298; x_wconf 83' lang='lat' dir='ltr'>Hauvette-Besnault</span> <span class='ocrx_word' id='word_1_123' title='bbox 1253 1247 1374 1296; x_wconf 91' lang='lat' dir='ltr'>Bull.</span> <span class='ocrx_word' id='word_1_124' title='bbox 1407 1247 1469 1296; x_wconf 88' lang='lat' dir='ltr'>de</span> <span class='ocrx_word' id='word_1_125' title='bbox 1496 1261 1624 1296; x_wconf 88' lang='lat' dir='ltr'>corr.</span> <span class='ocrx_word' id='word_1_126' title='bbox 1654 1246 1777 1296; x_wconf 88' lang='lat' dir='ltr'>Hell.</span> <span class='ocrx_word' id='word_1_127' title='bbox 1806 1247 1871 1296; x_wconf 94' lang='lat' dir='ltr'>VI</span> <span class='ocrx_word' id='word_1_128' title='bbox 1902 1243 2078 1313; x_wconf 75' lang='grc'>(1882)</span> 
     </span>
    </p>
   </div>
   <div class='ocr_carea' id='block_1_10' title="bbox 91 1334 2075 1488">
    <p class='ocr_par' dir='ltr' id='par_1_10' title="bbox 91 1334 2075 1488">
     <span class='ocr_line' id='line_1_16' title="bbox 91 1334 2075 1402; baseline -0.001 -18"><span class='ocrx_word' id='word_1_129' title='bbox 91 1351 142 1402; x_wconf 91' lang='lat' dir='ltr'>p.</span> <span class='ocrx_word' id='word_1_130' title='bbox 173 1335 274 1386; x_wconf 79' lang='lat'>339.</span> <span class='ocrx_word' id='word_1_131' title='bbox 314 1351 362 1384; x_wconf 89' lang='lat' dir='ltr'>n.</span> <span class='ocrx_word' id='word_1_132' title='bbox 393 1336 477 1386; x_wconf 73' lang='lat'>28.</span> <span class='ocrx_word' id='word_1_133' title='bbox 543 1334 615 1385; x_wconf 87' lang='lat' dir='ltr'>Cf.</span> <span class='ocrx_word' id='word_1_134' title='bbox 658 1350 789 1401; x_wconf 88' lang='lat' dir='ltr'>quae</span> <span class='ocrx_word' id='word_1_135' title='bbox 828 1335 1108 1401; x_wconf 83' lang='lat' dir='ltr'>disputavit</span> <span class='ocrx_word' id='word_1_136' title='bbox 1146 1334 1236 1383; x_wconf 91' lang='lat' dir='ltr'>Th.</span> <span class='ocrx_word' id='word_1_137' title='bbox 1267 1335 1498 1383; x_wconf 88' lang='lat' dir='ltr'>Homolle</span> <span class='ocrx_word' id='word_1_138' title='bbox 1536 1334 1658 1383; x_wconf 92' lang='lat' dir='ltr'>Bull.</span> <span class='ocrx_word' id='word_1_139' title='bbox 1690 1334 1752 1383; x_wconf 88' lang='lat' dir='ltr'>de</span> <span class='ocrx_word' id='word_1_140' title='bbox 1793 1348 1921 1383; x_wconf 87' lang='lat' dir='ltr'>corr.</span> <span class='ocrx_word' id='word_1_141' title='bbox 1951 1334 2075 1383; x_wconf 88' lang='lat' dir='ltr'>Hell.</span> 
     </span>
     <span class='ocr_line' id='line_1_17' title="bbox 92 1419 655 1488; baseline -0.002 -16"><span class='ocrx_word' id='word_1_142' title='bbox 92 1422 200 1473; x_wconf 89' lang='lat' dir='ltr'><strong>VIII</strong></span> <span class='ocrx_word' id='word_1_143' title='bbox 240 1419 416 1488; x_wconf 77' lang='grc'>(1884)</span> <span class='ocrx_word' id='word_1_144' title='bbox 455 1438 505 1488; x_wconf 90' lang='lat' dir='ltr'>p.</span> <span class='ocrx_word' id='word_1_145' title='bbox 539 1421 655 1471; x_wconf 76' lang='lat'>⁴06.</span> 
     </span>
    </p>
   </div>
   <div class='ocr_carea' id='block_1_11' title="bbox 237 1560 2081 1636">
    <p class='ocr_par' dir='ltr' id='par_1_11' title="bbox 237 1560 2081 1636">
     <span class='ocr_line' id='line_1_18' title="bbox 237 1560 2081 1636; baseline -0.001 -19"><span class='ocrx_word' id='word_1_146' title='bbox 237 1560 410 1636; x_wconf 84' lang='grc' dir='ltr'>[Ὑπὲρ</span> <span class='ocrx_word' id='word_1_147' title='bbox 454 1565 721 1636; x_wconf 82' lang='grc' dir='ltr'>βα]σιλέως</span> <span class='ocrx_word' id='word_1_148' title='bbox 751 1561 1091 1636; x_wconf 71' lang='grc' dir='ltr'>Ἀν»Ι[τιόχο]υ1</span> <span class='ocrx_word' id='word_1_149' title='bbox 1128 1562 1214 1616; x_wconf 82' lang='grc' dir='ltr'>καὶ</span> <span class='ocrx_word' id='word_1_150' title='bbox 1254 1563 1550 1635; x_wconf 79' lang='grc' dir='ltr'>βασιλίσσης</span> <span class='ocrx_word' id='word_1_151' title='bbox 1587 1562 1592 1633; x_wconf 78' lang='grc' dir='ltr'>Ι</span> <span class='ocrx_word' id='word_1_152' title='bbox 1632 1562 1940 1633; x_wconf 72' lang='grc' dir='ltr'>[Λαοδίκης2</span> <span class='ocrx_word' id='word_1_153' title='bbox 1977 1562 2081 1633; x_wconf 84' lang='grc' dir='ltr'>κ]αὶ</span> 
     </span>
    </p>
   </div>
   <div class='ocr_carea' id='block_1_12' title="bbox 92 1724 2085 2294">
    <p class='ocr_par' dir='ltr' id='par_1_12' title="bbox 92 1724 2085 2294">
     <span class='ocr_line' id='line_1_19' title="bbox 208 1724 2082 1778; baseline 0 -12"><span class='ocrx_word' id='word_1_154' title='bbox 208 1726 402 1767; x_wconf 84' lang='lat' dir='ltr'>Litterae</span> <span class='ocrx_word' id='word_1_155' title='bbox 431 1727 568 1768; x_wconf 86' lang='grc' dir='ltr'>ΑΠΣ.</span> <span class='ocrx_word' id='word_1_156' title='bbox 717 1730 733 1767; x_wconf 77' lang='grc'><strong>4</strong></span> <span class='ocrx_word' id='word_1_157' title='bbox 771 1725 1048 1767; x_wconf 88' lang='lat' dir='ltr'>Antiochum</span> <span class='ocrx_word' id='word_1_158' title='bbox 1068 1725 1126 1765; x_wconf 89' lang='lat' dir='ltr'>IV</span> <span class='ocrx_word' id='word_1_159' title='bbox 1149 1725 1431 1778; x_wconf 87' lang='lat' dir='ltr'>Epiphanem</span> <span class='ocrx_word' id='word_1_160' title='bbox 1454 1726 1631 1778; x_wconf 73' lang='lat'><strong>(⁴75—⁴</strong></span> <span class='ocrx_word' id='word_1_161' title='bbox 1646 1726 1694 1765; x_wconf 78' lang='grc'>64</span> <span class='ocrx_word' id='word_1_162' title='bbox 1720 1737 1758 1766; x_wconf 93' lang='lat' dir='ltr'>a.</span> <span class='ocrx_word' id='word_1_163' title='bbox 1781 1724 1896 1776; x_wconf 85' lang='lat' dir='ltr'>Chr.)</span> <span class='ocrx_word' id='word_1_164' title='bbox 1919 1724 2082 1766; x_wconf 89' lang='lat' dir='ltr'>Delum</span> 
     </span>
     <span class='ocr_line' id='line_1_20' title="bbox 94 1795 2085 1852; baseline -0.001 -13"><span class='ocrx_word' id='word_1_165' title='bbox 94 1799 250 1840; x_wconf 90' lang='lat' dir='ltr'>multis</span> <span class='ocrx_word' id='word_1_166' title='bbox 281 1810 333 1840; x_wconf 91' lang='lat' dir='ltr'>ac</span> <span class='ocrx_word' id='word_1_167' title='bbox 363 1799 611 1852; x_wconf 85' lang='lat' dir='ltr'>magnificis</span> <span class='ocrx_word' id='word_1_168' title='bbox 642 1798 1004 1840; x_wconf 86' lang='lat' dir='ltr'>dedicationibus</span> <span class='ocrx_word' id='word_1_169' title='bbox 1037 1808 1280 1840; x_wconf 83' lang='lat' dir='ltr'>exornasse</span> <span class='ocrx_word' id='word_1_170' title='bbox 1312 1796 1482 1850; x_wconf 83' lang='lat' dir='ltr'>(Polyb.</span> <span class='ocrx_word' id='word_1_171' title='bbox 1512 1797 1668 1851; x_wconf 88' lang='lat' dir='ltr'><strong>XXVI,</strong></span> <span class='ocrx_word' id='word_1_172' title='bbox 1694 1801 1732 1851; x_wconf 73' lang='lat'>⁴,</span> <span class='ocrx_word' id='word_1_173' title='bbox 1757 1800 1823 1838; x_wconf 73' lang='lat'>⁴0.</span> <span class='ocrx_word' id='word_1_174' title='bbox 1855 1800 1923 1838; x_wconf 74' lang='lat'>⁴4:</span> <span class='ocrx_word' id='word_1_175' title='bbox 1963 1795 2005 1838; x_wconf 72' lang='grc' dir='ltr'>ἐν</span> <span class='ocrx_word' id='word_1_176' title='bbox 2039 1796 2085 1838; x_wconf 85' lang='grc' dir='ltr'>δὲ</span> 
     </span>
     <span class='ocr_line' id='line_1_21' title="bbox 93 1867 2084 1927; baseline -0.001 -15"><span class='ocrx_word' id='word_1_177' title='bbox 93 1873 186 1917; x_wconf 88' lang='grc' dir='ltr'>ταῖς</span> <span class='ocrx_word' id='word_1_178' title='bbox 216 1870 322 1927; x_wconf 87' lang='grc' dir='ltr'>πρὸς</span> <span class='ocrx_word' id='word_1_179' title='bbox 351 1870 427 1918; x_wconf 86' lang='grc' dir='ltr'>τὰς</span> <span class='ocrx_word' id='word_1_180' title='bbox 457 1869 603 1918; x_wconf 88' lang='grc' dir='ltr'>πόλεις</span> <span class='ocrx_word' id='word_1_181' title='bbox 633 1868 798 1918; x_wconf 79' lang='grc' dir='ltr'>θυσίαις</span> <span class='ocrx_word' id='word_1_182' title='bbox 827 1870 901 1913; x_wconf 69' lang='grc' dir='ltr'>καὶ</span> <span class='ocrx_word' id='word_1_183' title='bbox 929 1873 1023 1917; x_wconf 86' lang='grc' dir='ltr'>ταῖς</span> <span class='ocrx_word' id='word_1_184' title='bbox 1054 1869 1159 1927; x_wconf 89' lang='grc' dir='ltr'>πρὸς</span> <span class='ocrx_word' id='word_1_185' title='bbox 1189 1868 1288 1916; x_wconf 84' lang='grc' dir='ltr'>τοὺς</span> <span class='ocrx_word' id='word_1_186' title='bbox 1310 1867 1435 1916; x_wconf 81' lang='grc' dir='ltr'>θεοὺς</span> <span class='ocrx_word' id='word_1_187' title='bbox 1465 1873 1608 1925; x_wconf 87' lang='grc' dir='ltr'>τιμαῖς</span> <span class='ocrx_word' id='word_1_188' title='bbox 1639 1868 1800 1916; x_wconf 74' lang='grc' dir='ltr'>πάντας</span> <span class='ocrx_word' id='word_1_189' title='bbox 1822 1867 2084 1925; x_wconf 76' lang='grc' dir='ltr'>ὑπερέβαλλε</span> 
     </span>
     <span class='ocr_line' id='line_1_22' title="bbox 92 1936 2083 2001; baseline 0 -17"><span class='ocrx_word' id='word_1_190' title='bbox 92 1941 193 1991; x_wconf 87' lang='grc' dir='ltr'>τοὺς</span> <span class='ocrx_word' id='word_1_191' title='bbox 215 1941 580 1999; x_wconf 71' lang='grc' dir='ltr'>βεβασιλευκότας.</span> <span class='ocrx_word' id='word_1_192' title='bbox 609 1946 735 1986; x_wconf 86' lang='grc' dir='ltr'>τοῦτο</span> <span class='ocrx_word' id='word_1_193' title='bbox 768 1936 799 1983; x_wconf 79' lang='grc' dir='ltr'>δ’</span> <span class='ocrx_word' id='word_1_194' title='bbox 825 1941 875 1985; x_wconf 82' lang='grc' dir='ltr'>ἄν</span> <span class='ocrx_word' id='word_1_195' title='bbox 905 1957 967 1990; x_wconf 83' lang='grc' dir='ltr'>τις</span> <span class='ocrx_word' id='word_1_196' title='bbox 997 1941 1255 2001; x_wconf 69' lang='grc' dir='ltr'>τεκμήραιτο</span> <span class='ocrx_word' id='word_1_197' title='bbox 1287 1940 1338 1984; x_wconf 75' lang='grc' dir='ltr'>ἔκ</span> <span class='ocrx_word' id='word_1_198' title='bbox 1366 1956 1411 1983; x_wconf 88' lang='grc' dir='ltr'>τε</span> <span class='ocrx_word' id='word_1_199' title='bbox 1441 1944 1517 1984; x_wconf 82' lang='grc' dir='ltr'>τοῦ</span> <span class='ocrx_word' id='word_1_200' title='bbox 1550 1936 1642 1998; x_wconf 82' lang='grc' dir='ltr'>παρ’</span> <span class='ocrx_word' id='word_1_201' title='bbox 1667 1936 2083 1999; x_wconf 72' lang='grc' dir='ltr'>ἈθηναίοιςὊλυμ-</span> 
     </span>
     <span class='ocr_line' id='line_1_23' title="bbox 94 2010 2085 2073; baseline 0 -16"><span class='ocrx_word' id='word_1_202' title='bbox 94 2013 230 2058; x_wconf 84' lang='grc' dir='ltr'>πιείου</span> <span class='ocrx_word' id='word_1_203' title='bbox 270 2015 342 2058; x_wconf 73' lang='grc' dir='ltr'>καὶ</span> <span class='ocrx_word' id='word_1_204' title='bbox 381 2021 467 2058; x_wconf 77' lang='grc' dir='ltr'>τῶν</span> <span class='ocrx_word' id='word_1_205' title='bbox 506 2015 599 2073; x_wconf 87' lang='grc' dir='ltr'>περὶ</span> <span class='ocrx_word' id='word_1_206' title='bbox 640 2015 710 2058; x_wconf 74' lang='grc' dir='ltr'>τὸν</span> <span class='ocrx_word' id='word_1_207' title='bbox 749 2014 791 2058; x_wconf 79' lang='grc' dir='ltr'>ἐν</span> <span class='ocrx_word' id='word_1_208' title='bbox 824 2010 954 2072; x_wconf 85' lang='grc' dir='ltr'>Δήλῳ</span> <span class='ocrx_word' id='word_1_209' title='bbox 998 2013 1142 2071; x_wconf 77' lang='grc' dir='ltr'>βωμὸν</span> <span class='ocrx_word' id='word_1_210' title='bbox 1183 2012 1456 2071; x_wconf 77' lang='grc' dir='ltr'>ἀνδριάντων.</span> <span class='ocrx_word' id='word_1_211' title='bbox 1508 2015 1598 2056; x_wconf 90' lang='lat' dir='ltr'>Liv.</span> <span class='ocrx_word' id='word_1_212' title='bbox 1621 2015 1731 2068; x_wconf 90' lang='lat' dir='ltr'><strong>XLI,</strong></span> <span class='ocrx_word' id='word_1_213' title='bbox 1755 2018 1823 2068; x_wconf 79' lang='lat'>20,</span> <span class='ocrx_word' id='word_1_214' title='bbox 1849 2019 1895 2056; x_wconf 84' lang='lat'>9:</span> <span class='ocrx_word' id='word_1_215' title='bbox 1940 2013 2018 2058; x_wconf 80' lang='lat' dir='ltr'>sed</span> <span class='ocrx_word' id='word_1_216' title='bbox 2045 2017 2085 2057; x_wconf 77' lang='lat' dir='ltr'>et</span> 
     </span>
     <span class='ocr_line' id='line_1_24' title="bbox 93 2085 2084 2145; baseline -0.001 -15"><span class='ocrx_word' id='word_1_217' title='bbox 93 2085 238 2132; x_wconf 76' lang='lat' dir='ltr'>Delon</span> <span class='ocrx_word' id='word_1_218' title='bbox 264 2086 366 2132; x_wconf 72' lang='lat' dir='ltr'>aris</span> <span class='ocrx_word' id='word_1_219' title='bbox 395 2086 657 2145; x_wconf 62' lang='lat' dir='ltr'>miqnibus</span> <span class='ocrx_word' id='word_1_220' title='bbox 684 2091 1030 2144; x_wconf 75' lang='lat' dir='ltr'>statuarumque</span> <span class='ocrx_word' id='word_1_221' title='bbox 1059 2085 1193 2143; x_wconf 78' lang='lat' dir='ltr'>copia</span> <span class='ocrx_word' id='word_1_222' title='bbox 1222 2086 1482 2142; x_wconf 77' lang='lat' dir='ltr'>exornavit),</span> <span class='ocrx_word' id='word_1_223' title='bbox 1522 2099 1605 2129; x_wconf 90' lang='lat' dir='ltr'>nec</span> <span class='ocrx_word' id='word_1_224' title='bbox 1638 2091 1787 2129; x_wconf 85' lang='lat' dir='ltr'>tamen</span> <span class='ocrx_word' id='word_1_225' title='bbox 1817 2088 1915 2129; x_wconf 88' lang='lat' dir='ltr'>fieri</span> <span class='ocrx_word' id='word_1_226' title='bbox 1946 2099 2084 2142; x_wconf 87' lang='lat' dir='ltr'>posse</span> 
     </span>
     <span class='ocr_line' id='line_1_25' title="bbox 93 2161 2084 2215; baseline -0.001 -12"><span class='ocrx_word' id='word_1_227' title='bbox 93 2162 147 2202; x_wconf 83' lang='lat' dir='ltr'>ut</span> <span class='ocrx_word' id='word_1_228' title='bbox 176 2161 233 2203; x_wconf 89' lang='lat' dir='ltr'>ad</span> <span class='ocrx_word' id='word_1_229' title='bbox 263 2173 369 2203; x_wconf 88' lang='lat' dir='ltr'>eum</span> <span class='ocrx_word' id='word_1_230' title='bbox 401 2161 644 2203; x_wconf 84' lang='lat' dir='ltr'>referretur</span> <span class='ocrx_word' id='word_1_231' title='bbox 681 2162 771 2203; x_wconf 92' lang='lat' dir='ltr'>hoc</span> <span class='ocrx_word' id='word_1_232' title='bbox 814 2163 1176 2215; x_wconf 89' lang='lat' dir='ltr'>monumentum,</span> <span class='ocrx_word' id='word_1_233' title='bbox 1219 2161 1456 2202; x_wconf 88' lang='lat' dir='ltr'>adnotavit</span> <span class='ocrx_word' id='word_1_234' title='bbox 1486 2161 1733 2213; x_wconf 89' lang='lat' dir='ltr'>Hauvette;</span> <span class='ocrx_word' id='word_1_235' title='bbox 1777 2162 1962 2202; x_wconf 89' lang='lat' dir='ltr'>omnino</span> <span class='ocrx_word' id='word_1_236' title='bbox 2005 2173 2084 2202; x_wconf 90' lang='lat' dir='ltr'>no-</span> 
     </span>
     <span class='ocr_line' id='line_1_26' title="bbox 96 2229 2085 2294; baseline -0.001 -18"><span class='ocrx_word' id='word_1_237' title='bbox 96 2235 217 2276; x_wconf 90' lang='lat' dir='ltr'>mina</span> <span class='ocrx_word' id='word_1_238' title='bbox 245 2229 453 2294; x_wconf 75' lang='grc' dir='ltr'>Ἀντίοχος</span> <span class='ocrx_word' id='word_1_239' title='bbox 484 2237 529 2277; x_wconf 90' lang='lat' dir='ltr'>et</span> <span class='ocrx_word' id='word_1_240' title='bbox 559 2232 806 2292; x_wconf 82' lang='grc' dir='ltr'>Δημήτριος</span> <span class='ocrx_word' id='word_1_241' title='bbox 843 2237 936 2276; x_wconf 90' lang='lat' dir='ltr'>tam</span> <span class='ocrx_word' id='word_1_242' title='bbox 967 2234 1221 2288; x_wconf 83' lang='lat' dir='ltr'>frequentia</span> <span class='ocrx_word' id='word_1_243' title='bbox 1259 2245 1359 2276; x_wconf 91' lang='lat' dir='ltr'>esse</span> <span class='ocrx_word' id='word_1_244' title='bbox 1390 2236 1434 2275; x_wconf 91' lang='lat' dir='ltr'>in</span> <span class='ocrx_word' id='word_1_245' title='bbox 1467 2235 1608 2287; x_wconf 82' lang='lat' dir='ltr'>stirpe</span> <span class='ocrx_word' id='word_1_246' title='bbox 1640 2234 1993 2288; x_wconf 87' lang='lat' dir='ltr'>Seleucidarum,</span> <span class='ocrx_word' id='word_1_247' title='bbox 2033 2236 2085 2275; x_wconf 92' lang='lat' dir='ltr'>ut</span> 
     </span>
    </p>
   </div>
   <div class='ocr_carea' id='block_1_13' title="bbox 26 2301 2084 2439">
    <p class='ocr_par' dir='ltr' id='par_1_13' title="bbox 26 2301 2084 2439">
     <span class='ocr_line' id='line_1_27' title="bbox 26 2301 2084 2360; baseline -0 -12"><span class='ocrx_word' id='word_1_248' title='bbox 26 2301 27 2306; x_wconf 70' lang='grc'>’</span> <span class='ocrx_word' id='word_1_249' title='bbox 93 2307 149 2349; x_wconf 93' lang='lat' dir='ltr'>de</span> <span class='ocrx_word' id='word_1_250' title='bbox 178 2308 298 2349; x_wconf 91' lang='lat' dir='ltr'>tituli</span> <span class='ocrx_word' id='word_1_251' title='bbox 330 2309 475 2349; x_wconf 85' lang='lat' dir='ltr'>aetate</span> <span class='ocrx_word' id='word_1_252' title='bbox 506 2308 757 2350; x_wconf 89' lang='lat' dir='ltr'>definienda</span> <span class='ocrx_word' id='word_1_253' title='bbox 798 2309 983 2349; x_wconf 91' lang='lat' dir='ltr'>omnino</span> <span class='ocrx_word' id='word_1_254' title='bbox 1014 2307 1348 2360; x_wconf 89' lang='lat' dir='ltr'>desperandum</span> <span class='ocrx_word' id='word_1_255' title='bbox 1391 2308 1523 2348; x_wconf 89' lang='lat' dir='ltr'>esset.</span> <span class='ocrx_word' id='word_1_256' title='bbox 1585 2307 1640 2347; x_wconf 87' lang='lat' dir='ltr'>At</span> <span class='ocrx_word' id='word_1_257' title='bbox 1681 2308 1771 2348; x_wconf 95' lang='lat' dir='ltr'>hoc</span> <span class='ocrx_word' id='word_1_258' title='bbox 1816 2308 1868 2347; x_wconf 91' lang='lat' dir='ltr'>ut</span> <span class='ocrx_word' id='word_1_259' title='bbox 1908 2307 1963 2348; x_wconf 91' lang='lat' dir='ltr'>de</span> <span class='ocrx_word' id='word_1_260' title='bbox 1993 2306 2084 2348; x_wconf 89' lang='lat' dir='ltr'>An-</span> 
     </span>
     <span class='ocr_line' id='line_1_28' title="bbox 26 2379 2082 2439; baseline -0 -18"><span class='ocrx_word' id='word_1_261' title='bbox 26 2410 29 2439; x_wconf 50' lang='lat'>,</span> <span class='ocrx_word' id='word_1_262' title='bbox 93 2380 233 2421; x_wconf 91' lang='lat' dir='ltr'>tiochi</span> <span class='ocrx_word' id='word_1_263' title='bbox 256 2380 437 2422; x_wconf 90' lang='lat' dir='ltr'>nomine</span> <span class='ocrx_word' id='word_1_264' title='bbox 458 2381 555 2422; x_wconf 90' lang='lat' dir='ltr'>sine</span> <span class='ocrx_word' id='word_1_265' title='bbox 576 2381 887 2422; x_wconf 89' lang='lat' dir='ltr'>controversia</span> <span class='ocrx_word' id='word_1_266' title='bbox 907 2391 1070 2421; x_wconf 86' lang='lat' dir='ltr'>verum</span> <span class='ocrx_word' id='word_1_267' title='bbox 1092 2382 1174 2434; x_wconf 87' lang='lat' dir='ltr'>est,</span> <span class='ocrx_word' id='word_1_268' title='bbox 1205 2380 1270 2421; x_wconf 92' lang='lat' dir='ltr'>sic</span> <span class='ocrx_word' id='word_1_269' title='bbox 1290 2381 1557 2433; x_wconf 88' lang='lat' dir='ltr'>neutiquam</span> <span class='ocrx_word' id='word_1_270' title='bbox 1580 2379 1700 2421; x_wconf 88' lang='lat' dir='ltr'>cadit</span> <span class='ocrx_word' id='word_1_271' title='bbox 1720 2380 1765 2420; x_wconf 91' lang='lat' dir='ltr'>in</span> <span class='ocrx_word' id='word_1_272' title='bbox 1787 2380 2082 2433; x_wconf 89' lang='lat' dir='ltr'>Demetrium,</span> 
     </span>
    </p>
   </div>
   <div class='ocr_carea' id='block_1_14' title="bbox 93 2453 2084 2579">
    <p class='ocr_par' dir='ltr' id='par_1_14' title="bbox 93 2453 2084 2579">
     <span class='ocr_line' id='line_1_29' title="bbox 93 2453 2084 2506; baseline -0.001 -12"><span class='ocrx_word' id='word_1_273' title='bbox 93 2453 226 2494; x_wconf 91' lang='lat' dir='ltr'>cuius</span> <span class='ocrx_word' id='word_1_274' title='bbox 256 2453 451 2494; x_wconf 90' lang='lat' dir='ltr'>nominis</span> <span class='ocrx_word' id='word_1_275' title='bbox 489 2454 581 2494; x_wconf 88' lang='lat' dir='ltr'>tres</span> <span class='ocrx_word' id='word_1_276' title='bbox 620 2453 758 2494; x_wconf 91' lang='lat' dir='ltr'>modo</span> <span class='ocrx_word' id='word_1_277' title='bbox 799 2453 1028 2506; x_wconf 88' lang='lat' dir='ltr'>principes</span> <span class='ocrx_word' id='word_1_278' title='bbox 1067 2464 1120 2494; x_wconf 88' lang='lat' dir='ltr'>ex</span> <span class='ocrx_word' id='word_1_279' title='bbox 1151 2453 1325 2494; x_wconf 88' lang='lat' dir='ltr'>Seleuci</span> <span class='ocrx_word' id='word_1_280' title='bbox 1363 2453 1578 2506; x_wconf 82' lang='lat' dir='ltr'>progenie</span> <span class='ocrx_word' id='word_1_281' title='bbox 1620 2453 1715 2494; x_wconf 90' lang='lat' dir='ltr'>noti</span> <span class='ocrx_word' id='word_1_282' title='bbox 1757 2454 1875 2494; x_wconf 91' lang='lat' dir='ltr'>sunt.</span> <span class='ocrx_word' id='word_1_283' title='bbox 1935 2453 2084 2506; x_wconf 86' lang='lat' dir='ltr'>Atque</span> 
     </span>
     <span class='ocr_line' id='line_1_30' title="bbox 93 2524 2081 2579; baseline -0.001 -12"><span class='ocrx_word' id='word_1_284' title='bbox 93 2524 347 2575; x_wconf 15' lang='lat' dir='ltr'>Homotllius</span> <span class='ocrx_word' id='word_1_285' title='bbox 384 2525 570 2578; x_wconf 89' lang='lat' dir='ltr'>quidem</span> <span class='ocrx_word' id='word_1_286' title='bbox 611 2526 708 2567; x_wconf 88' lang='lat' dir='ltr'>sine</span> <span class='ocrx_word' id='word_1_287' title='bbox 745 2526 1041 2567; x_wconf 88' lang='lat' dir='ltr'>haesitatione</span> <span class='ocrx_word' id='word_1_288' title='bbox 1089 2525 1146 2567; x_wconf 89' lang='lat' dir='ltr'>ad</span> <span class='ocrx_word' id='word_1_289' title='bbox 1185 2524 1460 2567; x_wconf 87' lang='lat' dir='ltr'>Antiochum</span> <span class='ocrx_word' id='word_1_290' title='bbox 1482 2524 1580 2566; x_wconf 86' lang='lat' dir='ltr'><strong>VIII</strong></span> <span class='ocrx_word' id='word_1_291' title='bbox 1622 2525 1830 2579; x_wconf 87' lang='lat' dir='ltr'>Grypum</span> <span class='ocrx_word' id='word_1_292' title='bbox 1869 2525 2081 2577; x_wconf 74' lang='lat'>(420-96</span> 
     </span>
    </p>
   </div>
   <div class='ocr_carea' id='block_1_15' title="bbox 28 2597 2082 2653">
    <p class='ocr_par' dir='ltr' id='par_1_15' title="bbox 28 2597 2082 2653">
     <span class='ocr_line' id='line_1_31' title="bbox 28 2597 2082 2653; baseline -0 -13"><span class='ocrx_word' id='word_1_293' title='bbox 28 2644 30 2653; x_wconf 41' lang='grc' dir='ltr'>Ι</span> <span class='ocrx_word' id='word_1_294' title='bbox 95 2611 133 2640; x_wconf 85' lang='lat' dir='ltr'>a.</span> <span class='ocrx_word' id='word_1_295' title='bbox 156 2599 255 2641; x_wconf 86' lang='lat' dir='ltr'>Chr.</span> <span class='ocrx_word' id='word_1_296' title='bbox 278 2597 334 2650; x_wconf 89' lang='lat' dir='ltr'>n.)</span> <span class='ocrx_word' id='word_1_297' title='bbox 367 2610 472 2639; x_wconf 90' lang='lat' dir='ltr'>cum</span> <span class='ocrx_word' id='word_1_298' title='bbox 503 2610 649 2640; x_wconf 88' lang='lat' dir='ltr'>uxore</span> <span class='ocrx_word' id='word_1_299' title='bbox 679 2598 947 2652; x_wconf 83' lang='lat' dir='ltr'>Tryphaena</span> <span class='ocrx_word' id='word_1_300' title='bbox 977 2600 1022 2639; x_wconf 90' lang='lat' dir='ltr'>et</span> <span class='ocrx_word' id='word_1_301' title='bbox 1052 2598 1143 2640; x_wconf 91' lang='lat' dir='ltr'>filio</span> <span class='ocrx_word' id='word_1_302' title='bbox 1166 2599 1395 2641; x_wconf 88' lang='lat' dir='ltr'>Demetrio</span> <span class='ocrx_word' id='word_1_303' title='bbox 1417 2600 1476 2639; x_wconf 92' lang='lat' dir='ltr'>III</span> <span class='ocrx_word' id='word_1_304' title='bbox 1507 2598 1709 2640; x_wconf 88' lang='lat' dir='ltr'>Eucaero</span> <span class='ocrx_word' id='word_1_305' title='bbox 1733 2600 2082 2640; x_wconf 90' lang='lat' dir='ltr'>monumentum</span> 
     </span>
    </p>
   </div>
   <div class='ocr_carea' id='block_1_16' title="bbox 94 2670 2084 2725">
    <p class='ocr_par' dir='ltr' id='par_1_16' title="bbox 29 2662 2084 2725">
     <span class='ocr_line' id='line_1_32' title="bbox 94 2670 2084 2725; baseline 0 -13"><span class='ocrx_word' id='word_1_306' title='bbox 94 2671 279 2712; x_wconf 90' lang='lat' dir='ltr'>rettulit.</span> <span class='ocrx_word' id='word_1_307' title='bbox 340 2671 509 2712; x_wconf 90' lang='lat' dir='ltr'>Iniuria</span> <span class='ocrx_word' id='word_1_308' title='bbox 549 2672 587 2711; x_wconf 90' lang='lat' dir='ltr'>si</span> <span class='ocrx_word' id='word_1_309' title='bbox 617 2671 727 2723; x_wconf 89' lang='lat' dir='ltr'>quid</span> <span class='ocrx_word' id='word_1_310' title='bbox 757 2671 907 2713; x_wconf 90' lang='lat' dir='ltr'>video.</span> <span class='ocrx_word' id='word_1_311' title='bbox 966 2670 1083 2713; x_wconf 90' lang='lat' dir='ltr'>Nam</span> <span class='ocrx_word' id='word_1_312' title='bbox 1122 2672 1323 2725; x_wconf 91' lang='lat' dir='ltr'>primum</span> <span class='ocrx_word' id='word_1_313' title='bbox 1357 2671 1544 2724; x_wconf 90' lang='lat' dir='ltr'>quidem</span> <span class='ocrx_word' id='word_1_314' title='bbox 1577 2672 1655 2724; x_wconf 92' lang='lat' dir='ltr'>qui</span> <span class='ocrx_word' id='word_1_315' title='bbox 1693 2672 1767 2712; x_wconf 92' lang='lat' dir='ltr'>hic</span> <span class='ocrx_word' id='word_1_316' title='bbox 1805 2682 2084 2712; x_wconf 89' lang='lat' dir='ltr'>commemo-</span> 
     </span>
    </p>
   </div>
   <div class='ocr_carea' id='block_1_17' title="bbox 30 2738 2082 2797">
    <p class='ocr_par' dir='ltr' id='par_1_17' title="bbox 30 2738 2082 2797">
     <span class='ocr_line' id='line_1_33' title="bbox 30 2738 2082 2797; baseline 0 -13"><span class='ocrx_word' id='word_1_317' title='bbox 30 2738 32 2760; x_wconf 68' lang='lat'><em>*</em></span> <span class='ocrx_word' id='word_1_318' title='bbox 95 2744 221 2786; x_wconf 88' lang='lat' dir='ltr'>ratur</span> <span class='ocrx_word' id='word_1_319' title='bbox 249 2744 520 2796; x_wconf 88' lang='lat' dir='ltr'>Demetrius,</span> <span class='ocrx_word' id='word_1_320' title='bbox 560 2754 665 2784; x_wconf 89' lang='lat' dir='ltr'>eum</span> <span class='ocrx_word' id='word_1_321' title='bbox 697 2745 816 2796; x_wconf 87' lang='lat' dir='ltr'>regis</span> <span class='ocrx_word' id='word_1_322' title='bbox 847 2745 892 2785; x_wconf 87' lang='lat' dir='ltr'>et</span> <span class='ocrx_word' id='word_1_323' title='bbox 922 2744 1102 2797; x_wconf 87' lang='lat' dir='ltr'>reginae</span> <span class='ocrx_word' id='word_1_324' title='bbox 1133 2755 1331 2797; x_wconf 93' lang='lat' dir='ltr'>quorum</span> <span class='ocrx_word' id='word_1_325' title='bbox 1365 2745 1467 2785; x_wconf 90' lang='lat' dir='ltr'>ante</span> <span class='ocrx_word' id='word_1_326' title='bbox 1500 2744 1670 2786; x_wconf 86' lang='lat' dir='ltr'>mentio</span> <span class='ocrx_word' id='word_1_327' title='bbox 1703 2743 1819 2786; x_wconf 88' lang='lat' dir='ltr'>facta</span> <span class='ocrx_word' id='word_1_328' title='bbox 1850 2745 1908 2786; x_wconf 91' lang='lat' dir='ltr'>sit</span> <span class='ocrx_word' id='word_1_329' title='bbox 1939 2743 2082 2785; x_wconf 89' lang='lat' dir='ltr'>filium</span> 
     </span>
    </p>
   </div>
   <div class='ocr_carea' id='block_1_18' title="bbox 31 2807 2083 2942">
    <p class='ocr_par' dir='ltr' id='par_1_18' title="bbox 31 2807 2083 2942">
     <span class='ocr_line' id='line_1_34' title="bbox 31 2807 2081 2870; baseline 0.001 -14"><span class='ocrx_word' id='word_1_330' title='bbox 31 2807 33 2837; x_wconf 72' lang='lat'>³</span> <span class='ocrx_word' id='word_1_331' title='bbox 94 2826 194 2858; x_wconf 89' lang='lat' dir='ltr'>esse</span> <span class='ocrx_word' id='word_1_332' title='bbox 224 2816 490 2869; x_wconf 88' lang='lat' dir='ltr'>neutiquam</span> <span class='ocrx_word' id='word_1_333' title='bbox 521 2815 735 2858; x_wconf 89' lang='lat' dir='ltr'>credibile</span> <span class='ocrx_word' id='word_1_334' title='bbox 755 2818 844 2869; x_wconf 83' lang='lat' dir='ltr'>est3</span> <span class='ocrx_word' id='word_1_335' title='bbox 875 2827 1023 2870; x_wconf 89' lang='lat' dir='ltr'>neque</span> <span class='ocrx_word' id='word_1_336' title='bbox 1045 2818 1165 2858; x_wconf 91' lang='lat' dir='ltr'>enim</span> <span class='ocrx_word' id='word_1_337' title='bbox 1198 2817 1236 2858; x_wconf 92' lang='lat' dir='ltr'>si</span> <span class='ocrx_word' id='word_1_338' title='bbox 1258 2817 1320 2858; x_wconf 91' lang='lat' dir='ltr'>ita</span> <span class='ocrx_word' id='word_1_339' title='bbox 1341 2818 1461 2858; x_wconf 88' lang='lat' dir='ltr'>esset</span> <span class='ocrx_word' id='word_1_340' title='bbox 1491 2819 1565 2858; x_wconf 83' lang='grc' dir='ltr'>τοῦ</span> <span class='ocrx_word' id='word_1_341' title='bbox 1597 2815 1692 2858; x_wconf 82' lang='grc' dir='ltr'>υἱοῦ</span> <span class='ocrx_word' id='word_1_342' title='bbox 1725 2817 1873 2858; x_wconf 86' lang='lat' dir='ltr'>omitti</span> <span class='ocrx_word' id='word_1_343' title='bbox 1904 2816 2081 2870; x_wconf 89' lang='lat' dir='ltr'>licebat,</span> 
     </span>
     <span class='ocr_line' id='line_1_35' title="bbox 32 2884 2083 2942; baseline -0 -12"><span class='ocrx_word' id='word_1_344' title='bbox 32 2884 33 2888; x_wconf 70' lang='grc'>’</span> <span class='ocrx_word' id='word_1_345' title='bbox 95 2888 218 2941; x_wconf 89' lang='lat' dir='ltr'>quod</span> <span class='ocrx_word' id='word_1_346' title='bbox 247 2890 400 2930; x_wconf 89' lang='lat' dir='ltr'>tamen</span> <span class='ocrx_word' id='word_1_347' title='bbox 432 2888 654 2941; x_wconf 89' lang='lat' dir='ltr'>scriptum</span> <span class='ocrx_word' id='word_1_348' title='bbox 683 2900 774 2930; x_wconf 92' lang='lat' dir='ltr'>non</span> <span class='ocrx_word' id='word_1_349' title='bbox 804 2888 944 2931; x_wconf 89' lang='lat' dir='ltr'>fuisse</span> <span class='ocrx_word' id='word_1_350' title='bbox 975 2889 1110 2942; x_wconf 89' lang='lat' dir='ltr'>spatii</span> <span class='ocrx_word' id='word_1_351' title='bbox 1148 2889 1346 2931; x_wconf 86' lang='lat' dir='ltr'>rationes</span> <span class='ocrx_word' id='word_1_352' title='bbox 1388 2890 1597 2942; x_wconf 83' lang='lat' dir='ltr'>arguunt.</span> <span class='ocrx_word' id='word_1_353' title='bbox 1658 2888 1827 2930; x_wconf 88' lang='lat' dir='ltr'>Deinde</span> <span class='ocrx_word' id='word_1_354' title='bbox 1858 2900 1967 2930; x_wconf 88' lang='lat' dir='ltr'>vero</span> <span class='ocrx_word' id='word_1_355' title='bbox 2010 2889 2083 2929; x_wconf 91' lang='lat' dir='ltr'>ille</span> 
     </span>
    </p>
   </div>
   <div class='ocr_carea' id='block_1_19' title="bbox 32 2960 2082 3015">
    <p class='ocr_par' dir='ltr' id='par_1_19' title="bbox 32 2960 2082 3015">
     <span class='ocr_line' id='line_1_36' title="bbox 32 2960 2082 3015; baseline 0 -14"><span class='ocrx_word' id='word_1_356' title='bbox 32 2968 35 3015; x_wconf 61' lang='grc' dir='ltr'>ς</span> <span class='ocrx_word' id='word_1_357' title='bbox 95 2960 352 3002; x_wconf 86' lang='lat' dir='ltr'>Demetrius</span> <span class='ocrx_word' id='word_1_358' title='bbox 375 2961 444 3014; x_wconf 89' lang='lat' dir='ltr'>III,</span> <span class='ocrx_word' id='word_1_359' title='bbox 476 2961 556 3013; x_wconf 86' lang='lat' dir='ltr'>qui</span> <span class='ocrx_word' id='word_1_360' title='bbox 586 2972 625 3002; x_wconf 88' lang='lat' dir='ltr'>a.</span> <span class='ocrx_word' id='word_1_361' title='bbox 649 2964 816 3002; x_wconf 82' lang='lat'>93-86</span> <span class='ocrx_word' id='word_1_362' title='bbox 839 2973 877 3003; x_wconf 88' lang='lat' dir='ltr'>a.</span> <span class='ocrx_word' id='word_1_363' title='bbox 896 2961 997 3003; x_wconf 87' lang='lat' dir='ltr'>Chr.</span> <span class='ocrx_word' id='word_1_364' title='bbox 1019 2962 1224 3015; x_wconf 80' lang='lat' dir='ltr'>regnavit</span> <span class='ocrx_word' id='word_1_365' title='bbox 1256 2962 1323 3015; x_wconf 87' lang='lat' dir='ltr'>(cf.</span> <span class='ocrx_word' id='word_1_366' title='bbox 1346 2962 1571 3015; x_wconf 90' lang='lat' dir='ltr'>Josephus</span> <span class='ocrx_word' id='word_1_367' title='bbox 1591 2961 1691 3002; x_wconf 85' lang='lat' dir='ltr'>Ant.</span> <span class='ocrx_word' id='word_1_368' title='bbox 1714 2962 1828 3014; x_wconf 93' lang='lat' dir='ltr'>XIlI,</span> <span class='ocrx_word' id='word_1_369' title='bbox 1854 2964 1933 3001; x_wconf 89' lang='lat'>370</span> <span class='ocrx_word' id='word_1_370' title='bbox 1954 2960 2082 3014; x_wconf 87' lang='lat' dir='ltr'>sqq.)‚</span> 
     </span>
    </p>
   </div>
   <div class='ocr_carea' id='block_1_20' title="bbox 0 0 63 3970">
    <p class='ocr_par' dir='ltr' id='par_1_20' title="bbox 0 0 63 3970">
     <span class='ocr_line' id='line_1_37' title="bbox 0 0 63 3970; baseline 0 0"><span class='ocrx_word' id='word_1_371' title='bbox 0 0 63 3970; x_wconf 95' lang='lat' dir='ltr'> </span> 
     </span>
    </p>
   </div>
   <div class='ocr_carea' id='block_1_21' title="bbox 36 3033 2084 3738">
    <p class='ocr_par' dir='ltr' id='par_1_21' title="bbox 36 3033 2084 3738">
     <span class='ocr_line' id='line_1_38' title="bbox 95 3033 2083 3088; baseline 0 -14"><span class='ocrx_word' id='word_1_372' title='bbox 95 3033 187 3074; x_wconf 85' lang='lat' dir='ltr'>tres</span> <span class='ocrx_word' id='word_1_373' title='bbox 203 3033 363 3075; x_wconf 90' lang='lat' dir='ltr'>habuit</span> <span class='ocrx_word' id='word_1_374' title='bbox 379 3033 539 3074; x_wconf 86' lang='lat' dir='ltr'>fratres</span> <span class='ocrx_word' id='word_1_375' title='bbox 557 3034 666 3074; x_wconf 92' lang='lat' dir='ltr'>natu</span> <span class='ocrx_word' id='word_1_376' title='bbox 682 3034 877 3075; x_wconf 86' lang='lat' dir='ltr'>maiores</span> <span class='ocrx_word' id='word_1_377' title='bbox 894 3034 1131 3075; x_wconf 88' lang='lat' dir='ltr'>Seleucum</span> <span class='ocrx_word' id='word_1_378' title='bbox 1145 3034 1203 3075; x_wconf 92' lang='lat' dir='ltr'>VI</span> <span class='ocrx_word' id='word_1_379' title='bbox 1224 3034 1505 3088; x_wconf 90' lang='lat' dir='ltr'>Epiphanem</span> <span class='ocrx_word' id='word_1_380' title='bbox 1525 3034 1578 3086; x_wconf 91' lang='lat' dir='ltr'>(n.</span> <span class='ocrx_word' id='word_1_381' title='bbox 1599 3033 1711 3087; x_wconf 72' lang='lat'>26⁴),</span> <span class='ocrx_word' id='word_1_382' title='bbox 1734 3033 2003 3074; x_wconf 89' lang='lat' dir='ltr'>Antiochum</span> <span class='ocrx_word' id='word_1_383' title='bbox 2023 3034 2083 3074; x_wconf 91' lang='lat' dir='ltr'>XI</span> 
     </span>
     <span class='ocr_line' id='line_1_39' title="bbox 36 3095 2083 3160; baseline 0 -13"><span class='ocrx_word' id='word_1_384' title='bbox 36 3095 39 3114; x_wconf 77' lang='lat'>¹</span> <span class='ocrx_word' id='word_1_385' title='bbox 97 3103 376 3159; x_wconf 87' lang='lat' dir='ltr'>Epiphanem</span> <span class='ocrx_word' id='word_1_386' title='bbox 415 3105 772 3160; x_wconf 88' lang='lat' dir='ltr'>Philadelphum,</span> <span class='ocrx_word' id='word_1_387' title='bbox 810 3107 1069 3160; x_wconf 90' lang='lat' dir='ltr'>Philippum</span> <span class='ocrx_word' id='word_1_388' title='bbox 1113 3106 1180 3159; x_wconf 86' lang='lat' dir='ltr'>(cf.</span> <span class='ocrx_word' id='word_1_389' title='bbox 1222 3106 1616 3160; x_wconf 88' lang='lat' dir='ltr'>Pauly-Wissowa</span> <span class='ocrx_word' id='word_1_390' title='bbox 1646 3105 2083 3158; x_wconf 73' lang='lat' dir='ltr'>Realencyklopadie</span> 
     </span>
     <span class='ocr_line' id='line_1_40' title="bbox 36 3175 2082 3233; baseline 0 -16"><span class='ocrx_word' id='word_1_391' title='bbox 36 3207 37 3213; x_wconf 34' lang='lat'>1</span> <span class='ocrx_word' id='word_1_392' title='bbox 97 3175 128 3230; x_wconf 92' lang='lat'>1,</span> <span class='ocrx_word' id='word_1_393' title='bbox 151 3179 174 3217; x_wconf 78' lang='lat'>2</span> <span class='ocrx_word' id='word_1_394' title='bbox 206 3189 250 3231; x_wconf 89' lang='lat' dir='ltr'>p.</span> <span class='ocrx_word' id='word_1_395' title='bbox 276 3180 384 3219; x_wconf 75' lang='lat'>2484</span> <span class='ocrx_word' id='word_1_396' title='bbox 405 3179 500 3231; x_wconf 91' lang='lat' dir='ltr'>sq.),</span> <span class='ocrx_word' id='word_1_397' title='bbox 543 3189 599 3219; x_wconf 87' lang='lat' dir='ltr'>ex</span> <span class='ocrx_word' id='word_1_398' title='bbox 629 3178 798 3232; x_wconf 90' lang='lat' dir='ltr'>quibus</span> <span class='ocrx_word' id='word_1_399' title='bbox 828 3180 1054 3220; x_wconf 87' lang='lat' dir='ltr'>neminem</span> <span class='ocrx_word' id='word_1_400' title='bbox 1085 3182 1213 3233; x_wconf 87' lang='lat' dir='ltr'>patre</span> <span class='ocrx_word' id='word_1_401' title='bbox 1253 3180 1498 3233; x_wconf 88' lang='lat' dir='ltr'>superstite</span> <span class='ocrx_word' id='word_1_402' title='bbox 1539 3178 1707 3220; x_wconf 87' lang='lat' dir='ltr'>obiisse</span> <span class='ocrx_word' id='word_1_403' title='bbox 1739 3179 1926 3219; x_wconf 88' lang='lat' dir='ltr'>constat.</span> <span class='ocrx_word' id='word_1_404' title='bbox 1989 3179 2082 3219; x_wconf 90' lang='lat' dir='ltr'>Iam</span> 
     </span>
     <span class='ocr_line' id='line_1_41' title="bbox 98 3249 2080 3306; baseline 0 -15"><span class='ocrx_word' id='word_1_405' title='bbox 98 3249 200 3302; x_wconf 89' lang='lat' dir='ltr'>quis</span> <span class='ocrx_word' id='word_1_406' title='bbox 236 3250 402 3303; x_wconf 87' lang='lat' dir='ltr'>credet,</span> <span class='ocrx_word' id='word_1_407' title='bbox 441 3252 488 3291; x_wconf 93' lang='lat' dir='ltr'>in</span> <span class='ocrx_word' id='word_1_408' title='bbox 526 3250 749 3292; x_wconf 91' lang='lat' dir='ltr'>eiusmodi</span> <span class='ocrx_word' id='word_1_409' title='bbox 790 3254 1086 3294; x_wconf 85' lang='lat' dir='ltr'>monumento</span> <span class='ocrx_word' id='word_1_410' title='bbox 1130 3264 1282 3306; x_wconf 83' lang='lat' dir='ltr'>regem</span> <span class='ocrx_word' id='word_1_411' title='bbox 1322 3253 1367 3293; x_wconf 87' lang='lat' dir='ltr'>et</span> <span class='ocrx_word' id='word_1_412' title='bbox 1408 3252 1608 3304; x_wconf 81' lang='lat' dir='ltr'>reginam</span> <span class='ocrx_word' id='word_1_413' title='bbox 1647 3262 1738 3291; x_wconf 88' lang='lat' dir='ltr'>una</span> <span class='ocrx_word' id='word_1_414' title='bbox 1778 3261 1885 3291; x_wconf 89' lang='lat' dir='ltr'>cum</span> <span class='ocrx_word' id='word_1_415' title='bbox 1916 3251 2080 3303; x_wconf 89' lang='lat' dir='ltr'>quarto</span> 
     </span>
     <span class='ocr_line' id='line_1_42' title="bbox 98 3319 2082 3376; baseline 0.001 -14"><span class='ocrx_word' id='word_1_416' title='bbox 98 3319 189 3362; x_wconf 86' lang='lat' dir='ltr'>filio</span> <span class='ocrx_word' id='word_1_417' title='bbox 221 3324 586 3375; x_wconf 85' lang='lat' dir='ltr'>commemorari,</span> <span class='ocrx_word' id='word_1_418' title='bbox 616 3324 709 3364; x_wconf 88' lang='lat' dir='ltr'>tres</span> <span class='ocrx_word' id='word_1_419' title='bbox 739 3324 934 3367; x_wconf 87' lang='lat' dir='ltr'>maiores</span> <span class='ocrx_word' id='word_1_420' title='bbox 965 3323 1135 3367; x_wconf 80' lang='lat' dir='ltr'>taceri?</span> <span class='ocrx_word' id='word_1_421' title='bbox 1198 3325 1345 3374; x_wconf 88' lang='lat' dir='ltr'>Quare</span> <span class='ocrx_word' id='word_1_422' title='bbox 1378 3335 1483 3365; x_wconf 92' lang='lat' dir='ltr'>cum</span> <span class='ocrx_word' id='word_1_423' title='bbox 1515 3323 1622 3365; x_wconf 83' lang='lat' dir='ltr'>ferri</span> <span class='ocrx_word' id='word_1_424' title='bbox 1652 3334 1741 3364; x_wconf 91' lang='lat' dir='ltr'>non</span> <span class='ocrx_word' id='word_1_425' title='bbox 1773 3333 1907 3376; x_wconf 89' lang='lat' dir='ltr'>posse</span> <span class='ocrx_word' id='word_1_426' title='bbox 1939 3334 2082 3376; x_wconf 89' lang='lat' dir='ltr'>appa-</span> 
     </span>
     <span class='ocr_line' id='line_1_43' title="bbox 40 3394 2083 3454; baseline 0.001 -19"><span class='ocrx_word' id='word_1_427' title='bbox 40 3448 42 3454; x_wconf 14' lang='lat'><em>*</em></span> <span class='ocrx_word' id='word_1_428' title='bbox 99 3395 195 3435; x_wconf 84' lang='lat' dir='ltr'>reat</span> <span class='ocrx_word' id='word_1_429' title='bbox 228 3394 438 3437; x_wconf 91' lang='lat' dir='ltr'>Homollii</span> <span class='ocrx_word' id='word_1_430' title='bbox 478 3396 714 3450; x_wconf 87' lang='lat' dir='ltr'>rationem,</span> <span class='ocrx_word' id='word_1_431' title='bbox 754 3395 808 3437; x_wconf 88' lang='lat' dir='ltr'>de</span> <span class='ocrx_word' id='word_1_432' title='bbox 848 3396 1068 3440; x_wconf 88' lang='lat' dir='ltr'>Antiocho</span> <span class='ocrx_word' id='word_1_433' title='bbox 1100 3398 1159 3438; x_wconf 90' lang='lat' dir='ltr'>IV</span> <span class='ocrx_word' id='word_1_434' title='bbox 1201 3398 1446 3450; x_wconf 92' lang='lat' dir='ltr'>Epiphane,</span> <span class='ocrx_word' id='word_1_435' title='bbox 1493 3406 1637 3437; x_wconf 83' lang='lat' dir='ltr'>uxore</span> <span class='ocrx_word' id='word_1_436' title='bbox 1681 3395 1885 3450; x_wconf 89' lang='lat' dir='ltr'>Laodice,</span> <span class='ocrx_word' id='word_1_437' title='bbox 1932 3395 2083 3438; x_wconf 82' lang='lat' dir='ltr'>fratris</span> 
     </span>
     <span class='ocr_line' id='line_1_44' title="bbox 99 3463 2084 3524; baseline 0.002 -19"><span class='ocrx_word' id='word_1_438' title='bbox 99 3463 190 3506; x_wconf 83' lang='lat' dir='ltr'>filio</span> <span class='ocrx_word' id='word_1_439' title='bbox 223 3467 302 3519; x_wconf 86' lang='lat' dir='ltr'>qui</span> <span class='ocrx_word' id='word_1_440' title='bbox 331 3470 494 3521; x_wconf 91' lang='lat' dir='ltr'>postea</span> <span class='ocrx_word' id='word_1_441' title='bbox 523 3468 729 3521; x_wconf 84' lang='lat' dir='ltr'>regnavit</span> <span class='ocrx_word' id='word_1_442' title='bbox 758 3469 988 3511; x_wconf 87' lang='lat' dir='ltr'>Demetrio</span> <span class='ocrx_word' id='word_1_443' title='bbox 1022 3471 1053 3524; x_wconf 90' lang='lat' dir='ltr'>(I</span> <span class='ocrx_word' id='word_1_444' title='bbox 1085 3469 1255 3520; x_wconf 87' lang='lat' dir='ltr'>Sotere)</span> <span class='ocrx_word' id='word_1_445' title='bbox 1288 3469 1476 3510; x_wconf 88' lang='lat' dir='ltr'>titulum</span> <span class='ocrx_word' id='word_1_446' title='bbox 1518 3469 1804 3521; x_wconf 88' lang='lat' dir='ltr'>interpretor.</span> <span class='ocrx_word' id='word_1_447' title='bbox 1857 3468 1987 3510; x_wconf 89' lang='lat' dir='ltr'>Certe</span> <span class='ocrx_word' id='word_1_448' title='bbox 2019 3469 2084 3509; x_wconf 92' lang='lat' dir='ltr'>sic</span> 
     </span>
     <span class='ocr_line' id='line_1_45' title="bbox 100 3540 2083 3595; baseline 0.002 -17"><span class='ocrx_word' id='word_1_449' title='bbox 100 3547 182 3578; x_wconf 86' lang='lat' dir='ltr'>cur</span> <span class='ocrx_word' id='word_1_450' title='bbox 211 3550 356 3592; x_wconf 90' lang='lat' dir='ltr'>neque</span> <span class='ocrx_word' id='word_1_451' title='bbox 393 3551 472 3581; x_wconf 85' lang='lat' dir='ltr'>rex</span> <span class='ocrx_word' id='word_1_452' title='bbox 515 3551 661 3593; x_wconf 89' lang='lat' dir='ltr'>neque</span> <span class='ocrx_word' id='word_1_453' title='bbox 700 3540 818 3582; x_wconf 92' lang='lat' dir='ltr'>filius</span> <span class='ocrx_word' id='word_1_454' title='bbox 862 3542 980 3595; x_wconf 83' lang='lat' dir='ltr'>regis</span> <span class='ocrx_word' id='word_1_455' title='bbox 1027 3544 1072 3583; x_wconf 89' lang='lat' dir='ltr'>et</span> <span class='ocrx_word' id='word_1_456' title='bbox 1107 3542 1286 3595; x_wconf 79' lang='lat' dir='ltr'>reginae</span> <span class='ocrx_word' id='word_1_457' title='bbox 1329 3541 1581 3595; x_wconf 89' lang='lat' dir='ltr'>appelletur</span> <span class='ocrx_word' id='word_1_458' title='bbox 1616 3541 1874 3582; x_wconf 87' lang='lat' dir='ltr'>Demetrius</span> <span class='ocrx_word' id='word_1_459' title='bbox 1921 3543 2083 3594; x_wconf 91' lang='lat' dir='ltr'>sponte</span> 
     </span>
     <span class='ocr_line' id='line_1_46' title="bbox 45 3610 2083 3670; baseline 0.002 -21"><span class='ocrx_word' id='word_1_460' title='bbox 45 3658 47 3670; x_wconf 41' lang='lat'><strong>⁴</strong></span> <span class='ocrx_word' id='word_1_461' title='bbox 101 3610 235 3660; x_wconf 85' lang='lat' dir='ltr'>patet.</span> <span class='ocrx_word' id='word_1_462' title='bbox 293 3610 450 3664; x_wconf 87' lang='lat' dir='ltr'>Neque</span> <span class='ocrx_word' id='word_1_463' title='bbox 480 3623 571 3664; x_wconf 91' lang='lat' dir='ltr'>quo</span> <span class='ocrx_word' id='word_1_464' title='bbox 601 3614 807 3664; x_wconf 84' lang='lat' dir='ltr'>tempore</span> <span class='ocrx_word' id='word_1_465' title='bbox 836 3614 875 3653; x_wconf 83' lang='lat' dir='ltr'>is</span> <span class='ocrx_word' id='word_1_466' title='bbox 913 3614 1047 3655; x_wconf 91' lang='lat' dir='ltr'>obses</span> <span class='ocrx_word' id='word_1_467' title='bbox 1079 3615 1267 3655; x_wconf 83' lang='lat' dir='ltr'>Romam</span> <span class='ocrx_word' id='word_1_468' title='bbox 1300 3613 1525 3654; x_wconf 89' lang='lat' dir='ltr'>abductus</span> <span class='ocrx_word' id='word_1_469' title='bbox 1560 3615 1657 3654; x_wconf 89' lang='lat' dir='ltr'>erat</span> <span class='ocrx_word' id='word_1_470' title='bbox 1697 3613 1792 3666; x_wconf 75' lang='lat'><strong>(⁴75</strong></span> <span class='ocrx_word' id='word_1_471' title='bbox 1825 3626 1862 3655; x_wconf 91' lang='lat' dir='ltr'>a.</span> <span class='ocrx_word' id='word_1_472' title='bbox 1887 3613 1988 3654; x_wconf 89' lang='lat' dir='ltr'>Chr.</span> <span class='ocrx_word' id='word_1_473' title='bbox 2013 3614 2083 3666; x_wconf 89' lang='lat' dir='ltr'>n.),</span> 
     </span>
     <span class='ocr_line' id='line_1_47' title="bbox 45 3679 2083 3738; baseline 0.003 -18"><span class='ocrx_word' id='word_1_474' title='bbox 45 3679 47 3695; x_wconf 71' lang='lat'>‘</span> <span class='ocrx_word' id='word_1_475' title='bbox 103 3690 206 3720; x_wconf 81' lang='lat' dir='ltr'>eum</span> <span class='ocrx_word' id='word_1_476' title='bbox 251 3693 339 3723; x_wconf 88' lang='lat' dir='ltr'>una</span> <span class='ocrx_word' id='word_1_477' title='bbox 384 3694 488 3724; x_wconf 90' lang='lat' dir='ltr'>cum</span> <span class='ocrx_word' id='word_1_478' title='bbox 538 3686 698 3736; x_wconf 89' lang='lat' dir='ltr'>patruo</span> <span class='ocrx_word' id='word_1_479' title='bbox 738 3685 926 3738; x_wconf 87' lang='lat' dir='ltr'>eiusque</span> <span class='ocrx_word' id='word_1_480' title='bbox 971 3698 1113 3727; x_wconf 86' lang='lat' dir='ltr'>uxore</span> <span class='ocrx_word' id='word_1_481' title='bbox 1163 3687 1204 3726; x_wconf 90' lang='lat' dir='ltr'>in</span> <span class='ocrx_word' id='word_1_482' title='bbox 1248 3686 1471 3727; x_wconf 87' lang='lat' dir='ltr'>eiusmodi</span> <span class='ocrx_word' id='word_1_483' title='bbox 1514 3687 1807 3727; x_wconf 88' lang='lat' dir='ltr'>monumento</span> <span class='ocrx_word' id='word_1_484' title='bbox 1855 3686 2083 3726; x_wconf 89' lang='lat' dir='ltr'>nominari</span> 
     </span>
    </p>
   </div>
  </div>
 </body>
</html>
