2314 3970
60 213 129 267 54]
479 212 767 254 Ptolemaeus
798 213 855 252 111
885 211 1129 264 Euergetes
1161 211 1400 263 (sss—247
1426 221 1463 251 a.
1487 209 1618 261 Chr.).
1970 210 2038 261 83

146 398 171 439 5
204 383 356 450 δίαι3,
389 382 395 453 Ι
422 382 580 452 Λητοῖ
615 381 913 451 Εὖτέκνωι4,
949 379 1237 454 ΠἩρακλεῖ
1270 380 1612 436 Rammium&
1640 378 2001 452 ΙἈπολλώνιος
2031 380 2041 452 Ι

205 469 463 539 ὃιοικητής
480 470 513 520 ⁶.

58 638 250 679 testatur
279 636 523 677 Pausanias
553 635 607 688 X,
641 638 708 688 32,
734 639 777 676 6:
820 632 907 676 ἔστι
952 631 999 675 δὲ
1035 632 1109 676 καὶ
1144 636 1236 680 τοῖς
1275 631 1344 675 ἐπὶ
1380 633 1562 692 ποταμῷ
1596 630 1780 692 Ληθαίῳ
1819 630 2042 692 Μάγνησιν

50 699 179 751 ’Ὗλαι
207 705 475 763 ’καλούμενον
505 704 682 764 χωρίον·
716 703 900 748 ἐνταῦθα
918 700 1152 748 Ἀπόλλωνι
1183 703 1346 747 ἀνεῖται
1379 704 1599 762 σπήλαιον.
1652 707 1713 748 Cf.
1735 707 1785 748 K.
1802 706 2042 748 Wernicke

60 792 128 834 ap.
159 779 548 833 Pauly-Wissowa
579 777 1010 835 Realencyklopadie
1039 778 1090 830 11,
1115 781 1131 817 4
1171 788 1214 830 p.
1240 781 1306 819 74.
1454 781 1478 818 2
1519 778 1580 820 Cf.
1619 780 1668 820 K.
1690 779 1931 820 Wernicke
1972 791 2041 833 ap.

60 851 448 905 Pauly-Wissowa
478 850 910 904 Realencyklopadie
941 850 991 903 II,
1026 853 1042 890 4
1081 860 1125 902 p.
1156 851 1282 902 4404,
1325 850 1404 902 qui
1446 849 1581 891 huius
1623 851 1937 904 appellationis
1968 863 2044 892 ex-

60 924 208 977 empla
233 922 362 965 affert
383 934 438 965 ex
459 924 601 964 sacris
623 923 978 976 Atheniensium,
1010 921 1347 974 Byzantiorum,
1380 922 1751 974 Erythraeorum.
1879 927 1900 963 3
1941 923 2045 977 Epi-

60 997 216 1038 theton
246 995 370 1048 quod
401 995 538 1036 modo
571 995 752 1048 Dianae,
784 994 921 1035 modo
953 993 1145 1035 Hecatae
1175 993 1406 1047 tribuitur,
1439 1004 1764 1047 nonnunquam
1795 996 1931 1037 etiam
1962 1006 2046 1049 per

61 1078 110 1109 se
138 1069 191 1107 ut
220 1067 458 1120 proprium
491 1066 600 1108 deae
630 1077 798 1107 nomen
829 1066 1026 1119 ponitur,
1069 1066 1131 1106 ita
1160 1067 1213 1105 ut
1242 1067 1346 1105 utra
1377 1076 1433 1106 ex
1463 1065 1551 1106 illis
1583 1065 1755 1107 deabus
1787 1066 2047 1119 designetur

59 1140 106 1181 in
136 1138 285 1180 medio
306 1138 652 1192 relinquendum
676 1139 747 1179 sit.
800 1137 860 1179 Cf.
890 1138 939 1179 K.
961 1137 1200 1178 Wernicke
1222 1148 1291 1190 ap.
1315 1137 1706 1190 Pauly-Wissowa
1727 1138 2046 1191 Realencyklo-

60 1210 191 1265 padie
220 1211 272 1263 11,
296 1213 312 1251 4
352 1221 395 1263 p.
420 1213 546 1251 4384.
684 1212 707 1250 lo
747 1210 940 1251 Latonae
971 1206 1161 1250 εὐτεκνία
1192 1209 1419 1250 celebrata
1448 1212 1545 1250 erat
1565 1211 1792 1264 imprimis
1822 1211 1898 1252 illa
1918 1210 2046 1253 nobi-

59 1283 231 1324 lissima
261 1282 315 1323 de
345 1281 489 1324 Niobe
519 1283 567 1322 et
594 1280 803 1323 Niobidis
843 1280 1006 1334 fabula,
1047 1281 1093 1322 in
1124 1292 1215 1335 qua
1247 1281 1468 1323 narranda
1505 1282 1590 1324 hac
1631 1282 1730 1335 ipsa
1758 1293 1872 1324 voce
1901 1284 2048 1325 utitur

61 1354 363 1408 Apollodorus
394 1353 505 1395 Bibl.
539 1354 658 1407 1115,
689 1357 726 1406 6,
757 1357 803 1394 2:
847 1351 1043 1400 εὔτεκνος
1075 1352 1122 1395 δὲ
1152 1350 1258 1395 οὖσα
1288 1349 1430 1408 Νιόβη
1460 1356 1539 1409 τῆς
1570 1351 1741 1411 Λητοῦς
1772 1353 2046 1412 εὐτεκνοτέρα

61 1423 177 1468 εἶπεν
209 1423 425 1484 ὑπάρχειν.
479 1425 533 1467 Et
553 1425 771 1479 quoniam
803 1425 875 1467 dei
906 1436 981 1467 eas
1013 1425 1309 1480 potissimum
1329 1425 1524 1467 virtutes
1554 1437 1698 1480 eaque
1729 1426 1847 1468 bona
1877 1427 2046 1480 quibus

61 1498 148 1552 ipsi
186 1497 411 1539 excellunt
449 1497 586 1539 etiam
624 1497 877 1538 cultoribus
919 1497 1014 1538 suis
1052 1497 1271 1552 praebere
1304 1497 1616 1552 credebantur,
1658 1499 1875 1541 Latonam
1918 1510 2047 1542 orare

61 1569 266 1611 solebant
296 1569 464 1623 Graeci,
503 1571 554 1610 ut
592 1569 679 1610 sibi
718 1569 891 1611 felicem
923 1570 1100 1624 prolem
1133 1569 1304 1611 darent.
1366 1569 1426 1611 Cf.
1460 1570 1680 1611 Theocrit.
1704 1571 1857 1624 XVIII,
1887 1575 1938 1612 50
1957 1583 2046 1626 sq.:

61 1639 190 1685 Λατὼ
222 1640 299 1696 μὲν
330 1639 440 1697 δοίη,
472 1638 600 1684 Λατὼ
630 1639 931 1700 κουροτρόφος,
963 1639 1094 1698 ὔμμιν
1117 1639 1346 1683 εὐτεκνίαν.
1495 1645 1518 1682 5
1559 1642 1816 1695 cognomen
1843 1643 2047 1685 Herculis

62 1713 166 1754 inde
204 1713 262 1755 ab
298 1713 557 1754 Archilochi
598 1714 797 1754 carmine
834 1713 1118 1755 nobilissimo
1160 1713 1223 1766 (fr.
1255 1716 1336 1754 449
1369 1714 1525 1766 Bergk)
1569 1714 1690 1767 apud
1728 1715 1922 1756 Graecos
1963 1715 2048 1756 fre-

63 1787 343 1839 quentatum,
374 1797 520 1838 neque
552 1797 577 1826 a
607 1785 754 1838 poetis
786 1785 920 1827 modo
943 1787 1229 1839 usurpatum,
1262 1785 1342 1826 sed
1372 1787 1507 1827 etiam
1536 1787 1580 1826 in
1611 1787 1783 1828 solenni
1812 1798 2046 1828 sacrorum

63 1868 163 1899 usu.
231 1857 366 1899 Aram
413 1857 615 1898 Herculis
660 1858 858 1898 Callinici
903 1857 1156 1898 fabulosam
1202 1857 1504 1910 Apollodorus
1561 1862 1892 1901 commemorat
1935 1859 2046 1900 Bibl.

62 1930 114 1982 11,
139 1933 176 1983 6,
201 1932 238 1983 k,
263 1932 300 1983 3,
332 1929 613 1971 sacerdotem
635 1929 839 1970 eiusdem
871 1929 970 1970 Pari
1001 1929 1140 1970 fuisse
1168 1931 1477 1982 comperimus
1499 1940 1554 1970 ex
1575 1930 1707 1972 titulo
1730 1931 1774 1972 C.
1796 1932 1828 1972 l.
1853 1933 1900 1972 G.
1923 1935 2047 1973 2385.

64 2000 124 2042 Cf.
156 2002 353 2043 Roscher
389 2002 582 2043 Lexicon
623 2001 704 2042 der
741 2013 804 2054 gr.
836 2013 881 2042 u.
913 2006 1027 2043 rom.
1062 2001 1338 2054 Mythologie
1368 2002 1405 2042 11
1429 2005 1444 2042 4
1485 2013 1527 2056 p.
1553 2005 1649 2044 927.
1700 2003 1810 2044 Bull.
1843 2004 1899 2045 de
1930 2015 2047 2045 corr.

64 2073 172 2115 Hell.
194 2073 252 2114 IV
274 2073 414 2127 (4880)
446 2084 489 2126 p.
516 2076 595 2113 459
627 2085 670 2114 n.
694 2077 732 2127 8,
759 2077 772 2113 4
813 2074 1071 2128 (Erythris):
1110 2069 1419 2127 [Καλλίν]ει·ιιον
1445 2068 1671 2130 Ἡρακλέα.
1856 2080 1879 2116 6
1920 2077 2050 2117 Sum—

65 2155 168 2187 mus
197 2157 280 2198 per
308 2156 497 2198 regnum
528 2145 890 2187 Ptolemaeorum
921 2146 1061 2186 totius
1094 2145 1498 2187 administrationis
1530 2147 1815 2198 pecuniariae
1853 2147 2050 2200 praefec-

67 2218 154 2259 tus.
215 2217 275 2259 Cf.
308 2229 350 2258 n.
375 2216 468 2259 593.

175 2438 246 2493 54
294 2442 456 2508 Aduli,
516 2444 601 2508 qui
656 2446 766 2492 tum
815 2445 924 2491 erat
967 2445 1147 2508 portus
1203 2444 1368 2507 gentis
1413 2442 1783 2509 Axomitarum,
1842 2442 2050 2493 Cosmas

69 2528 459 2595 Indicopleustes
496 2531 642 2578 sexto
681 2533 800 2593 post
825 2527 942 2578 Chr.
972 2543 1020 2578 n.
1063 2530 1261 2578 saeculo
1301 2543 1355 2578 se
1391 2528 1578 2579 vidisse
1616 2531 1793 2578 narrat
1830 2530 1882 2579 in
1920 2532 2053 2580 occi-

0 2646 1 2655 ι
69 2614 253 2664 dentali
300 2614 474 2680 oppidi
519 2618 665 2679 parte
710 2615 885 2664 sellam
928 2616 1198 2664 marmoris
1243 2615 1358 2680 albi,
1409 2617 1459 2664 et
1503 2618 1623 2681 post
1668 2630 1781 2664 eam
1824 2616 2051 2665 tabulam

67 2701 245 2766 lapidis
298 2702 558 2750 basanitae
615 2701 932 2767 quadratam,
990 2715 1146 2767 supra
1193 2704 1427 2750 ornatam
1478 2704 1732 2751 aetomate
1786 2702 2050 2768 triquetro,

68 2785 210 2836 humi
245 2788 506 2836 iacentem.
582 2787 639 2835 In
685 2786 783 2836 hac
828 2787 1002 2836 tabula
1047 2788 1222 2837 titulus
1268 2803 1420 2853 quem
1464 2787 1547 2837 hic
1585 2788 1796 2854 edimus,
1842 2771 1894 2837 in
1932 2790 2053 2837 sella

69 2887 118 2921 n.
157 2873 274 2923 499.
349 2873 456 2922 Iam
501 2888 616 2923 cum
662 2873 912 2923 Elesbaon
949 2874 1299 2923 Axomitarum
1348 2889 1442 2923 rex
1487 2874 1842 2940 apographum
1889 2875 1954 2922 ad
1999 2888 2052 2922 se

10 3007 11 3010 ,
72 2957 238 3008 afferri
272 2960 514 3024 iussisset,
560 2959 719 3008 Asbas
757 2959 980 3009 Adulidis
1026 2959 1311 3024 praefectus
1359 2975 1453 3026 per
1491 2959 1728 3009 Cosmam
1767 2963 1816 3009 et
1854 2961 2050 3008 Menam

11 3073 13 3086 ι
74 3045 323 3109 quendam
361 3045 426 3094 ad
460 3045 600 3094 illum
644 3046 796 3110 misit,
843 3046 933 3094 sed
980 3046 1115 3095 aliud
1163 3046 1453 3111 exemplum
1493 3046 1701 3096 Cosmas
1749 3047 1955 3094 retinuit
2005 3049 2055 3094 et

12 3123 16 3201 Ἰ
73 3143 204 3179 anno
244 3131 345 3180 545
372 3147 422 3197 p.
454 3130 568 3180 Chr.
611 3130 1040 3197 Cosmographiae
1073 3131 1386 3182 Christianae
1425 3146 1544 3181 suae
1581 3133 1806 3181 inseruit.
1871 3131 1935 3179 At
1971 3130 2054 3180 hic

15 3213 19 3269 'l
75 3216 274 3280 quidem
310 3218 438 3266 miro
478 3231 647 3266 errore
686 3218 910 3267 eiusdem
946 3219 1078 3268 tituli
1114 3219 1312 3268 initium
1349 3219 1401 3267 in
1427 3218 1613 3283 tabula,
1653 3217 1805 3265 finem
1842 3218 1894 3265 in
1933 3217 2055 3266 sella

18 3315 22 3348 ι
75 3297 248 3351 haberi
285 3303 612 3368 opinabatur3
653 3318 803 3368 quem
841 3319 1067 3354 errorem
1105 3305 1346 3353 refutavit
1370 3303 1552 3352 Saltius
1590 3305 1641 3351 in
1667 3303 1795 3351 libro
1822 3305 2053 3368 Voyages

19 3358 25 3434 i
77 3387 175 3435 and
219 3389 405 3438 travels
450 3393 503 3438 to
542 3389 697 3455 India,
749 3389 951 3455 Ceylon,
999 3390 1087 3439 the
1132 3391 1222 3439 red
1259 3388 1368 3453 Sea,
1415 3389 1683 3453 Abyssinia
1730 3389 1831 3437 and
1869 3390 2052 3456 Egypt,

23 3471 27 3514 ἱ
78 3470 145 3536 by
187 3473 378 3539 George
418 3475 554 3525 Lord
589 3475 830 3542 Valentia,
888 3476 1046 3526 Lond.
1079 3477 1230 3526 4809.
1285 3475 1391 3523 Vol.
1427 3474 1493 3522 III
1529 3490 1578 3540 p.
1612 3474 1711 3523 ⁴92
1734 3489 1842 3541 sqq.
1917 3477 2055 3526 'ritu-

24 3559 28 3617 ᾖ,
79 3555 196 3624 lum,
251 3562 547 3626 priusquam
592 3564 729 3611 totus
781 3562 992 3612 Cosmae
1046 3563 1171 3611 liber
1215 3562 1351 3626 typis
1399 3561 1783 3628 exscriberetur,
1835 3577 1900 3611 ex
1949 3563 2055 3612 eius

26 3627 29 3666 '¹
82 3643 247 3694 codice
283 3647 523 3696 Vaticano
561 3650 835 3713 separatim
872 3649 1026 3699 edidit
1062 3649 1163 3696 Leo
1201 3647 1424 3712 Allatius,
1468 3647 1742 3696 Ptolemaei
1780 3648 2055 3711 Euergetae

1656 3743 1710 3787 6*
