2314 3970
261 210 289 257 4
299 208 364 257 56
898 201 947 240 V.
994 201 1194 251 Regnum
1227 200 1537 241 Attalidarum.
2076 203 2232 255 [280.-

258 390 404 432 neque
450 379 550 418 ante
596 388 633 416 a.
673 378 754 416 228
792 386 829 415 a.
869 374 969 415 Chr.
1006 386 1048 415 n.
1094 385 1241 427 neque
1288 374 1431 415 multo
1477 376 1582 428 post
1624 387 1730 416 eum
1767 378 2081 417 consecratum
2122 388 2233 419 esse.

260 455 284 491 2
324 449 536 490 Eiusdem
568 447 701 487 aliam
734 446 1066 487 dedicationem
1098 446 1308 487 versibus
1349 448 1651 500 compositam
1692 459 1747 489 ex
1786 448 1933 501 lapide
1964 449 2237 501 Pergameno

258 522 326 563 ed.
358 518 542 561 Frankel
572 518 758 559 Alterth.
782 530 823 559 v.
847 519 1096 570 Pergamon
1117 517 1228 570 VIII,
1252 521 1267 558 4
1308 529 1351 571 p.
1378 520 1427 558 30
1462 531 1503 559 n.
1529 522 1595 571 30,
1626 519 1706 560 ubi
1727 532 1769 561 v.
1789 524 1809 559 3
1843 521 2034 573 legimus
2067 519 2237 576 βασιλεῦ

257 592 381 651 χάριν
402 587 588 642 Ἄτταλε,
620 602 662 630 v.
683 592 704 630 4
738 589 915 645 [σαφ]ὦς
948 588 1088 631 οἴδατε
1117 588 1164 630 τὸ
1182 583 1471 647 Ἐπιγένευ[ς].
1524 591 1632 632 Tam
1655 594 1786 633 acuta
1816 605 1954 646 quam
1985 593 2237 646 probabilis

258 667 326 705 est
363 663 571 704 Koehleri
609 663 882 716 coniectura,
927 662 1122 703 eundem
1163 662 1285 703 hunc
1322 673 1422 703 esse
1468 674 1605 715 quem
1648 664 1865 718 Polybius
1911 667 2241 707 commemoret

257 737 309 789 V,
339 737 407 788 44,
442 737 488 775 4:
532 731 712 779 μάλιστα
750 728 782 774 δ’
814 732 988 775 ἔσπευδε
1033 731 1105 775 ’καὶ
1145 731 1239 795 περὶ
1283 732 1439 780 παντὸς
1471 732 1654 776 ἐποιεῖτο
1701 735 1932 789 (Hermias)
1980 734 2238 792 βουλόμενος

258 803 538 848 ἐπανελέσθαι
558 804 630 847 τὸν
654 803 976 861 ἀποκομίσαντα
996 803 1071 852 τὰς
1094 803 1294 861 δυνάμεις
1313 803 1389 852 τὰς
1412 801 1612 862 Σελεύκῳ
1645 807 1720 859 (sc.
1743 808 1928 850 Seleuco
1951 809 2010 849 111
2031 810 2178 850 Soteri
2199 821 2237 850 a.

258 882 339 919 223
373 891 411 920 a.
443 878 543 920 Chr.
573 877 630 930 n.)
675 874 1007 928 συνεξελθούσας
1033 871 1279 934 Ἐπιγένην,
1319 875 1391 918 διὰ
1429 876 1477 919 τὸ
1518 875 1696 934 θεωρεῖν
1736 879 1806 921 τὸν
1837 877 1971 938 ἄνδρα
1999 877 2136 937 λέγειν
2165 879 2239 922 καὶ

256 949 449 1007 πράττειν
483 947 717 1004 δυνάμενον
747 948 821 992 ’καὶ
852 947 1042 1007 μεγάλης
1065 946 1287 1007 ἀποδοχῆς
1317 946 1562 1006 ἀξιούμενον
1585 949 1700 1006 παρὰ
1719 955 1813 998 ταῖς
1834 950 2075 1007 δυνάμεσιν.
2124 952 2238 994 Nam

256 1035 363 1064 eum
393 1023 701 1076 quinquennio
734 1024 848 1076 ante,
881 1034 1020 1075 quam
1042 1022 1215 1062 Seleuci
1237 1022 1294 1062 III
1326 1022 1464 1063 occisi
1493 1024 1742 1064 exercitum
1774 1025 1848 1065 cui
1877 1027 2086 1077 praeerat
2115 1024 2241 1066 fratri

254 1095 376 1136 illius
420 1094 644 1135 Antiocho
685 1095 744 1134 III
788 1095 1095 1147 conservaret,
1141 1093 1307 1135 ducem
1349 1094 1588 1147 copiarum
1632 1095 1768 1136 Attali
1808 1097 1826 1136 I
1871 1107 1975 1137 cum
2020 1096 2240 1138 Antiocho

256 1167 442 1208 Hierace
472 1166 679 1208 bellantis
711 1166 849 1208 fuisse
881 1167 990 1207 nihil
1031 1165 1168 1207 habet
1208 1165 1527 1219 improbabile.
1589 1167 1719 1215 Quod
1756 1179 1868 1209 vero
1909 1168 2099 1210 Koehler
2135 1180 2240 1222 pro-

256 1239 392 1280 bante
432 1239 478 1280 B.
500 1238 653 1280 Niesio
693 1238 851 1279 Gesch.
891 1238 971 1279 der
1008 1249 1071 1291 gr.
1114 1249 1158 1279 u.
1200 1238 1376 1280 maked.
1417 1239 1596 1280 Staaten
1635 1240 1672 1279 ΙΙ
1710 1250 1753 1292 p.
1778 1242 1857 1280 457
1898 1242 1990 1281 not.
2015 1245 2038 1282 6
2082 1242 2243 1282 statuit

256 1312 500 1365 Epigenem
530 1311 577 1351 in
605 1311 833 1364 praetorio
863 1310 1002 1352 Attali
1033 1311 1178 1352 missu
1207 1311 1381 1352 Seleuci
1411 1311 1448 1351 11
1489 1311 1553 1352 illi
1583 1311 1700 1352 bello
1741 1311 2012 1366 interfuisse,
2052 1313 2098 1354 id
2129 1314 2240 1355 mihi

257 1396 347 1425 non
377 1384 521 1436 magis
551 1384 701 1436 placet
731 1394 870 1436 quam
900 1381 1146 1425 Frankelio.
1206 1382 1320 1425 Nam
1350 1384 1553 1436 primum
1584 1384 1770 1437 quidem
1802 1385 1857 1426 de
1889 1386 2102 1427 societate
2132 1385 2240 1427 belli

256 1457 374 1497 inter
401 1455 602 1497 Attalum
633 1458 679 1496 et
699 1456 937 1496 Seleucum
968 1455 1079 1496 nihil
1109 1455 1330 1496 traditum
1360 1458 1442 1510 est,
1471 1467 1618 1509 neque
1646 1456 1883 1510 probabile
1913 1459 1982 1499 est
2003 1458 2240 1500 Seleucum

255 1529 328 1570 vel
358 1529 405 1569 in
436 1529 656 1570 acerrima
687 1528 971 1569 dissensione
1001 1539 1106 1569 cum
1138 1527 1275 1568 fratre
1306 1539 1412 1568 eum
1440 1528 1704 1570 adiuturum
1726 1529 1878 1583 fuisse,
1910 1531 1990 1583 qui
2020 1532 2118 1572 tota
2135 1531 2242 1573 Asia

257 1601 322 1642 cis
353 1601 552 1642 Taurum
584 1600 671 1642 sita
700 1599 956 1642 Seleucidas
977 1600 1161 1653 privare
1182 1602 1435 1642 conaretur.
1485 1601 1656 1643 Deinde
1677 1612 1787 1643 vero
1809 1603 2061 1656 principem
2088 1603 2240 1645 locum

254 1674 302 1714 in
333 1673 559 1714 eiusmodi
590 1672 872 1714 dedicatione
903 1673 999 1714 sine
1029 1672 1168 1714 dubio
1205 1674 1359 1714 tenere
1389 1672 1584 1715 debebat
1614 1684 1824 1715 summus
1854 1675 2052 1716 militum
2083 1676 2242 1728 Perga-

256 1756 497 1786 menorum
538 1745 645 1798 dux,
691 1756 829 1798 quem
870 1745 1104 1798 excipiunt
1135 1744 1346 1786 ordinum
1377 1745 1587 1788 ductores
1619 1747 1664 1788 et
1700 1747 1867 1788 milites
1912 1749 2116 1800 gregarii.
2177 1748 2239 1792 Cf.

257 1829 299 1860 n.
330 1821 427 1871 266,
458 1820 532 1859 2οζ
573 1813 828 1875 Παράμονος
865 1815 939 1858 ’καὶ
979 1815 1020 1858 οἱ
1059 1814 1269 1875 ἡγεμόνες
1305 1815 1377 1859 καὶ
1417 1817 1459 1860 οἱ
1498 1812 1563 1876 ὑφ’
1589 1815 1744 1864 αὖτοὺς
1785 1825 2043 1876 στρατιῶται.
2094 1833 2137 1862 v.
2169 1824 2237 1863 2⁴:

255 1886 480 1936 Πολύλαος
499 1887 575 1931 ’καὶ
599 1887 639 1930 οἱ
669 1883 735 1946 ὑφ’
753 1886 878 1930 αὑτὸν
902 1886 1111 1945 ἡγεμόνες
1136 1886 1209 1930 ’καὶ
1234 1889 1524 1948 στ[ρατ]ιῶται.
1575 1890 1776 1944 Apparet
1795 1891 1934 1944 igitur
1960 1892 2077 1934 intra
2098 1904 2238 1935 annos

258 1965 340 2003 228
372 1963 417 2002 et
449 1964 529 2002 223
563 1973 601 2003 a.
624 1961 725 2002 Chr.
748 1973 790 2002 n.
822 1961 1050 2014 Epigenen
1081 1961 1289 2002 militiam
1319 1964 1536 2016 mutasse,
1579 1974 1697 2015 quae
1726 1975 1800 2005 res
1831 1965 1877 2004 in
1908 1966 2239 2007 mercennario·
2308 1999 2314 2019 .‚

257 2046 359 2074 rum
392 2034 586 2075 ducibus
617 2033 692 2075 illa
723 2035 868 2075 aetate
898 2034 1165 2086 neutiquam
1196 2045 1299 2075 rara
1329 2033 1426 2076 fuit.
1488 2034 1550 2075 Cf.
1581 2046 1623 2076 n.
1649 2035 1771 2077 2301.
1920 2041 1941 2076 3
1985 2037 2047 2079 Cf.
2079 2050 2120 2078 n.
2146 2037 2239 2080 693.
2310 2065 2314 2068 -

258 2105 381 2147 4455.
412 2104 556 2147 26622.
705 2108 728 2146 4
774 2105 835 2147 Cf.
867 2117 909 2147 n.
933 2108 1030 2147 274.
1053 2107 1150 2146 274.
1174 2108 1271 2147 275.
1295 2109 1392 2147 278.
1417 2109 1498 2147 279
1532 2117 1637 2148 cum
1667 2108 1801 2148 notis.
1953 2112 1977 2150 5
2017 2109 2239 2151 Pluralem
2312 2129 2314 2134 ’

254 2176 511 2236 χαριστήρια
541 2179 586 2219 et
615 2190 658 2219 v.
686 2181 708 2217 6
740 2175 842 2235 ἔργα
872 2178 1134 2219 Frankelius
1165 2178 1351 2231 quidem
1381 2190 1434 2220 eo
1465 2178 1613 2232 refert,
1647 2180 1770 2233 quod
1799 2180 1977 2222 Attalus
2005 2192 2111 2222 cum
2141 2182 2240 2224 aliis

256 2261 462 2304 pugnans
493 2252 859 2304 repraesentatus
881 2250 1027 2291 fuerit.
1078 2250 1135 2291 At
1165 2261 1217 2292 ea
1245 2262 1296 2291 re
1316 2251 1548 2304 quomodo
1581 2252 1770 2305 pluralis
1801 2253 1859 2294 ad
1878 2253 2052 2295 nudum
2073 2265 2241 2297 nomen

260 2319 438 2378 βασιλέα
465 2317 665 2365 Ἄτταλον
706 2322 875 2364 relatus
915 2325 1162 2364 excusetur
1192 2334 1282 2364 non
1311 2323 1458 2364 video.
1518 2324 1665 2366 Immo
1697 2325 1974 2366 monendum
2003 2328 2086 2380 est,
2121 2328 2242 2368 eius-

257 2395 382 2436 modi
413 2394 699 2436 substantiva
727 2395 850 2436 haud
880 2406 983 2436 raro
1015 2395 1150 2436 etiam
1190 2395 1271 2436 ubi
1301 2394 1357 2436 de
1387 2396 1575 2448 singulis
1609 2395 1747 2438 rebus
1781 2400 2062 2451 usurpentur
2091 2399 2243 2452 plura-

257 2467 347 2508 lem
378 2478 620 2508 numerum
641 2467 820 2509 habere.
873 2467 934 2510 Cf.
957 2466 1088 2521 Syll.2
1109 2471 1206 2522 586,
1230 2470 1304 2510 37:
1340 2465 1546 2524 στέφανος
1568 2465 1731 2511 θαλλοῦ
1752 2473 1950 2529 χρυσοῦς,
1981 2469 2027 2512 ὃν
2057 2468 2088 2527 ἡ
2119 2469 2242 2518 πόλις

257 2537 459 2595 ἀνέθηκε,
489 2536 543 2581 τὰ
572 2538 796 2598 νικητήρια
825 2542 899 2581 τοῦ
920 2537 1181 2596 κιθαρῳδοῦ.
1234 2540 1332 2589 Qua
1360 2541 1655 2583 similitudine
1683 2541 1939 2601 χαριστήρια
1968 2545 2091 2585 certe
2109 2543 2243 2597 plane

259 2611 526 2665 defenditur,
567 2612 789 2665 pluralem
821 2610 924 2669 ἔργα
954 2613 1021 2653 sic
1049 2614 1324 2666 usurpatum
1355 2624 1464 2654 sane
1492 2614 1833 2656 insolentiorem
1864 2626 1964 2657 esse
1995 2616 2242 2658 conceden-

259 2683 369 2724 dum
399 2685 481 2724 est.
630 2687 653 2723 6
694 2684 846 2725 Priore
876 2695 1039 2726 versus
1069 2686 1198 2738 parte
1227 2685 1475 2738 Peyssonel
1509 2687 1634 2730 ΕΣΤΙ
1667 2687 1874 2741 exhihet;
1909 2688 2000 2729 iam
2031 2699 2138 2729 cum
2168 2688 2242 2729 ille

256 2756 375 2796 inter
394 2756 516 2796 hunc
546 2757 591 2796 et
620 2767 663 2797 v.
688 2758 711 2796 4
746 2757 1061 2799 ΚΑΙΑΝΤΙΟΧ
1092 2756 1269 2798 nullum
1290 2757 1459 2799 indicet
1478 2758 1783 2814 intervallum,
1814 2760 2067 2802 Boeckhius
2097 2761 2243 2813 quinti

258 2838 420 2869 versus
455 2828 637 2869 initium
674 2827 787 2869 illud
824 2838 924 2869 esse
962 2830 1089 2870 ratus
1127 2825 1369 2884 ἕστ(η)[σαν]
1409 2826 1479 2872 Διὶ
1517 2825 1691 2887 Ἀθηνᾶι
1730 2832 1942 2874 restituit.
2000 2832 2058 2874 At
2095 2844 2242 2886 neque

257 2911 457 2953 usquam
497 2901 615 2941 inter
653 2912 684 2942 a
714 2902 760 2941 et
787 2897 813 2941 b
855 2901 1103 2954 quicquam
1141 2901 1393 2954 scripturae
1431 2903 1676 2957 intercidit,
1722 2906 1767 2945 et
1808 2904 1885 2946 illo
1925 2905 2241 2958 supplemento

259 2973 527 3026 symmetria
548 2983 768 3014 versuum
800 2974 1034 3025 praeterea
1063 2972 1236 3026 ubique
1265 2974 1475 3027 religiose
1505 2977 1773 3018 conservata
1803 2977 1987 3018 omnino
2008 2978 2240 3019 evertitur.

260 3045 406 3093 Quare
435 3044 665 3086 Fabricius
698 3044 819 3097 apud
845 3045 1129 3086 Frankelium
1159 3047 1404 3100 perspexit,
1436 3048 1552 3088 sexti
1583 3049 1739 3101 potius
1760 3059 1922 3090 versus
1942 3049 2033 3090 hoc
2061 3049 2242 3090 initium

258 3128 358 3159 esse
388 3117 478 3159 levi
507 3128 662 3158 errore
693 3118 815 3159 ΕΣΤΙ
850 3128 934 3170 pro
967 3119 1050 3159 ΙΞΠΙ
1083 3117 1314 3159 infectum.
1372 3119 1628 3173 Epigonum
1659 3122 1930 3162 statuarium
1961 3132 2241 3162 commemo-

259 3191 330 3230 rat
360 3189 529 3230 Plinius
559 3188 611 3231 N.
633 3189 677 3230 h.
706 3189 863 3242 XXIV,
888 3192 960 3230 88:
999 3186 1236 3244 Epigonus
1273 3189 1434 3234 omnia
1469 3189 1562 3246 fere
1591 3190 1830 3247 praedicta
1865 3190 2077 3235 imitatus
2106 3205 2242 3248 prae-

260 3257 390 3303 cessit
437 3258 492 3302 in
538 3258 737 3303 tubic‘ehie
793 3263 834 3303 et
880 3259 1027 3303 matri
1072 3258 1331 3315 interfectae
1378 3261 1559 3318 infame
1605 3262 1927 3307 miserabiliter
1975 3262 2240 3308 blandiente.
2300 3252 2302 3301 Ᾰ

258 3332 508 3385 Utrumque
539 3344 655 3386 opus
685 3333 803 3374 inter
834 3333 1022 3374 artificia
1052 3333 1111 3374 ob
1141 3334 1358 3376 victorias
1390 3336 1579 3378 Gallicas
1610 3336 1816 3378 dedicata
1844 3336 1997 3390 fuisse,
2033 3339 2078 3378 et
2107 3338 2243 3378 huius
2299 3334 2301 3367 ἒ

261 3403 447 3456 quidem
477 3405 754 3447 imitationes
786 3417 906 3447 nune
935 3406 1071 3447 etiam
1102 3407 1280 3447 exstare
1301 3407 1601 3460 probabiliter
1623 3408 1825 3462 disputat
1853 3408 2063 3450 Reinach.
2114 3410 2242 3451 Prae·
2300 3405 2301 3409 ’

259 3476 329 3515 ter
358 3477 483 3517 hunc
513 3477 708 3530 lapidem
739 3479 784 3518 et
813 3490 859 3519 n.
879 3477 1004 3532 2747,
1044 3476 1126 3518 ubi
1157 3488 1265 3519 sane
1294 3481 1558 3522 coniectura
1597 3492 1689 3522 non
1720 3481 1777 3522 ab
1808 3481 1932 3522 omni
1963 3482 2091 3534 parte
2121 3482 2242 3522 certa
2298 3494 2299 3543 ζ

260 3548 515 3599 repositum
545 3550 616 3590 est
645 3550 742 3590 eius
763 3561 942 3604 nomen,
975 3551 1231 3603 signaturae
1251 3550 1443 3604 Epigoni
1464 3554 1659 3594 aetatem
1681 3553 1883 3594 tulerunt
1903 3554 2108 3606 Pergami
2129 3555 2239 3594 tres:
2297 3550 2299 3553 ’

260 3617 446 3660 Alterth.
469 3632 512 3662 v.
534 3621 657 3673 Perg.
679 3621 790 3675 VIII,
813 3625 829 3661 4
870 3633 912 3675 p.
939 3626 987 3662 40
1022 3634 1064 3663 n.
1087 3625 1164 3663 42ι
1204 3618 1424 3680 Ἐπίγονος
1458 3622 1464 3679 Ι
1499 3623 1710 3680 ἐποίησεν.
1757 3636 1801 3678 p.
1826 3628 1869 3664 34
1910 3636 1951 3666 n.
1977 3628 2042 3666 3⁴:
2070 3619 2238 3680 Ἐπίγο-
2295 3620 2298 3665 ἑ

260 3703 330 3736 νος
377 3688 586 3747 ἐποίησεν.
638 3704 681 3746 p.
706 3696 757 3733 32
799 3705 841 3734 n.
873 3696 947 3735 32:
988 3687 1209 3750 Ἐπίγονος
1242 3692 1450 3752 ἐποίησεν.
1511 3697 1710 3749 Apparet
1749 3697 1887 3749 igitur
1924 3697 2113 3738 eximias
2143 3697 2238 3737 eius
2294 3701 2297 3753 ‚¹
