2314 3970
262 199 363 249 112
946 198 993 237 lI.
1040 198 1239 249 Regnum
1271 196 1552 248 Lagidarum.
2102 196 2231 249 [58—

258 370 343 412 Sed
380 371 490 423 quid
527 370 685 411 attinet
723 369 768 408 in
808 379 856 408 re
896 380 1034 420 quam
1080 370 1204 409 totus
1241 369 1444 421 populus
1487 369 1700 421 decrevit,
1746 369 1910 410 addere
1947 370 2082 409 etiam
2124 369 2234 410 alios

257 444 435 495 praeter
464 443 722 493 rogatorem
756 450 855 480 eam
885 437 1134 492 probasse?
1282 443 1304 479 '7
1345 440 1573 493 supplevi.
1625 440 1842 481 lubentur
1871 441 2009 492 igitur
2039 440 2236 481 civitatis

257 514 545 566 magistratus
576 523 665 552 una
696 522 802 551 cum
833 522 885 552 eo
918 512 997 563 qui
1029 511 1083 551 ad
1115 511 1337 564 populum
1369 512 1474 552 tulit
1503 512 1735 553 decretum
1763 512 2051 553 incidendum
2075 512 2236 553 locare.

257 586 439 627 Moleste
480 595 585 625 sane
622 582 798 634 accidit,
836 583 958 635 quod
999 583 1258 624 subiectum
1302 583 1430 624 verbi
1467 581 1707 640 ἀναγράψαι
1736 607 1793 613 -
1825 582 2100 640 συνεγδόντας
2131 594 2237 624 nus-

256 669 392 710 quam
424 656 602 697 definite
633 655 905 695 enuntiatur.
968 655 1054 696 Sed
1091 656 1179 696 hoc
1217 655 1400 708 quidem
1442 655 1797 708 incommodum,
1838 658 1942 697 utut
1980 657 2236 707 postremos

257 738 416 770 versus
448 727 745 780 suppleveris,
787 727 932 768 vitare
978 727 1100 768 nullo
1146 727 1282 768 modo
1328 728 1512 780 poteris.
1669 732 1691 767 8
1731 728 1824 769 Hoc
1869 728 2237 780 supplementum

255 811 408 842 meum
437 799 790 840 incertissimum
825 809 924 840 esse
955 811 1044 840 non
1076 802 1145 840 est
1175 800 1297 852 quod
1330 800 1489 841 dicam.
1536 799 1583 840 In
1606 799 1772 840 Hicksii
1793 799 1999 852 exemplo
2021 799 2132 840 nihil
2154 799 2239 839 nisi

255 873 296 913 Ω
325 873 406 912 est.
555 875 579 911 9
621 870 858 924 Supplevit
887 870 1036 912 Hicks.
1098 871 1160 913 Cf.
1191 873 1284 912 not.
1307 875 1343 912 6.

363 1126 438 1181 59
488 1130 624 1181 Stela
669 1132 939 1182 marmoris
986 1131 1110 1194 albi3
1163 1131 1214 1180 in
1260 1131 1522 1197 superiore
1567 1130 1783 1197 planicie
1829 1130 1999 1180 media
2037 1133 2240 1179 exstant

251 1217 494 1283 'reliquiae
539 1215 725 1267 fibulae
772 1217 981 1268 ferreae.
1053 1217 1193 1267 Infra
1235 1218 1438 1267 titulum
1486 1217 1594 1267 aliis
1655 1217 1889 1266 manibus
1940 1216 2096 1266 incisa
2137 1215 2235 1264 ⁴25

254 1304 469 1353 militum
514 1304 735 1367 nomina,
788 1318 918 1369 quae
962 1304 1256 1364 omittimus.
1322 1304 1378 1352 In
1422 1303 1664 1354 lateribus
1711 1304 1891 1353 dextro
1940 1307 1990 1352 et
2035 1302 2237 1352 sinistro

254 1390 380 1440 alius
441 1390 658 1439 militum
712 1390 882 1456 index,
938 1405 1098 1440 unum
1152 1404 1338 1440 nomen
1404 1391 1456 1439 in
1511 1389 1726 1456 planicie
1782 1389 2059 1455 superiore.
2147 1388 2236 1437 Ed.

254 1475 307 1524 F.
336 1475 492 1524 Hiller
516 1489 619 1524 von
645 1474 948 1540 Gartringen
986 1462 1038 1524 in
1077 1475 1403 1542 ephemeride
1435 1475 1804 1525 hebdomadari
1843 1471 2117 1542 Σαντορίνη
2156 1471 2235 1540 ἀρ.

256 1558 374 1627 447,
408 1561 488 1610 Μ.
531 1554 741 1611 Ἰουλίου
784 1561 920 1610 4896
961 1558 1140 1628 (Mitth.
1172 1561 1261 1611 des
1299 1561 1438 1611 arch.
1473 1562 1592 1610 Inst.
1623 1561 1675 1609 in
1714 1559 1879 1610 Athen
1903 1560 2018 1608 XXI
2043 1574 2092 1624 p.
2116 1555 2238 1626 258)

254 1651 303 1697 et
342 1662 455 1697 cum
493 1647 586 1697 illis
624 1648 887 1697 nominum
913 1648 1161 1698 indicibus
1199 1647 1353 1697 Inscr.
1384 1646 1468 1698 Gr.
1496 1662 1622 1696 mar.
1651 1647 1770 1710 Aeg.
1800 1647 1866 1695 ΙΙΙ
1890 1661 1939 1711 p.
1965 1644 2031 1694 75
2060 1661 2108 1694 n.
2134 1642 2236 1695 327

254 1747 368 1783 cum
405 1733 660 1783 Addendis
684 1749 734 1799 p.
759 1734 879 1783 230.
947 1731 1026 1800 (Μ.
1057 1735 1110 1783 L.
1141 1733 1321 1784 Strack
1356 1733 1545 1783 Archiv
1570 1733 1653 1783 fiir
1677 1731 2190 1798 Papyrusforschung
2217 1731 2239 1778 1

257 1820 393 1869 4900
433 1836 482 1885 p.
515 1820 615 1870 204
657 1835 705 1870 n.
739 1817 840 1883 ⁴3.)
905 1819 977 1869 Cf.
1031 1834 1161 1885 quae
1208 1821 1444 1886 exposuit
1488 1820 1543 1870 B.
1570 1819 1916 1869 Haussoullier
1964 1818 2138 1867 Revue
2177 1817 2237 1866 de

252 1905 526 1971 philologie
562 1905 698 1954 XXV
735 1902 912 1974 (⁴90⁴)
949 1921 999 1972 p.
1030 1906 1098 1956 28
1120 1921 1194 1972 sq.

398 2044 650 2106 Βασιλεὺς
696 2045 1048 2116 Πτολεμαῖος1
1097 2046 1102 2116 Ι
1147 2043 1513 2100 Ἀπολλωνίων,2
1560 2046 1782 2117 χαίρειν·
1831 2042 2181 2114 ἐκομισάμεθα
2227 2043 2234 2114 Ι

371 2221 564 2261 Litterae
594 2221 801 2273 volgares
831 2222 1012 2273 praeter
1042 2222 1139 2262 ΛΠ.
1201 2220 1364 2262 Hastae
1395 2222 1623 2262 extremae
1654 2219 1832 2260 lineolis
1863 2219 2135 2260 transversis
2167 2229 2238 2258 or-

256 2294 398 2334 natae.
549 2297 563 2331 ⁴
611 2292 923 2333 Ptolemaeum
953 2292 1009 2332 III
1041 2292 1309 2345 Euergetam
1342 2293 1576 2345 (247-224
1608 2304 1646 2333 a.
1670 2292 1786 2343 Chr.)
1818 2291 2082 2343 intellegunt
2102 2289 2239 2330 Hiller

255 2366 300 2404 et
338 2364 493 2405 Strack
538 2375 643 2404 cum
688 2365 879 2417 propter
924 2363 1228 2405 litteraturam
1274 2366 1372 2405 tum
1411 2365 1517 2416 quia
1559 2365 1624 2404 sic
1665 2364 1902 2416 responsio
1943 2364 2059 2403 inter
2099 2361 2236 2402 fastos

254 2435 565 2491 Macedonicos
606 2437 652 2475 et
681 2436 931 2488 Aegyptios
970 2435 1037 2487 (cf.
1076 2438 1170 2477 not.
1196 2436 1234 2487 7)
1283 2436 1455 2488 optime
1492 2435 1772 2488 expediatur.
1832 2435 1890 2475 At
1920 2434 1954 2474 J.
1977 2434 2020 2474 P.
2043 2431 2239 2485 Mahaffy

256 2507 439 2559 History
478 2506 526 2547 of
560 2507 709 2559 Egypt
746 2507 817 2547 IV.
882 2506 974 2547 The
1014 2507 1260 2548 Ptolemaie
1298 2507 1496 2560 dynasty
1536 2518 1579 2560 p.
1622 2510 1672 2548 60
1728 2507 1819 2547 not.
1860 2509 1876 2545 4
1932 2505 2187 2546 Ptolemaeo
2219 2505 2237 2543 I

256 2579 361 2630 Lagi
391 2578 417 2618 f.
453 2579 695 2630 (306—285
718 2590 755 2618 a.
780 2578 895 2629 Chr.)
929 2579 1172 2631 epistulam
1204 2579 1416 2632 vindIcat‚
1448 2580 1556 2632 quia
1586 2580 1702 2619 inter
1731 2580 1799 2618 tot
1829 2578 2026 2618 militum
2056 2577 2238 2618 nomina

255 2645 525 2703 Πτολεμαῖος
556 2660 645 2690 non
677 2651 937 2701 compareat
967 2650 1054 2690 nisi
1085 2651 1237 2691 semel.
1298 2650 1355 2691 At
1384 2651 1491 2690 huic
1522 2651 1587 2691 rei
1617 2661 1793 2703 nequeo
1825 2650 2002 2690 tantum
2023 2647 2236 2700 tribuere,

254 2721 523 2774 praesertim
554 2721 660 2772 quia
690 2721 841 2761 nescio
873 2732 929 2761 an
967 2721 1014 2761 hi
1053 2721 1219 2762 milites
1261 2723 1558 2762 mercennarii
1597 2722 1688 2762 sint
1728 2720 1930 2773 undique
1969 2731 2023 2760 ex
2055 2719 2238 2760 Graecia

256 2792 480 2844 conducti,
521 2791 601 2832 ubi
642 2792 884 2833 Ptolemaei
922 2803 1087 2833 nomen
1128 2793 1199 2833 vel
1238 2793 1484 2844 Euergetae
1522 2794 1730 2845 tempore
1767 2792 2061 2844 perfrequens
2102 2790 2239 2832 fuisse

255 2875 344 2905 non
385 2865 454 2904 est
491 2863 615 2916 quod
656 2865 923 2904 statuamus.
986 2865 1219 2905 Praeterea
1259 2865 1314 2905 M.
1337 2865 1577 2918 Smylyum
1617 2875 1672 2904 ex
1703 2865 1803 2916 ipsa
1843 2863 2013 2916 duplici
2044 2863 2131 2904 diei
2163 2862 2239 2903 de-

254 2935 458 2976 finitione
489 2935 592 2987 (not.
617 2935 655 2986 7)
688 2936 733 2975 in
765 2936 1145 2976 commentatione
1175 2936 1378 2976 nondum
1408 2936 1527 2976 edita
1557 2935 1776 2988 probasse
1805 2934 1926 2987 dicit,
1958 2932 2238 2975 Ptolemaeil

253 3018 392 3059 regno
423 3007 535 3047 haec
566 3008 734 3059 scripta
765 3017 876 3048 esse.
937 3008 1098 3060 Utique
1127 3007 1303 3048 litterae
1343 3010 1378 3048 Α
1421 3019 1509 3048 non
1548 3007 1593 3047 in
1634 3007 1791 3047 ornata
1834 3006 2237 3047 monumentorum

255 3079 492 3131 scriptura,
549 3078 628 3119 sed
673 3079 718 3119 in
773 3079 1003 3119 eiusmodi
1056 3078 1332 3120 documento
1389 3079 1648 3119 constanter
1693 3079 1915 3130 usurpata
1961 3076 2072 3116 mihi
2119 3074 2239 3115 tertii

256 3151 409 3203 potius
450 3161 587 3203 quam
618 3150 756 3203 primi
793 3150 911 3202 regis
951 3151 1086 3191 aetati
1125 3150 1366 3191 convenire
1407 3150 1598 3191 videtur.
1748 3152 1772 3189 2
1811 3150 1861 3189 In
1901 3149 2039 3189 latere
2077 3146 2238 3200 lapidis

256 3224 360 3274 post
391 3223 501 3262 haec
530 3221 691 3263 verba:
737 3217 838 3264 Οἵδε
875 3219 1122 3276 εἰσήνενκαν
1152 3219 1229 3276 τὴν
1267 3219 1496 3277 γενομένην
1531 3218 1537 3276 Ι
1572 3218 1764 3276 δαπάνην
1804 3218 1864 3266 εἰς
1901 3219 1978 3275 τὴν
2011 3216 2236 3274 ἐπισκευὴν

255 3296 330 3334 τοῦ
364 3291 370 3347 Ι
404 3291 650 3349 γυμνασίου,
687 3291 762 3339 τὰς
802 3281 856 3339 ις’
886 3295 932 3346 Ρ,
977 3291 1059 3334 ἀπὸ
1095 3295 1170 3334 τοῦ
1211 3280 1268 3347 ιη’
1292 3294 1322 3332 Ι.
1355 3289 1362 3346 Ι
1397 3289 1477 3338 ἕως
1515 3295 1588 3334 τοῦ
1626 3281 1695 3348 ἰβ’
1724 3295 1755 3334 l.
1786 3292 1872 3332 tria
1908 3291 2093 3332 nomina
2131 3299 2235 3330 cum

257 3365 586 3416 patronymicis
631 3359 910 3410 Ἀπολλώνιος
960 3358 1187 3421 Κοιράνου,
1222 3360 1228 3418 Ι
1262 3360 1523 3420 Δικαίαρχος
1567 3358 1889 3415 Ἀπολλωνίδου,
1925 3358 1932 3416 Ι
1967 3358 2235 3415 Σωσίπατρος

256 3430 491 3490 Ἀμμωνίου
533 3447 615 3488 per
655 3438 797 3477 totam
835 3436 997 3489 lapidis
1034 3435 1320 3477 latitudinem
1352 3436 1521 3487 scripta
1553 3437 1671 3489 sunt,
1711 3433 1870 3476 deinde
1907 3444 1990 3486 per
2020 3433 2132 3474 duas
2162 3443 2236 3473 co-

255 3505 432 3546 lumnas
474 3506 693 3558 disposita
731 3509 985 3559 sequuntur
1015 3507 1295 3559 reliquorum
1327 3506 1522 3546 militum
1562 3507 1757 3559 nomina,
1795 3506 2009 3558 paternae
2050 3502 2232 3560 originis

258 3576 579 3628 significatione
617 3579 782 3630 partim
816 3579 946 3630 plane
987 3579 1155 3620 omissa
1193 3578 1359 3631 partim
1397 3588 1480 3629 per
1517 3577 1839 3630 compendium
1880 3575 2085 3616 indicata.
2147 3572 2231 3621 Qui
2313 3612 2314 3628 Ι

258 3649 508 3701 scripturae
540 3649 649 3689 ordo
682 3650 846 3690 indicio
877 3652 957 3703 est,
989 3651 1089 3691 illos
1120 3653 1211 3690 tres
1239 3649 1446 3690 homines
1469 3648 1607 3689 duces
1628 3660 1738 3701 esse,
1771 3648 1968 3699 reliquos
1990 3645 2214 3697 gregar10s
