2314 3970
248 163 355 213 504
921 157 967 198 V.
1015 158 1213 209 Regnum
1246 157 1557 199 Attalidarum.
2065 160 2221 211 [328.-

338 418 361 457 2
387 400 443 456 ‘J
484 404 639 471 δῆμος
676 400 990 470 ἐτ[ίμησεν]5.
1217 327 1247 380 b

1217 503 1244 539 0

336 589 359 628 3
389 570 750 645 [Αὐτοκράτωρ
791 569 995 643 Καῖσαρ
1033 572 1156 626 θεοῦ
1204 571 1308 632 υἱὸς
1346 571 1648 644 Σεβα]στὸς6
1686 574 2094 646 ἀποκαθέστησεν
2112 579 2144 628 ⁷.

246 736 479 788 victoriae,
521 733 600 775 sed
638 744 791 774 rerum
822 743 905 785 per
945 733 1122 785 longius
1164 734 1346 785 tempus
1385 744 1409 773 a
1448 743 1551 785 rege
1590 734 1779 786 eiusque
1816 734 2090 776 exercitibus
2122 747 2225 789 pro-

246 819 376 861 spere
407 809 637 859 gestarum
669 807 1016 846 monumentum
1049 805 1136 845 hoc
1175 815 1274 845 esse
1316 816 1421 845 cum
1453 806 1552 858 ipsa
1588 806 1707 846 tituli
1737 806 1889 860 verba,
1931 809 2027 848 tum
2070 808 2226 848 slmili-
2310 838 2312 843 .

245 879 356 921 tudo
379 878 688 931 inscriptionis
710 889 751 918 n.
776 880 873 930 273,
901 888 1018 929 quae
1039 877 1320 929 singulorum
1344 878 1645 918 certaminum
1668 880 1945 920 mentionem
1967 880 2226 921 adiunctam

244 950 440 992 habebat
471 951 526 1001 (n.
550 951 805 1001 274—279),
838 948 1074 1002 probabile
1106 949 1266 990 reddit.
1328 949 1467 997 Quale
1498 960 1613 1002 opus
1645 962 1723 991 rex
1755 950 2043 1004 dedicaverit,
2084 953 2227 993 ambi-

245 1025 376 1076 gitur.
423 1023 491 1063 Ad
521 1024 668 1063 stoam
689 1021 929 1075 Minervae,
961 1022 1132 1074 quippe
1154 1032 1269 1073 quae
1291 1022 1520 1074 antiquior
1539 1021 1687 1075 fuerit,
1720 1022 2051 1064 dedicationem
2073 1025 2227 1066 referri

246 1106 380 1148 posse
412 1097 543 1147 negat
571 1094 770 1136 Frankel.
831 1094 894 1134 Ac
924 1093 1156 1134 Fabricius
1198 1093 1384 1146 quidem
1427 1094 1481 1135 de
1519 1095 1698 1147 pictura
1738 1096 2061 1148 interpretatur
2091 1109 2227 1149 quam
2313 1098 2314 1104 ’

245 1169 577 1209 commemorat
607 1166 851 1208 Pausanias
882 1167 913 1219 I,
932 1168 971 1219 4,
996 1170 1042 1207 6:
1086 1162 1385 1223 Περγαμηνοῖς
1417 1164 1462 1207 δὲ
1495 1164 1581 1208 ἔστι
1613 1165 1688 1221 μὲν
1733 1164 1868 1208 σκῦλα
1896 1165 1978 1210 ἀπὸ
2009 1165 2227 1223 Γαλατῶν,
2308 1167 2314 1212 ἑ,

247 1239 332 1281 ἔστι
363 1237 409 1279 δὲ
440 1237 581 1296 γραφὴ
624 1238 671 1279 τὸ
715 1236 834 1294 ἔργον
874 1236 922 1278 τὸ
960 1237 1066 1293 πρὸς
1099 1233 1292 1284 Γαλάτας
1331 1235 1503 1296 ἔχουσα.
1567 1239 1689 1280 Hanc
1727 1240 1772 1279 in
1813 1241 1983 1292 pariete
2024 1242 2227 1293 porticus
2308 1221 2314 1276 Ξῖ

248 1314 427 1365 pictam,
467 1311 651 1352 titulum
683 1310 829 1351 eidem
862 1310 1024 1362 parieti
1061 1310 1255 1351 incisum
1286 1310 1437 1352 fuisse.
1500 1311 1595 1353 Hoc
1626 1323 1733 1353 vero
1775 1323 1996 1365 perquam
2035 1313 2227 1355 dubium
2313 1316 2314 1342 ³

246 1385 475 1425 existimat
512 1383 699 1424 Frankel
738 1393 791 1423 ac
829 1393 935 1423 sane
974 1380 1178 1422 tabulam
1215 1382 1338 1423 illam
1385 1383 1554 1436 pictam
1596 1384 1730 1425 Attali
1771 1385 1787 1424 1
1829 1388 1907 1426 aut
1944 1385 2159 1428 Eumenis
2191 1389 2226 1427 11

246 1457 399 1510 potius
431 1466 568 1508 regno
601 1454 851 1496 confectam
886 1453 1120 1507 probabile
1151 1454 1347 1496 videtur.
1407 1455 1666 1497 Frankelius
1707 1458 1847 1498 trium
1879 1457 2073 1510 basium,
2112 1471 2228 1511 quae
2311 1455 2313 1505 ξ

246 1529 444 1581 singulas
475 1530 649 1569 statuas
688 1527 999 1579 sustinuerint,
1040 1527 1122 1567 hos
1161 1526 1334 1580 lapides
1372 1527 1511 1568 fuisse
1549 1529 1791 1570 existimat.
1968 1534 1991 1571 5
2030 1531 2230 1583 Apparet

246 1602 366 1642 hunc
406 1600 601 1654 lapidem
642 1601 801 1652 postea
840 1599 914 1640 alii
953 1601 1251 1640 monumento
1291 1600 1568 1652 imponendo
1607 1601 1870 1642 inserviisse
1908 1604 1986 1643 aut
2025 1605 2148 1644 certe
2186 1605 2226 1644 ei
2310 1630 2312 1668 ἱ

246 1674 350 1715 usui
382 1673 656 1714 destinatum
687 1672 839 1713 fuisse.
892 1671 977 1712 Sed
1007 1671 1168 1712 titulus
1191 1682 1351 1713 rursus
1373 1673 1552 1714 excisus
1574 1675 1654 1714 est.
1700 1674 1766 1714 Fr.
1916 1679 1939 1714 6
1979 1676 2229 1728 Imperator
2309 1669 2311 1718 l

247 1746 409 1787 Caesar
428 1746 531 1787 Divi
562 1745 589 1786 f.
620 1745 852 1797 Augustus
885 1744 950 1797 (27
981 1755 1018 1785 a.
1032 1743 1248 1807 Chia—⁴4
1272 1755 1316 1797 p.
1342 1744 1473 1795 Chr.).
1621 1748 1643 1786 7
1683 1746 1908 1799 Aspiratio
1934 1758 1989 1787 ex
2015 1747 2228 1800 perfecto,
2309 1757 2311 1781 τ

248 1817 330 1859 ubi
357 1818 557 1870 legitima
586 1819 668 1870 est,
699 1817 745 1857 in
777 1817 997 1857 aoristum
1028 1816 1326 1869 permanavit.
1380 1816 1593 1858 Similiter
1620 1814 1779 1874 ὑφέστη
1813 1816 1940 1871 Syll.2
1960 1821 2056 1872 4⁴¹0,
2081 1822 2118 1860 6.
2166 1819 2227 1860 Cf.
2308 1815 2311 1837 ¹

249 1891 386 1931 etiam
417 1900 534 1943 quae
571 1900 613 1930 n.
638 1887 689 1929 69
719 1888 774 1929 de
813 1885 1029 1944 ἐφέστειλε
1061 1888 1119 1929 ad
1149 1888 1408 1941 exemplum
1437 1888 1624 1942 perfecti
1656 1886 1898 1946 ἐφέσταλκα
1927 1889 2119 1932 formato
2150 1891 2227 1933 ad·
2308 1886 2310 1893 ’

250 1963 416 2004 notavi.

356 2176 471 2232 329
527 2180 678 2246 Lapis
729 2180 964 2230 inventus
1008 2179 1243 2245 Aeginae,
1300 2181 1578 2230 translatus
1627 2178 1871 2230 Athenas
1943 2182 2020 2230 Ex
2064 2182 2227 2232 tribus
2306 2169 2309 2184 ²

248 2266 559 2333 apographis
598 2267 819 2331 Trezelii,
860 2267 1050 2332 Virlcti,
1090 2266 1290 2324 Quincti
1327 2267 1404 2316 ed.
1446 2267 1637 2333 Exped.
1670 2268 1841 2317 scient.
1871 2268 1933 2316 de
1971 2269 2138 2318 Moree
2163 2270 2228 2318 111

247 2369 297 2420 p.
323 2354 405 2402 60.
479 2354 557 2402 Ex
592 2353 672 2402 his
719 2358 768 2402 et
805 2352 1017 2403 Pittakis
1065 2353 1364 2419 apographo
1409 2354 1613 2403 Boeckh
1655 2354 1706 2404 C.
1735 2355 1769 2403 Ι.
1795 2353 1852 2403 G.
1888 2354 2013 2404 Add.
2050 2357 2154 2406 Vol.
2186 2357 2228 2405 II

246 2456 297 2506 p.
324 2440 450 2489 ⁴0⁴4
499 2455 548 2489 n.
579 2440 718 2490 2⁴39
740 2437 783 2489 b.
836 2440 1078 2505 Rangabe
1103 2440 1216 2490 Ant.
1245 2440 1370 2490 Hell.
1401 2441 1520 2491 688.
1573 2441 1727 2491 Multo
1755 2442 2038 2492 accuratius
2065 2443 2228 2493 Lebas

248 2528 401 2577 Inscr.
442 2527 486 2576 II
535 2527 672 2575 4688
724 2525 794 2591 (Ε.
831 2527 884 2576 L.
922 2526 1077 2577 Hicks
1122 2528 1322 2577 Manual
1372 2527 1431 2577 of
1472 2527 1636 2578 Greek
1681 2527 1799 2578 hist.
1846 2529 1994 2578 inscr.
2042 2545 2092 2595 p.
2122 2529 2223 2579 324

248 2629 296 2664 n.
331 2614 446 2663 ⁴89.
514 2613 601 2664 Ch.
630 2613 808 2663 Michel
854 2614 1056 2664 Recueil
1095 2610 1298 2664 d’inscr.
1341 2614 1423 2663 Gr.
1464 2630 1515 2680 p.
1544 2615 1638 2665 26⁴
1688 2630 1736 2663 n.
1768 2611 1905 2681 340).
1980 2615 2057 2664 Ex
2101 2630 2227 2682 apo·

247 2699 445 2765 grapho
486 2703 536 2748 et
573 2703 756 2764 ectypo
795 2714 887 2749 suo
927 2701 988 2749 M.
1019 2700 1234 2750 Frankel
1273 2699 1324 2750 C.
1354 2701 1389 2750 I.
1421 2700 1504 2750 Gr.
1534 2701 1915 2767 Peloponnesil
1951 2717 2002 2767 p.
2035 2703 2053 2749 4
2102 2717 2149 2751 n.
2177 2703 2221 2752 l.
2295 2694 2301 2742 Ὶ

250 2786 320 2837 Cf.
362 2800 493 2851 quae
532 2786 921 2851 disputaverunt
955 2787 1018 2836 M.
1047 2788 1108 2835 H.
1138 2787 1191 2836 E.
1216 2787 1368 2836 Meier
1392 2787 1696 2852 Allgemeine
1722 2788 2099 2854 Encyklopadie
2122 2803 2224 2838 von

248 2871 409 2922 Ersch
444 2872 550 2921 und
584 2872 781 2922 Gruber
813 2873 879 2922 ΙΠ
921 2873 985 2922 46
1025 2888 1074 2939 p.
1108 2873 1198 2922 40⁴
1225 2888 1334 2938 sqq.
1399 2874 1462 2924 M.
1492 2874 1709 2923 Frankel
1745 2874 2088 2924 Alterthiimer
2122 2889 2225 2924 von

248 2960 532 3024 Pergamon
558 2959 682 3026 VIII,
715 2959 732 3007 I
780 2974 830 3025 p.
866 2959 983 3008 ⁴69.

387 3097 600 3170 Ἀγαθῆι
642 3099 818 3171 τύχηι,
872 3100 1153 3171 ὃεδ[όχθ]αι
1202 3100 1278 3152 τεῖ
1324 3101 1493 3171 βουλεῖ
1539 3100 1627 3154 καὶ
1670 3105 1761 3154 τῶι
1808 3103 2032 3171 δήμωι1·
2084 3101 2090 3171 Ι
2136 3105 2223 3154 τοῦ

363 3260 556 3301 Litterae
602 3260 806 3313 volgares
850 3261 1029 3313 praeter
1070 3261 1183 3302 ΑΠΣ
1237 3260 1421 3313 (passim
1467 3262 1653 3314 antiqua
1698 3261 1842 3303 forma
1887 3264 1915 3303 Σ
1960 3262 2221 3314 comparet).
2297 3284 2300 3306 .

252 3335 362 3373 ΘΟΩ
394 3333 578 3385 reliquis
610 3334 822 3374 minores.
873 3332 986 3374 Cum
1018 3332 1272 3385 antiquiora
1301 3334 1508 3387 exempla
1537 3334 1786 3375 admodum
1817 3333 2034 3375 mendosa
2063 3334 2222 3386 pleris-
2296 3351 2299 3393 ;

249 3415 338 3456 que
367 3404 481 3445 locis
511 3405 607 3445 sine
638 3405 934 3446 incommodo
964 3405 1137 3457 neglegi
1155 3405 1311 3458 liceat,
1343 3405 1589 3447 Lebasiano
1616 3418 1709 3447 non
1734 3406 1865 3459 plane
1885 3416 2037 3446 carere
2058 3417 2221 3458 possu-

251 3487 366 3529 mus,
396 3476 503 3528 quia
533 3477 572 3517 is
601 3477 722 3518 haud
753 3488 898 3530 pauca
923 3477 1160 3518 etiamtum
1191 3476 1309 3530 legit,
1342 3489 1458 3530 quae
1480 3489 1599 3519 nunc
1621 3479 1914 3519 evanuerunt.
1960 3477 2068 3518 Vice
2089 3489 2222 3519 versa
2295 3513 2298 3529 ,

250 3547 517 3599 aliquotiens
547 3549 806 3589 Frankelius
837 3549 1009 3590 litteras
1040 3549 1236 3601 agnovit,
1268 3560 1383 3601 quae
1413 3550 1532 3591 illius
1565 3551 1802 3592 oculorum
1839 3550 1980 3590 aciem
2003 3549 2220 3601 fugerant.
2294 3531 2297 3554 ³

251 3619 334 3660 Sed
358 3622 602 3673 utrumque
623 3632 762 3672 genus
785 3621 1043 3672 singillatim
1066 3631 1298 3662 recensere
1320 3621 1476 3662 inutile
1497 3622 1623 3663 foret.
1763 3626 1777 3662 4
1817 3621 2145 3672 Aeginetarum.
