2314 3970
148 197 178 245 6
188 195 253 244 52
829 192 1043 234 Addenda
1073 195 1118 234 et
1148 192 1437 245 Corrigenda.

263 369 530 410 minusculis
561 367 723 407 litteris
754 377 1022 420 expressum
1062 366 1132 407 est
1162 366 1502 418 Mittheilungen
1534 377 1615 407 aus
1647 366 1727 407 der
1756 366 2019 419 Sammlung
2051 366 2131 407 der

262 443 364 494 Pap.
389 441 638 492 Erzherzog
660 439 820 480 Rainer
841 439 879 479 V
902 450 943 491 p.
968 442 1019 479 90
1054 441 1146 480 not.
1169 442 1207 492 4,
1239 438 1319 479 ubi
1341 438 1562 480 accedunt
1583 450 1625 479 v.
1652 442 1688 479 6.
1714 443 1758 480 7:
1795 441 1874 495 τῆς
1905 436 1965 484 εἰς
1997 435 2130 494 αὐτὴν

261 511 362 566 [καὶ]
398 511 401 566 Ι
439 509 616 567 βασιλέα
642 509 737 552 νέον
759 507 993 563 Διό[νυσον]
1027 506 1034 566 Ι
1069 507 1354 565 Πτολεμ[αἴον
1385 510 1519 563 ----].
1581 511 1646 551 De
1677 511 1822 552 aetate
1853 510 1906 551 cf.
1940 522 1979 551 n.
2008 510 2129 552 4821.

146 587 189 626 P.
214 589 294 625 205
328 597 368 625 n.
395 588 475 625 425
508 586 599 625 not.
627 588 662 624 4.
724 585 771 624 ln
805 584 1069 624 universum
1101 583 1285 636 quidem
1318 583 1508 624 eandem
1541 583 1596 624 de
1623 583 1880 624 Ptolemaeo
1904 583 2131 636 Eupatore

261 657 529 697 sententiam
571 655 707 697 habet
744 656 789 696 B.
812 655 945 696 Niese
984 655 1140 696 Gesch.
1174 655 1253 696 der
1292 666 1355 707 gr.
1387 667 1431 696 u.
1465 655 1640 696 maked.
1673 656 1853 696 Staaten
1886 656 1941 695 111
1983 666 2023 708 p.
2047 658 2130 696 266

259 730 350 769 not.
383 731 419 781 4,
460 728 539 769 sed
578 730 731 768 monet
772 729 922 768 tamen
963 729 1140 768 certum
1181 727 1226 768 id
1265 727 1403 768 modo
1440 738 1553 780 esse,
1593 738 1697 767 eum
1731 727 2047 768 Philometoris
2086 728 2132 767 et

258 801 520 854 Cleopatrae
543 800 685 841 filium
708 800 860 853 fuisse,
892 800 972 841 sed
994 800 1160 852 ambigi
1184 810 1333 853 posse,
1356 802 1513 840 utrum
1536 800 1654 841 idem
1677 801 1749 852 sit,
1781 810 1916 852 quem
1940 802 2131 852 patruus

258 873 541 914 Ptolemaeus
573 873 783 925 Physcon
816 873 1058 926 necaverit,
1091 885 1146 913 an
1179 871 1315 913 frater
1344 873 1457 924 eius,
1489 873 1568 925 qui
1601 873 1688 913 iam
1723 874 1851 925 patre
1883 871 2130 924 superstite

259 945 517 986 decesserit.
577 943 691 986 Nam
724 944 952 998 Eupatora
983 946 1027 985 In
1059 955 1235 998 papyro
1268 944 1494 985 demotico
1527 945 1615 985 iam
1649 955 1765 985 anno
1799 947 1879 984 453
1903 956 1941 985 a.
1965 944 2065 984 Chr.
2088 955 2129 983 n.

260 1028 351 1057 una
395 1027 500 1057 cum
550 1016 815 1069 parentibus
861 1017 1227 1069 commemorari,
1274 1017 1495 1069 proximis
1542 1027 1651 1056 vero
1698 1016 1826 1056 annis
1872 1027 1960 1056 non
2007 1016 2130 1056 item.

257 1089 371 1129 Fieri
413 1089 551 1141 igitur
591 1100 726 1141 posse
757 1090 808 1129 ut
840 1089 929 1130 duo
963 1088 1268 1140 distinguendi
1309 1089 1399 1129 sint
1436 1088 1515 1128 filii
1555 1089 1886 1140 philometoris,
1933 1099 2130 1140 quorum

258 1161 370 1202 alter
386 1162 488 1201 ante
509 1162 698 1214 patrem,
724 1161 838 1202 alter
859 1163 966 1214 post
992 1172 1096 1202 eum
1123 1160 1334 1213 impubes
1353 1160 1535 1213 obierit;
1570 1160 1850 1213 probabilior
1870 1161 2020 1201 tamen
2045 1161 2131 1200 uti-

260 1244 349 1285 que
382 1232 582 1274 manebit
610 1234 799 1274 Strackii
833 1232 1066 1286 sententia,
1099 1244 1238 1285 quam
1267 1235 1452 1273 secutus
1482 1244 1585 1274 sum
1618 1234 1663 1273 in
1692 1232 1984 1274 adnotatione
2016 1243 2129 1273 mea.

147 1306 190 1346 P.
214 1309 294 1346 207
329 1317 369 1346 n.
396 1308 476 1346 429
509 1307 598 1347 not.
625 1309 662 1346 3.
736 1306 849 1346 Cum
897 1307 987 1346 iam
1028 1307 1263 1346 teneamus
1310 1305 1493 1346 titulum
1540 1305 1726 1346 oratorii
1771 1304 1941 1346 Iudaici
1987 1304 2131 1345 Ptole-

259 1378 376 1418 maei
409 1378 466 1417 III
498 1377 746 1430 Euergetae
777 1379 822 1418 et
852 1379 1032 1430 reginae
1062 1378 1299 1418 Berenices
1338 1379 1544 1430 tempore
1581 1378 1779 1418 incisum
1820 1376 1888 1430 (cf.
1918 1375 2133 1418 Addenda

259 1450 314 1491 ad
347 1461 388 1490 n.
413 1449 479 1501 96)
524 1451 644 1490 recte
682 1451 736 1491 M.
759 1451 804 1491 L.
829 1451 984 1492 Strack
1015 1450 1182 1491 Archiv
1214 1450 1288 1491 fiir
1317 1449 1771 1503 Papyrusforschung
1803 1450 1840 1490 lI
1877 1461 1921 1502 p.
1946 1451 2019 1491 544
2058 1449 2134 1490 hic

258 1533 442 1574 quoque
472 1522 599 1563 illum
632 1523 753 1563 tertii
786 1535 822 1564 a.
847 1522 947 1564 Chr.
972 1534 1012 1564 n.
1048 1523 1217 1563 saeculi
1245 1527 1401 1575 'regem
1434 1533 1678 1574 agnoscere
1709 1521 1905 1563 videtur.

144 1595 187 1635 P.
219 1596 299 1634 220
342 1605 383 1635 n.
409 1597 488 1634 439
532 1595 624 1635 not.
648 1597 715 1635 49.
784 1595 833 1634 In
873 1595 1127 1636 rationibus
1169 1595 1464 1647 pecuniarum
1513 1605 1818 1648 expensarum
1862 1594 1984 1635 haud
2029 1605 2132 1635 raro

258 1667 482 1708 eiusmodi
513 1671 754 1722 παρουσιῶν
788 1668 957 1708 mentio
989 1667 1051 1708 fit.
1114 1666 1175 1708 Cf.
1208 1667 1425 1709 Tebtunis
1456 1668 1622 1721 papyri
1653 1668 1671 1707 I
1703 1678 1746 1720 p.
1773 1670 1854 1708 505
1887 1679 1930 1708 n.
1953 1670 2050 1720 424,
2078 1671 2130 1708 95

259 1734 560 1794 Διοσκουρίδου
593 1736 839 1795 παρουσίας.
881 1751 926 1792 p.
950 1743 1031 1781 526
1065 1752 1105 1780 n.
1132 1743 1212 1781 482
1252 1738 1476 1798 προφήτου
1509 1736 1754 1798 παρουσίας.
1802 1749 1845 1792 Ρ.
1869 1742 1951 1780 536
1984 1750 2024 1779 n.
2049 1741 2130 1778 253

259 1808 493 1867 παρουσίας
530 1816 613 1852 τῶν
656 1809 771 1869 παρὰ
810 1813 884 1853 τοῦ
925 1813 1200 1853 συντακτικοῦ
1245 1809 1466 1869 ἐνηνεχόσι
1506 1810 1553 1853 τὸ
1596 1808 1882 1863 ἐπιστόλι(ον).
1953 1811 2135 1852 Praeter

257 1882 582 1924 habitationem
607 1885 652 1924 et
673 1883 847 1926 victum
869 1885 1114 1937 praecipue
1136 1885 1368 1937 impensae
1399 1883 1628 1925 faciendae
1658 1884 1786 1924 erant
1807 1884 1852 1924 in
1874 1882 1995 1924 dona
2015 1894 2133 1935 quae

258 1956 346 1996 illis
379 1956 719 2007 magistratibus
750 1956 941 2009 aliisque
973 1956 1203 1998 nobilibus
1245 1956 1508 1998 hominibus
1550 1955 1943 2009 peregrinantibus
1975 1955 2133 1997 offere-

261 2027 440 2069 bantur.
503 2027 564 2069 Cf.
603 2028 819 2069 Tebtunis
858 2040 960 2081 pap.
991 2030 1009 2068 I
1047 2040 1091 2081 p.
1118 2032 1198 2069 428
1238 2041 1279 2069 n.
1315 2032 1380 2082 33,
1413 2032 1487 2070 40;
1533 2026 1607 2069 καὶ
1653 2025 1785 2069 αὐτῶι
1830 2028 1888 2080 (L.
1919 2029 2133 2069 Memmio

261 2100 478 2152 Romano)
518 2098 907 2158 προσενεχθήσεται
948 2098 1017 2141 ἐπὶ
1059 2106 1136 2157 τῆς
1177 2098 1458 2158 έγβα(τηρίας)
1497 2099 1549 2142 τὰ
1590 2097 1975 2156 ὑπογεγρ(αμμένα)
2008 2098 2133 2148 ξένια.

261 2173 376 2213 Huic
417 2174 629 2225 sumptus
661 2174 812 2225 generi
844 2173 1096 2214 coercendo
1150 2174 1195 2213 et
1238 2173 1398 2214 incolis
1444 2173 1714 2225 gravissimo
1756 2184 1892 2213 onere
1932 2173 2136 2214 levandis

260 2245 534 2286 destinatum
568 2247 665 2286 erat
695 2247 991 2298 praeceptum
1015 2245 1138 2298 quod
1168 2245 1331 2297 legitur
1362 2246 1406 2286 in
1430 2245 1578 2286 edicto
1603 2245 1848 2286 Ptolemaei
1869 2244 1966 2285 VIII
1996 2244 2135 2286 Euer-
2218 2269 2222 2272 ·

259 2319 386 2370 getae
419 2319 455 2357 II
496 2320 541 2358 et
583 2319 823 2371 utriusque
862 2318 1020 2358 uxoris
1060 2317 1277 2359 Tebtunis
1318 2318 1529 2371 papyril
1569 2328 1612 2370 p.
1645 2320 1697 2358 28
1738 2329 1779 2358 n.
1810 2321 1848 2371 5,
1885 2319 2134 2359 478-487ε

262 2388 572 2448 προστετάχασι
614 2389 658 2431 δὲ
700 2388 812 2447 μηδὲ
851 2388 950 2436 τοὺς
993 2388 1280 2447 στρα(τηγοὺς)
1323 2388 1396 2430 καὶ
1433 2387 1532 2436 τοὺς
1568 2387 1726 2436 ἄλλους
1767 2387 1867 2435 τοὺς
1906 2388 2010 2445 πρὸς
2039 2392 2136 2436 ταῖς

262 2460 563 2520 πραγματείαις
604 2459 740 2504 ἕλκειν
778 2460 892 2509 τινὰς
931 2467 1016 2503 τῶν
1055 2460 1370 2504 κατοικούντων
1412 2459 1454 2503 ἐν
1497 2465 1568 2517 τῆι
1605 2462 1730 2519 χώρᾳ
1767 2459 1827 2508 εἰς
1875 2459 2137 2518 λειτουργίας

263 2532 367 2581 ἰδίας
401 2532 511 2590 μηδὲ
541 2533 680 2591 κτήνη
713 2533 849 2576 αὐτῶν
875 2532 1093 2591 ἐπαρετεῖν
1117 2533 1186 2577 ἐπί
1216 2549 1255 2575 τι
1284 2540 1369 2576 τῶν
1404 2532 1519 2576 ἰδίων
1543 2532 1654 2591 μηδὲ
1685 2531 1914 2590 ἐπιρίπτειν
1949 2532 2135 2593 μόσχους

263 2605 374 2662 μηδὲ
408 2605 538 2665 ἱερεῖα
568 2607 736 2664 τρέφειν
770 2606 880 2663 μηδὲ
917 2611 1053 2666 χῆνας
1097 2605 1207 2663 μηδὲ
1246 2604 1416 2663 ὄρνιθας
1456 2605 1568 2663 μηδὲ
1606 2604 1746 2648 οἰνικὰ
1785 2604 1827 2662 ἢ
1849 2604 1984 2649 σιτικά
2013 2606 2136 2663 γενή-

263 2679 405 2733 (ματα)
439 2676 668 2735 ἐπιρίπτειν
699 2683 827 2736 τιμῆς
861 2674 956 2736 μηδ’
983 2679 1042 2727 εἰς
1075 2678 1328 2727 ἀνανεώσεις
1361 2677 1471 2736 μηδὲ
1493 2677 1817 2736 συναναγκάζειν
1849 2677 1950 2735 ἔργα
1973 2677 2136 2734 δωρεὰν

266 2748 480 2792 συντελεῖν
513 2749 764 2807 παρευρέσει
796 2750 996 2807 μηδεμιᾷ.

147 2823 191 2863 Ρ.
216 2825 289 2863 224
332 2835 372 2864 n.
396 2825 493 2876 440,
518 2827 556 2864 8.
617 2824 680 2864 De
711 2823 1034 2876 significatione
1066 2824 1281 2865 vocabuli
1312 2821 1585 2882 πρεσβύτεροι
1615 2836 1658 2865 v.
1690 2823 1805 2865 infra
1834 2822 2049 2866 Addenda
2080 2823 2136 2865 ad

263 2907 304 2936 n.
332 2898 428 2937 494.

148 2967 192 3008 Ρ.
222 2970 304 3007 226
346 2979 385 3007 n.
420 2970 500 3008 447
542 2970 631 3009 not.
667 2972 705 3009 6.
774 2970 836 3009 De
879 2966 1332 3025 ὑπομνηματογροίφου
1380 2968 1528 3011 officio
1578 2970 1839 3022 nuperrime
1887 2969 2140 3022 disputavit

261 3040 316 3080 M.
350 3040 393 3080 L.
423 3041 579 3081 Strack
620 3040 788 3082 Archiv
829 3042 900 3082 fiir
932 3040 1384 3094 Papyrusforschung
1415 3043 1452 3082 ΙΙ
1494 3054 1536 3095 p.
1562 3046 1643 3083 556
1663 3053 1728 3095 sq.
1763 3041 1819 3082 ad
1855 3053 1895 3082 n.
1923 3044 1987 3082 38.
2051 3040 2137 3089 Qui

262 3113 383 3152 recte
422 3113 605 3165 quidem
638 3125 787 3154 raram
821 3115 918 3154 eius
962 3114 1239 3155 mentionem
1279 3125 1378 3155 esse
1417 3114 1526 3155 dicit
1567 3115 1713 3156 aetate
1752 3113 2134 3167 Ptolemaeorum,

263 3184 341 3225 sed
381 3186 598 3237 quattuor
638 3186 736 3227 eius
777 3187 997 3239 exemplis
1037 3197 1153 3238 quae
1192 3186 1287 3227 sola
1327 3186 1414 3226 sibi
1447 3188 1551 3228 nota
1584 3197 1684 3228 esse
1725 3185 1904 3239 fatetur,
1947 3185 2133 3237 qulntus

263 3257 437 3298 accedit
466 3258 540 3298 hic
571 3258 730 3299 titulus
763 3259 841 3310 qui
871 3270 975 3299 eum
1007 3258 1176 3311 fugisse
1206 3258 1389 3299 videtur
1421 3259 1476 3310 (n.
1501 3258 1612 3310 447).
1674 3257 1803 3306 Quod
1834 3258 1987 3299 omnia
2017 3269 2133 3299 anno

264 3331 343 3368 430
379 3340 416 3370 a.
448 3329 547 3370 Chr.
578 3341 619 3370 n.
654 3331 904 3372 recentiora
943 3330 1065 3384 dicit,
1106 3330 1152 3371 id
1189 3330 1276 3371 hoc
1316 3341 1405 3370 non
1448 3329 1719 3382 infringitur.
1780 3329 1991 3370 Ceterum
2023 3340 2132 3369 num

262 3402 384 3441 recte
416 3397 866 3458 ὑπομνηματογράφου
899 3404 941 3442 et
977 3399 1337 3458 ἐπιστολογράφου
1370 3402 1553 3443 nomina
1589 3402 1784 3443 eundem
1815 3401 2130 3454 magistratum

264 3472 515 3524 significare
555 3474 809 3527 coniecerit,
852 3485 1071 3527 perquam
1111 3474 1302 3515 dubium
1342 3474 1452 3514 mihi
1491 3474 1686 3515 videtur.
1748 3474 1877 3515 Certe
1914 3473 2130 3514 Tebtunis

262 3546 428 3596 papyri
472 3546 490 3584 I
537 3557 578 3598 p.
613 3548 694 3586 476
741 3558 782 3587 n.
814 3549 910 3599 442,
942 3550 992 3587 87
1040 3543 1548 3603 [ὕ]πομνηματογρ(άφωι)
1592 3544 1664 3587 καὶ
1709 3543 2129 3602 ἐπισ[το]λογρ(άφωι)

263 3613 451 3669 apossum)
483 3609 551 3672 τμ’
582 3618 645 3658 illi
676 3619 877 3670 opinioni
900 3630 991 3660 non
1012 3618 1144 3660 favet.
1188 3617 1404 3670 Pleraque
1426 3619 1701 3671 testimonia,
1725 3628 1840 3670 quae
1862 3617 1917 3658 de
1938 3617 2130 3669 negotiis

261 3688 897 3743 hypomnematographorum
922 3690 1186 3744 habeamus,
1210 3690 1266 3732 ad
1292 3700 1363 3731 res
1393 3701 1544 3731 sacras
1567 3691 1612 3730 et
1632 3690 1924 3743 potissimum
1942 3688 2129 3741 quidem
