2314 3970
149 182 245 232 377]
900 181 1173 234 Pythodoris
1203 182 1368 234 regina.
2017 187 2121 238 583

367 348 427 407 ‘O
464 352 661 424 δῆμ[ος]
699 353 705 425 Ι
749 352 1043 426 βασίλισσαν
1084 352 1423 426 Πυθοδωρίδα
1461 353 1468 426 Ι
1511 354 1885 428 ΦιλομήτοραῙ.

259 515 451 556 Litterae
481 513 744 571 ΑΗΘΠΣῴ.
795 514 1034 556 Extremae
1054 498 1210 557 hastae
1231 515 1439 568 apicibus
1462 517 1658 558 ornatae.
1788 520 1803 557 4
1845 515 1906 558 Cf.
1938 528 1980 558 n.
2000 520 2077 572 377
2090 516 2123 562 2.

248 766 357 823 377
411 771 562 838 Lapis
599 770 888 837 inscriptus,
929 769 1178 835 Smyrnae
1216 770 1354 836 apud
1381 769 1437 820 G.
1468 769 1926 822 Gonzenbaehium.
1993 772 2117 822 Edd.

138 861 195 910 R.
219 860 503 924 Bergmann
530 858 797 907 Bullettino
825 853 935 907 dell'
955 858 1071 907 inst.
1101 855 1240 907 arch.
1270 857 1414 906 Rom.
1450 855 1577 906 4874
1626 874 1676 924 p.
1708 855 1791 908 79.
1857 860 1916 908 H.
1946 858 2123 909 Gelzer

139 948 262 996 Mus.
309 944 469 995 Rhen.
517 945 696 995 XXVII
741 960 791 1011 p.
830 944 930 993 463
982 959 1031 994 n.
1072 943 1118 993 4.
1203 942 1274 993 Cf.
1337 958 1466 1010 quae
1523 945 1584 995 de
1640 946 1785 996 titulo
1843 934 2122 1014 disputavit

138 1033 228 1083 Th.
259 1034 538 1082 Mommsen
575 1031 786 1098 Ephem.
828 1031 985 1098 epigr.
1026 1031 1048 1080 I
1084 1046 1134 1098 p.
1166 1027 1268 1082 270
1291 1045 1401 1098 sqq.

270 1170 340 1227 ‘O
379 1176 537 1244 δῆμος
577 1178 584 1243 Ι
626 1172 888 1244 ΖήνωναῙ,
929 1173 1261 1245 βασιλίσσηςΙ
1299 1171 1661 1245 Πυθοδωρίδος
1700 1174 2117 1248 ΦιλομήτοροςῖΙ

248 1345 441 1385 Litterae
471 1344 640 1386 ΑΖΘΠ.
817 1345 834 1383 4
875 1341 936 1384 Cf.
967 1342 1067 1383 Tac.
1099 1353 1199 1383 ann.
1230 1341 1281 1395 ΙΙ,
1313 1345 1388 1383 56:
1429 1354 1579 1398 reqem
1615 1338 1701 1385 illa
1740 1345 1992 1398 tempestate
2024 1357 2120 1387 non

133 1415 353 1460 habebant
373 1414 615 1469 (Armenii),
645 1416 792 1458 amoto
815 1411 1019 1457 Vonone:
1051 1411 1129 1456 sed
1145 1411 1277 1468 favor
1295 1411 1503 1457 nationis
1522 1411 1778 1458 inclinabat
1803 1413 1859 1458 in
1877 1412 2117 1472 Zenonem,

132 1486 390 1532 Polemonis
418 1486 538 1544 reqis
565 1485 754 1531 Pontiei
778 1485 947 1542 filium,
988 1485 1106 1542 quod
1133 1484 1177 1529 is
1200 1484 1363 1541 prima
1393 1485 1449 1529 ab
1478 1484 1689 1542 infantia
1717 1485 1931 1532 instituta
1960 1491 1999 1532 et
2028 1487 2119 1532 eul-

131 1565 230 1606 tum
257 1559 588 1605 Armeniorum
616 1559 884 1615 aemulatus,
924 1561 1088 1603 venatu
1127 1557 1274 1614 epulis
1311 1561 1351 1602 et
1379 1572 1492 1614 quae
1530 1557 1630 1603 alia
1659 1558 1849 1604 barbari
1883 1559 2116 1616 celebrant,

125 1648 331 1692 proceres
364 1633 620 1691 plebemque
657 1631 788 1677 iuxta
816 1631 1075 1676 devinoeerat
1103 1663 1112 1674 .
1141 1629 1288 1688 iqitwr
1324 1629 1628 1675 Germanicus
1664 1631 1719 1675 in
1755 1631 1866 1676 urbe
1894 1631 2119 1677 Artaxata

130 1705 484 1764 adprobantibus
512 1704 752 1760 nobilibus,
783 1703 1069 1761 circumfusa
1095 1702 1402 1759 multitudine,
1434 1702 1618 1760 insiqne
1646 1703 1827 1760 reqium
1846 1704 1992 1761 oapiti
2018 1704 2118 1750 eius

131 1779 380 1836 imposuit.
401 1777 537 1823 eeteri
569 1781 830 1822 venerantes
865 1791 1014 1834 reyem
1038 1775 1287 1821 Artaxiam
1316 1775 1663 1820 eonsalutcwere.
1715 1777 1787 1831 VI,
1811 1781 1877 1819 3⁴:
1917 1781 2117 1822 senestu-

126 1856 215 1897 tem
254 1850 425 1895 Tiberii
459 1854 512 1895 ut
546 1850 772 1895 inermem
818 1848 1068 1906 despiciens
1111 1849 1381 1902 (Artabanus
1418 1850 1690 1891 Parthorum
1729 1850 1823 1902 rex)
1870 1848 2118 1905 avidusque

125 1923 387 1980 Armeniae,
418 1923 499 1968 eui
525 1922 732 1979 desumto
758 1936 858 1980 reye
877 1920 1076 1966 Artaxia
1094 1920 1300 1966 Arsacen
1330 1919 1577 1965 liberorwm
1604 1934 1796 1965 suorum
1823 1920 2116 1966 veterrimum

127 1995 347 2054 imposuit
376 1998 427 2051 (a.
459 2001 512 2040 35
544 2008 588 2051 p.
619 1997 719 2039 Chr.
750 1997 821 2049 n.).
882 1996 962 2037 Hie
992 1998 1168 2038 Zenona
1207 1996 1447 2037 etiamtum
1485 1995 1718 2048 privatum
1761 2006 1873 2049 esse,
1915 1998 1967 2037 ut
1998 2008 2114 2038 anno

129 2076 180 2114 48
213 2084 257 2127 p.
280 2073 379 2114 Chr.
408 2083 449 2113 n.
481 2072 642 2125 utique
672 2071 835 2112 titulus
866 2070 1096 2123 antiquior
1126 2068 1456 2111 existimandus
1487 2069 1559 2123 sit,
1599 2070 1759 2122 sponte
1800 2070 1937 2122 patet.
1990 2068 2116 2110 Cete-

126 2158 230 2187 rum
251 2147 368 2187 Zeno
391 2156 558 2186 nomen
577 2145 650 2186 avi
672 2144 861 2197 paterni,
893 2143 1081 2184 Zenonis
1103 2142 1390 2184 Laodicensis
1411 2141 1624 2195 rhetoris,
1655 2142 1806 2194 gessit.
1859 2141 1921 2183 Cf.
1953 2141 2114 2184 Strabo

126 2219 220 2272 XII,
245 2222 283 2272 8,
306 2220 359 2258 46
391 2229 435 2271 p.
459 2220 563 2258 578:
608 2209 702 2258 ἀλλ’
722 2213 752 2272 ἡ
782 2220 860 2272 τῆς
890 2216 1036 2273 χώρας
1066 2212 1197 2272 ἀρετὴ
1228 2212 1301 2256 καὶ
1331 2218 1416 2255 τῶν
1445 2211 1632 2255 πολιτῶν
1662 2227 1773 2260 τινες
1804 2211 2115 2272 εὐτυχήσαντες

129 2287 316 2347 μεγάλην
347 2286 550 2345 ἐποίησαν
581 2286 713 2345 αὐτήν
746 2287 1055 2341 (Laodiceam),
1083 2281 1225 2346 Ἱέρων
1269 2284 1346 2342 μὲν
1385 2284 1603 2344 πρότερον,
1643 2283 1799 2342 Ζήνων
1840 2283 1886 2328 δὲ
1918 2283 1939 2327 ὁ
1972 2283 2114 2344 ῥήτωρ

127 2360 297 2419 ὕστερον
326 2359 398 2403 καὶ
428 2360 450 2404 ὁ
483 2359 572 2408 υἱὸς
603 2358 732 2402 αὐτοῦ
762 2357 984 2416 Πολέμων.
1043 2359 1159 2413 XIV,
1183 2362 1222 2413 2,
1244 2362 1298 2400 24
1331 2370 1373 2412 p.
1398 2362 1502 2400 660:
1546 2355 1588 2400 οἱ
1626 2356 1702 2414 μὲν
1740 2355 1819 2416 γὰρ
1855 2355 1981 2400 ἄλλοι
2018 2354 2109 2414 μεθ’

127 2432 271 2477 ὅπλων
303 2432 463 2476 ἐπιόντι
492 2431 564 2475 καὶ
583 2429 806 2489 Παρθικῆς
837 2429 1026 2481 ἐξουσίας
1058 2431 1121 2484 (Q.
1143 2431 1338 2473 Labieno
1361 2443 1399 2473 a.
1425 2433 1475 2473 40
1500 2442 1538 2472 a.
1562 2430 1662 2472 Chr.
1684 2429 1756 2484 n.),
1787 2427 1872 2488 ἤδη
1892 2435 1977 2472 τῶν
1998 2427 2113 2487 Παρ-

126 2504 286 2550 θυαίων
317 2505 397 2562 τὴν
427 2500 562 2549 Ἀσίαν
594 2503 794 2563 ἐχόντων,
835 2502 962 2559 εἶξαν,
1002 2501 1076 2546 ἅτε
1107 2502 1266 2547 ἄοπλοι
1295 2502 1371 2546 καὶ
1399 2501 1624 2561 εἰρηνικοί·
1668 2500 1826 2559 Ζήνων
1867 2501 1915 2544 δὲ
1946 2499 1968 2544 ὁ
1997 2499 2112 2546 Λαο-

126 2576 267 2625 δικεὺς
296 2577 370 2620 καὶ
391 2570 564 2634 Ὑβρέας
595 2575 674 2620 οὐκ
702 2574 828 2631 εἶξαν,
860 2574 1093 2634 ἀμφότεροι
1123 2574 1313 2632 ῥήτορες,
1344 2569 1435 2618 ἀλλ’
1463 2573 1704 2632 ἀπέστησαν
1734 2572 1811 2622 τὰς
1841 2573 2005 2617 ἑαυτῶν
2036 2573 2112 2618 πό-

125 2649 230 2699 λεις.
278 2651 446 2694 Gelzer.
593 2653 618 2691 2
657 2649 718 2692 Cf.
752 2649 913 2692 Strabo
935 2650 1029 2704 XII,
1055 2653 1092 2704 3,
1116 2653 1169 2690 29
1201 2661 1244 2703 p.
1268 2652 1351 2691 555
1375 2648 1494 2690 Casa
1534 2645 1634 2695 τοὺς
1666 2646 1712 2690 δὲ
1742 2644 2011 2705 Τιβαρηνοὺς
2041 2647 2113 2690 καὶ

125 2720 369 2770 Χαλδαίους
408 2720 536 2782 μέχρι
573 2717 788 2781 Κολχίδος
825 2721 899 2765 καὶ
939 2718 1182 2779 Φαρνακίας
1225 2719 1299 2764 καὶ
1340 2718 1660 2777 Τραπεζοῦντος
1705 2717 1800 2778 ἔχει
1842 2717 2111 2777 Πυθοδωρίς,

124 2794 231 2853 γυνὴ
263 2796 443 2853 σώφρων
479 2793 554 2837 καὶ
591 2793 747 2852 δυνατὴ
787 2792 1068 2853 προΐστασθαι
1096 2792 1358 2852 πραγμάτων
1387 2825 1399 2836 .
1429 2792 1517 2836 ἔστι
1547 2791 1595 2835 δὲ
1625 2789 1816 2851 θυγάτηρ
1847 2789 2110 2850 Πυθοδώρου

125 2870 199 2911 τοῦ
232 2864 513 2925 Τραλλιανοῦ,
551 2865 658 2925 γυνὴ
689 2864 737 2910 δὲ
777 2865 944 2924 ἐγένετο
975 2864 1232 2923 Πολέμωνος
1270 2864 1343 2909 καὶ
1383 2862 1728 2923 συνεβασίλευσεν
1767 2862 1914 2921 ἐκείνῳ
1954 2864 2109 2922 χρόνον

124 2938 231 2994 τινά,
273 2936 365 2982 εἶτα
402 2937 611 2989 διεδέξατο
649 2938 727 2997 τὴν
758 2937 912 2997 ἀρχὴν,
949 2937 1279 2995 τελευτήσαντος
1319 2937 1362 2982 ἐν
1400 2941 1491 2986 τοῖς
1521 2932 1861 2995 Ἀσπουργιανοῖς
1896 2934 2111 2993 καλουμέ-

124 3026 212 3059 νοις
241 3017 326 3054 τῶν
357 3009 454 3067 περὶ
480 3010 560 3068 τὴν
584 3008 780 3069 Σινδικὴν
813 3010 1060 3070 βαρβάρων·
1093 3010 1207 3054 δυεῖν
1239 3006 1269 3052 δ’
1297 3010 1346 3053 ἐκ
1374 3013 1448 3053 τοῦ
1471 3007 1732 3066 Πολέμωνος
1760 3006 1893 3051 ὄντων
1913 3006 2017 3051 υἱῶν
2038 3008 2111 3051 καὶ

125 3082 348 3143 θυγατρός,
386 3082 415 3140 ἡ
449 3082 526 3139 μὲν
559 3084 851 3138 (Tryphaena,
883 3084 937 3127 cf.
969 3083 1098 3139 Syll.2
1125 3084 1266 3135 36514)
1307 3081 1440 3141 ἐδόθη
1482 3078 1622 3126 Κότυϊ
1657 3082 1716 3139 τῷ
1752 3079 1946 3138 Σαπαίῳ,
1986 3079 2109 3124 δολο-

127 3154 386 3214 φονηθέντος
417 3154 465 3198 δὲ
493 3154 711 3214 ἐχήρευσε,
750 3155 906 3204 παῖδας
943 3154 1103 3216 ἔχουσα
1134 3154 1178 3206 ἐξ
1210 3154 1358 3198 αὐτοῦ·
1402 3153 1643 3197 δυναστεύει
1683 3152 1730 3196 δὲ
1768 3152 1790 3197 ὁ
1821 3150 2109 3210 πρεσβύτατος

126 3228 264 3271 αὐτῶν
286 3228 649 3282 (Rhoemetalces,
672 3228 800 3283 Syll.2
823 3229 1013 3283 365,48).
1054 3234 1139 3270 τῶν
1167 3226 1213 3270 δὲ
1233 3231 1310 3284 τῆς
1332 3224 1636 3285 Πυθοδωρὶδος
1658 3224 1759 3268 υἱῶν
1792 3223 1814 3267 ὁ
1837 3224 1914 3281 μὲν
1938 3223 2108 3283 ἰδιώτης

127 3289 350 3359 συνδιῴκει
377 3300 431 3358 τῇ
472 3299 599 3358 μητρὶ
627 3300 706 3358 τὴν
736 3299 889 3360 ἀρχήν,
932 3299 954 3343 ὁ
987 3301 1033 3344 δὲ
1073 3302 1219 3355 (Zeno,
1259 3300 1313 3342 cf.
1346 3302 1438 3342 not.
1462 3300 1501 3353 4)
1542 3297 1695 3341 νεωστὶ
1733 3295 1994 3341 καθέσταται
2029 3300 2108 3354 τῆς

128 3370 319 3430 μεγάλης
347 3368 562 3432 Ἀρμενίας
594 3370 808 3427 βασιλεύς·
847 3372 955 3430 αὐτὴ
988 3372 1035 3416 δὲ
1067 3365 1307 3430 συνῴκησεν
1332 3367 1544 3431 Ἀρχελάῳ
1577 3371 1632 3423 (n.
1657 3370 1780 3423 3571)
1812 3368 1885 3412 καὶ
1916 3367 2107 3425 συνέμει-

124 3459 193 3487 νεν
225 3443 377 3501 ἐκείνῳ
411 3443 537 3504 μέχρι
564 3443 727 3500 τέλους,
756 3448 828 3488 νῦν
849 3460 893 3488 τε
924 3444 1113 3506 χηρεύει,
1143 3444 1196 3487 τά
1225 3458 1271 3486 τε
1300 3442 1511 3502 λεχθέντα
1542 3442 1702 3502 ἔχουσα
1731 3440 1871 3501 χωρία
1899 3440 1973 3485 καὶ
1994 3439 2107 3485 ἄλλα

127 3515 298 3560 ἐκείνων
340 3515 608 3576 χαριέστερα,
645 3516 739 3577 περὶ
777 3518 834 3561 ὧν
875 3517 1031 3576 ἐφεξῆς
1067 3517 1259 3574 ἐροῦμεν.
1319 3517 1433 3569 XIV,
1458 3520 1495 3570 4,
1522 3519 1572 3557 42
1605 3528 1647 3570 p.
1673 3518 1774 3558 649:
1817 3514 1874 3557 ὧν
1913 3515 1989 3567 (sc.
2020 3521 2105 3557 τῶν

63 3602 66 3603 ’
126 3587 357 3648 ἀσιαρχῶν)
387 3586 648 3645 Πυθόδωρός
677 3604 722 3631 τε
750 3588 818 3645 ἦν,
848 3589 956 3649 ἀνὴρ
987 3586 1181 3636 Νυσαεὺς
1213 3589 1279 3642 (cf.
1314 3587 1442 3643 Syll.2
1465 3587 1586 3641 3282)
1617 3586 1664 3630 τὸ
1697 3585 1741 3638 ἐξ
1771 3586 1924 3647 ἀρχῆς,
1966 3585 2104 3629 ἐκεῖσε

126 3661 322 3715 (Tralles)
367 3660 413 3704 δὲ
451 3660 755 3719 μεταβεβηκὼς
795 3659 863 3705 διὰ
898 3661 975 3719 τὴν
1008 3660 1266 3719 ἐπιφάνειαν,
1306 3659 1377 3704 καὶ
1408 3658 1451 3704 ἐν
1490 3658 1544 3720 τῇ
1583 3659 1685 3718 πρὸς
1715 3656 1946 3717 Πομπήϊον
1985 3655 2105 3717 φιλίᾳ
