2314 3970
2292 0 2314 188 i,

273 230 378 280 222
955 230 1003 270 II.
1049 229 1250 281 Regnum
1282 228 1563 280 Lagidarum.
2088 227 2242 280 [444-
2306 206 2314 226 ³

384 399 489 454 141
544 404 694 469 Lapis
733 402 1079 452 inaedificatus
1117 403 1167 451 in
1207 402 1395 468 oppido
1430 401 1498 451 Co
1537 403 1587 451 in
1625 403 1818 468 pariete
1856 402 2037 451 domus
2074 402 2247 466 priva-

270 494 351 540 tae
398 505 559 556 prope
615 490 973 539 coemeterium
1018 488 1282 539 Graecum.
1348 489 1576 538 Primum
1634 489 1797 539 editus
1844 492 1922 538 est
1973 489 2148 537 titulus
2196 488 2246 536 in

271 577 592 644 ephemeride
641 577 719 626 cui
764 577 1055 626 inscribitur
1084 568 1324 644 Ὅμηρος,
1378 590 1512 624 anno
1561 574 1715 625 4874.
1792 575 1982 625 Deinde
2039 588 2248 624 accura-

270 665 461 714 tissime
500 664 812 729 exscriptum
850 663 1190 713 exhibuerunt
1216 663 1378 712 Paton
1406 665 1456 712 et
1481 662 1636 712 Hicks
1672 663 1825 712 Inscr.
1849 661 1907 711 of
1928 660 2024 711 Cos
2061 677 2112 727 p.
2144 661 2244 711 422

269 767 316 799 n.
348 748 412 798 73
462 750 540 816 (M.
570 750 624 799 L.
656 750 835 800 Strack
882 751 971 800 Die
1017 750 1259 815 Dynastie
1307 749 1398 799 der
1449 750 1735 799 Ptolemaer
1780 765 1830 815 p.
1869 748 1972 798 254
2020 762 2067 796 n.
2109 746 2244 812 404).

270 836 342 886 Cf.
391 851 521 902 quae
575 837 840 887 adnotavit
889 838 932 887 J.
962 838 1016 887 P.
1045 836 1270 902 Mahasfy
1326 836 1432 886 The
1479 837 1671 902 empire
1727 836 1786 885 of
1835 834 1924 884 the
1979 834 2247 884 Ptolemies
2295 862 2299 866 -

266 939 317 990 p.
348 923 450 972 385
490 927 593 973 not.
624 924 672 974 2.
2294 931 2295 935 ’

413 1063 664 1126 Βασιλεὺς
715 1064 1066 1136 Πτολεμαῖος1
1111 1064 1197 1118 καὶ
1249 1065 1520 1136 βασίλισσα
1560 1063 1567 1134 Ι
1607 1061 1914 1134 Κλεοπάτρα
1962 1065 1995 1133 ἡ
2049 1061 2244 1133 ἀδελφὴ
2288 1084 2289 1088 ’

413 1153 499 1207 καὶ
539 1153 805 1224 βασίλισσα
845 1153 850 1224 Ι
892 1151 1194 1224 Κλεοπάτρα
1229 1155 1262 1223 ἡ
1302 1154 1425 1223 γυνή
1439 1153 1477 1220 ²,
1517 1149 1629 1204 θεοὶ
1666 1149 1959 1223 Εὐεργέται,
2001 1146 2247 1221 ΙἹέρωνα
2284 1187 2286 1189 -

357 1255 382 1295 5
414 1240 570 1310 Σίμου
602 1242 699 1293 τῶν
722 1240 931 1311 πρώτων
959 1239 1165 1312 φίλωνῧ,
1191 1238 1208 1311 Ι]
1233 1239 1657 1311 ἐπιτροπεύσαντα
1682 1241 1779 1291 τῶν
1805 1238 1987 1291 τέκνων
2013 1239 2157 1308 ἡμῶν
2168 1239 2206 1304 4,
2235 1235 2242 1306 Ι

410 1327 678 1398 ἐτείμησαν
719 1325 976 1399 στεφάνωι
1006 1327 1231 1399 χρυσέωι
1266 1325 1352 1379 καὶ
1391 1324 1598 1397 (ε)ἰκόΙνι
1621 1326 1838 1398 χρυσέηι
1877 1325 2059 1396 ἀρετῆς
2098 1324 2245 1376 ἕνεκα

409 1413 500 1466 καὶ
537 1413 781 1483 εὐνοίας)
822 1418 910 1484 τῆς
948 1415 1019 1473 εἰς
1059 1412 1239 1473 αὑτοὺς
1276 1412 1363 1466 καὶ
1398 1409 1464 1465 τὰ
1501 1412 1665 1465 τέκνα.

379 1581 573 1622 Litterae
603 1580 791 1623 ΑΘΣΕΞ.
852 1581 981 1622 Fines
1012 1582 1246 1622 hastarum
1277 1581 1484 1634 apicibus
1506 1581 1665 1622 ornati.
1785 1583 1800 1620 4
1841 1579 2126 1620 Ptolemaeus
2147 1577 2244 1617 VIII
2312 1625 2314 1631 Ι

263 1653 507 1705 Euergetes
546 1655 583 1694 II
628 1653 872 1705 (446-446
909 1666 947 1695 a.
985 1654 1086 1695 Chr.
1123 1654 1196 1706 n.).
1358 1657 1383 1694 2
1425 1653 1486 1694 Cf.
1526 1666 1568 1694 n.
1593 1652 1717 1694 4387.
1880 1655 1902 1691 3
1945 1651 2006 1692 Cf.
2046 1662 2088 1691 n.
2121 1647 2243 1691 4042.

266 1728 288 1765 4
327 1725 427 1767 Non
469 1728 589 1767 recte
618 1725 815 1779 Mahaffy
845 1727 957 1767 mihi
989 1726 1170 1767 videtur
1212 1738 1267 1767 ex
1308 1726 1444 1767 huius
1483 1725 1617 1767 officii
1658 1725 1886 1766 mentione
1924 1724 2145 1775 colligere,
2186 1733 2240 1763 eo

262 1799 469 1850 tempore
490 1800 836 1839 monumentum
860 1798 1115 1840 confectum
1136 1810 1248 1852 esse,
1273 1810 1363 1852 quo
1385 1798 1515 1839 liberi
1537 1799 1775 1839 etiamtum
1795 1796 2058 1850 impuberes
2079 1795 2241 1836 essent.

263 1869 378 1911 Nam
415 1871 612 1912 aoristus
650 1871 829 1924 indicat,
874 1872 1063 1913 tutelam
1102 1873 1199 1913 tum
1241 1873 1331 1913 iam
1369 1871 1540 1913 finitam
1579 1870 1731 1912 fuisse.
1792 1870 2003 1910 Ceterum
2041 1879 2146 1909 cum
2186 1877 2242 1907 ex

262 1944 457 1995 utroque
488 1944 779 1985 matrimonio
801 1944 968 1985 liberos
989 1944 1203 1985 habuerit
1218 1945 1502 1986 Ptolemaeus
1523 1944 1766 1996 Euergetes
1798 1942 1866 1994 (cf.
1893 1954 1934 1984 n.
1957 1945 2038 1982 430
2049 1940 2079 1981 3.
2110 1938 2240 1993 4343),

262 2026 408 2068 neque
439 2017 555 2056 inter
584 2017 824 2069 utriusque
854 2018 1010 2058 uxoris
1048 2017 1164 2058 filios
1202 2028 1417 2070 magnum
1457 2017 1616 2058 aetatis
1655 2017 1898 2057 discrimen
1936 2013 2243 2055 intercesserit

263 2086 320 2139 (v.
343 2086 454 2128 4323
484 2090 798 2141 comparatum
831 2101 937 2130 cum
966 2102 1008 2130 n.
1032 2089 1170 2143 4441),
1211 2090 1322 2131 nihil
1359 2089 1511 2131 obstat
1541 2090 1786 2142 quominus
1816 2085 1941 2143 ἡμῶν
1974 2086 2029 2127 de
2059 2097 2163 2138 rege
2197 2086 2242 2126 et

261 2160 455 2212 utraque
485 2161 638 2212 regina
669 2161 946 2202 coniunctim
975 2162 1341 2215 interpretemur.

372 2417 481 2473 142
532 2422 687 2472 Philis
724 2424 776 2472 in
813 2425 977 2473 insula
1013 2425 1065 2473 in
1101 2428 1249 2490 parte
1277 2424 1515 2474 interiore
1539 2424 1721 2490 pronai
1747 2424 1854 2472 eius
1882 2422 2061 2486 sacelli,
2103 2420 2243 2486 quod-

261 2511 338 2557 est
385 2509 631 2559 orientem
679 2525 861 2560 versus
907 2526 938 2560 a
984 2512 1175 2577 templo
1221 2525 1422 2576 magno.
1498 2511 1576 2559 Ex
1624 2510 1858 2560 Bankesii
1913 2508 2113 2559 schedis
2159 2507 2237 2557 ed.

261 2595 512 2645 Letronne
551 2596 869 2648 Recherches
906 2613 1039 2664 pour
1076 2599 1239 2648 servir
1277 2598 1307 2647 a
1334 2594 1581 2648 l’histoire
1608 2598 1671 2647 de
1695 2585 1926 2663 l'Egypte
1962 2612 2011 2662 p.
2038 2597 2102 2645 89
2127 2604 2238 2660 εᾳῳῖ

260 2681 460 2731 Recueil
488 2683 575 2731 des
603 2684 751 2733 inscr.
784 2683 867 2733 Gr.
897 2687 946 2733 et
971 2685 1078 2734 Lat.
1109 2685 1170 2734 de
1202 2672 1482 2750 I’Egyptel
1517 2700 1566 2750 p.
1601 2684 1665 2733 46
1706 2699 1754 2732 n.
1783 2683 1870 2733 VII
1910 2682 1983 2750 (G.
2014 2681 2202 2731 Parthe
2297 2742 2300 2752 y

259 2767 321 2816 de
358 2768 514 2818 Philis
551 2770 715 2819 insula
751 2786 801 2836 p.
832 2771 916 2819 56.
980 2772 1021 2820 J.
1053 2772 1214 2820 Franz
1254 2771 1305 2822 C.
1333 2772 1367 2820 I.
1399 2770 1455 2820 G.
1487 2768 1658 2838 4895).
1724 2771 1782 2819 R.
1811 2770 2023 2836 Lepsius
2070 2769 2227 2830 Denk

258 2855 417 2903 maler
453 2870 545 2904 aus
582 2856 846 2922 Aegypten
883 2857 990 2906 und
1013 2857 1313 2923 Aethiopien
1339 2858 1428 2906 XII
1465 2873 1515 2923 p.
1546 2857 1610 2906 85
1651 2872 1699 2906 n.
1731 2857 1832 2906 209
1874 2855 1954 2924 (Μ.
1978 2857 2032 2906 L.
2058 2856 2173 2906 Stra
2224 2863 2236 2910 j

256 2941 346 2990 Die
382 2942 624 3007 Dynastie
663 2944 755 2993 der
791 2944 1077 2993 Ptolemaer
1113 2960 1163 3010 p.
1193 2944 1294 2995 254
1336 2960 1384 2993 n.
1418 2944 1517 2992 403
1531 2943 1593 3009 a).
2225 2928 2229 2929 ⁷

402 3081 654 3144 Βασιλεὺς
694 3083 1039 3155 Πτολε-ηιαῖος1
1075 3084 1162 3138 καὶ
1203 3085 1471 3157 βασίλισσα
1497 3083 1803 3157 Κλεοπάτρα
1839 3088 1872 3155 ἡ
1915 3085 2109 3156 ἀδελφὴ
2149 3104 2224 3142 κα,

402 3170 672 3240 βασίλισσα
709 3169 1015 3243 Κλεοπάτρα
1050 3174 1083 3242 ἡ
1123 3174 1245 3242 γυνή
1259 3174 1293 3241 ²,
1335 3171 1446 3225 θεοὶ
1484 3170 1773 3243 Εὖεργέται,
1811 3168 2141 3243 Ἀφροδίτηιῧ.

370 3340 562 3381 Litterae
593 3341 737 3382 ΑΘΠ.
799 3339 943 3380 Unum
974 3349 1073 3380 esse
1103 3350 1288 3380 versum
1319 3340 1466 3393 Lepsii
1505 3340 1742 3381 delineatio
1776 3341 2011 3392 monstrat,
2050 3350 2154 3380 cum
2183 3258 2249 3386 ἰιίβς

258 3411 458 3464 Corpore
480 3414 833 3465 Inscriptionum
854 3412 899 3453 in
921 3412 1034 3453 duos
1057 3411 1229 3452 divisus
1253 3412 1322 3452 sit.
1444 3416 1460 3452 4
1498 3413 1779 3453 Ptolemaeus
1800 3412 1897 3452 VIII
1929 3412 2170 3464 Euergetes
2189 3386 2242 3451 113

256 3483 497 3534 (446-446
531 3497 567 3525 a.
593 3485 692 3526 Chr.
716 3484 787 3536 n.).
936 3487 959 3523 2
999 3483 1060 3525 Cf.
1093 3496 1133 3524 n.
1158 3487 1237 3523 438
1250 3483 1278 3524 7.
1429 3488 1450 3522 3
1492 3484 1557 3525 Ex
1588 3485 1789 3537 quinque
1819 3484 2000 3536 templis
2032 3484 2237 3536 quorum'
2282 3488 2284 3504 ¹

256 3556 501 3607 parietinae
550 3558 727 3597 exstant
770 3558 816 3597 in
859 3556 1007 3597 insula
1042 3555 1177 3597 Philis
1221 3556 1323 3608 hoc,
1371 3556 1495 3608 quod
1535 3558 1755 3598 orientem
1795 3567 1955 3597 versus
2001 3568 2025 3596 a
2067 3562 2231 3606 magna·
2279 3536 2283 3608 l

256 3627 386 3667 Isidis
428 3627 617 3669 delubro
655 3629 794 3670 situm
829 3630 910 3681 est,
951 3629 1082 3680 longe
1117 3627 1356 3668 minimum
1391 3630 1500 3682 erat,
1540 3640 1630 3669 non
1665 3629 1768 3680 plus
1805 3639 1941 3680 quam
1978 3624 2223 3668 metroruni
2277 3685 2279 3694 Α

256 3699 455 3751 quinque
486 3699 718 3740 latitudine
751 3711 854 3741 cum
887 3699 1064 3741 duabus
1104 3699 1325 3741 columnis
1357 3700 1474 3740 inter
1505 3702 1631 3741 antas
1662 3700 1834 3752 pronai.
1895 3701 1943 3740 In
1973 3711 2026 3741 eo
2057 3698 2226 3752 templo<
2276 3699 2279 3707 ’
