2314 3970
272 207 371 258 176
950 204 998 244 Il.
1045 204 1245 255 Regnum
1277 202 1558 254 Lagidarum.
2108 203 2235 255 [99.-

266 380 500 434 probabile
541 380 598 419 sit
636 378 840 419 omnium
882 376 1128 417 liberorum
1169 378 1276 416 natu
1316 376 1565 417 maximum
1596 375 1748 430 fuisse,
1790 377 1994 428 sequitur
2037 379 2089 417 ut
2119 377 2239 417 hunc

266 453 448 494 titulum
495 453 611 492 intra
656 460 877 490 annorum
921 451 1138 490 488-484
1178 460 1215 489 a.
1250 448 1348 489 Chr.
1382 460 1422 489 n.
1456 449 1655 501 spatium
1696 451 1929 489 exaratum
1970 450 2237 490 statuamus.

266 529 289 566 8
328 527 448 566 ΤΟΝ
482 525 527 564 in
557 522 704 575 lapide
733 532 833 562 esse
864 520 1043 562 definite
1069 522 1261 562 testatur
1282 520 1518 573 Corderus,
1551 531 1655 560 cum
1678 521 1898 561 Letronne
1923 532 1977 561 ex
1999 521 2238 571 Millingeni

267 596 524 649 apographo
555 596 672 635 ΤΩΝ
705 592 927 646 exhibeat,
959 592 1081 645 quod
1112 593 1269 645 utique
1299 592 1435 633 incidi
1466 591 1637 634 debuit.

375 838 490 892 100
539 841 690 906 Lapis
727 841 948 904 grauites
996 840 1149 890 ruber
1194 839 1489 905 quadratUS,
1539 840 1588 887 in
1633 854 1807 888 museo
1851 839 2023 904 oppidi
2063 835 2234 887 CairO.

266 929 388 977 Edd.
432 929 491 976 M.
522 928 574 975 L.
607 926 785 977 Strack
821 926 980 976 Mitth.
1011 927 1100 976 des
1126 926 1263 975 arch.
1293 927 1411 975 Inst.
1441 926 1491 974 in
1517 924 1681 975 Athen
1707 926 1819 973 XIX
1847 925 1885 991 (l
1902 922 2022 990 894)
2059 941 2109 990 p.
2133 924 2237 974 225

265 1031 312 1064 n.
343 1015 422 1063 III.
496 1014 688 1063 Naville
735 1015 902 1080 Egypt
946 1014 1263 1079 exploration
1302 1013 1426 1062 fund
1461 1013 1570 1061 VIII
1606 1027 1655 1077 p.
1687 1012 1752 1062 59
1792 1011 1893 1062 tab.
1926 1012 1991 1061 49
2042 1009 2238 1078 (Strack

263 1102 352 1151 Die
389 1101 629 1165 Dynastie
669 1100 757 1149 der
793 1101 1078 1150 Ptolemaei·
1113 1116 1162 1165 p.
1194 1099 1296 1149 245
1337 1114 1385 1148 n.
1417 1096 1517 1165 74).

404 1238 732 1301 Ἀπολλώνιος
753 1239 949 1301 Θέωνος
963 1244 995 1309 1,
1023 1244 1120 1294 τῶν
1142 1240 1316 1313 φίλ[ων
1328 1241 1365 1309 2]
1390 1239 1396 1311 Ι
1418 1243 1504 1292 τοῦ
1526 1238 1773 1311 βασιλέως
1791 1238 1878 1292 καὶ
1904 1240 2157 1309 διοικητήν
2170 1241 2206 1308 ³,
2230 1238 2236 1309 1

406 1328 488 1382 τὸν
515 1330 696 1382 ἑαυτοῦ
734 1329 997 1399 ἀδελφόν4,
1038 1327 1354 1398 Πτολεμαῖος
1396 1327 1401 1398 Ι
1434 1323 1766 1380 Ἀπολλωνίου
1791 1329 1887 1379 τῶν
1916 1327 2202 1396 διαδόχων-5
2225 1323 2242 1395 ΙΙ

379 1505 570 1546 Litterae
607 1504 816 1556 volgares
855 1504 1035 1556 praeter
1072 1505 1129 1545 Σ.
1278 1506 1294 1543 4
1342 1502 1404 1544 Cf.
1442 1502 1627 1543 titulum
1667 1500 1936 1542 Bubastium
1975 1511 2046 1553 ap.
2084 1499 2240 1541 Strack

263 1578 344 1619 Die
364 1578 579 1630 Dynastie
600 1577 680 1617 der
700 1576 951 1617 Ptolemaer
981 1586 1024 1628 p.
1043 1577 1125 1616 245
1156 1586 1198 1615 n.
1224 1578 1297 1615 75:
1335 1571 1525 1616 Βασιλέα
1554 1570 1834 1629 Πτολεμαῖον,
1866 1570 1980 1625 θ[εὸν
2006 1566 2241 1628 Ἐπιφανῆ]

262 1649 337 1691 καὶ
356 1646 617 1708 Εὐχάριστον
638 1671 696 1678 —-
715 1642 1012 1699 Ἀπολλώ[νιος
1034 1643 1218 1699 Θέωνος]
1242 1644 1248 1702 Ι
1271 1651 1356 1688 τῶν
1378 1644 1515 1703 φίλων
1538 1644 1560 1688 ὁ
1583 1643 1815 1701 διοικητὴς.
1948 1647 1972 1684 2
2012 1643 2239 1685 Strackius

264 1733 369 1762 cum
389 1721 499 1762 nihil
520 1721 605 1762 nisi
635 1722 756 1762 ΤΟΝ
790 1720 984 1772 legisset,
1015 1718 1225 1776 [συγγενῆ]
1255 1718 1504 1772 supplevit3
1535 1719 1580 1759 at
1609 1718 1820 1759 ΤΩΝΦΙΛ
1851 1717 2034 1769 agnovit
2052 1715 2239 1767 Naville,

263 1794 387 1847 quod
427 1794 567 1834 altero
608 1792 810 1834 eiusdem
843 1792 1036 1833 Theonis
1077 1791 1208 1832 titulo
1240 1791 1345 1843 (not.
1370 1791 1407 1843 4)
1446 1790 1785 1844 comprobatur.
1844 1789 2107 1830 Amicorum
2141 1788 2239 1840 (τῶν

266 1864 415 1923 φίλων)
455 1865 730 1919 paenultima
768 1864 924 1905 classis
963 1866 1032 1905 est
1072 1864 1116 1905 in
1155 1863 1232 1904 illo
1276 1863 1547 1916 dignitatum
1593 1862 1843 1903 aulicarum
1888 1861 2057 1914 ordine,
2104 1871 2239 1913 quem

264 1938 547 1979 Ptolemaeus
568 1937 605 1977 V
626 1937 882 1989 Epiphanes
913 1936 1003 1977 fere
1035 1947 1074 1977 a.
1097 1939 1176 1977 490
1201 1948 1238 1976 a.
1262 1935 1363 1977 Chr.
1386 1947 1426 1977 n.
1458 1935 1667 1988 instituit,
1698 1933 2035 1975 Seleucidarum
2066 1935 2118 1973 ut
2142 1933 2240 1985 qui-

266 2010 368 2051 dem
400 2010 578 2051 videtur
608 2009 867 2061 exemplum
899 2010 1081 2049 secutus
1114 2008 1181 2059 (cf.
1213 2019 1254 2049 n.
1279 2006 1414 2060 4042).
1475 2007 1599 2048 Idem
1641 2007 1827 2047 honoris
1858 2005 2132 2047 vocabulum
2171 2015 2240 2045 re-

265 2083 407 2123 currit
451 2082 565 2123 infra
607 2093 649 2122 n.
681 2084 778 2134 445,
810 2083 849 2122 4.
914 2079 1383 2132 Lebas-Waddington
1428 2081 1564 2121 Inscr.
1600 2079 1658 2119 III
1694 2082 1796 2120 2824
1817 2090 1860 2131 a,
1897 2082 1936 2120 5.
2112 2080 2135 2117 3
2178 2075 2238 2118 Cf.

264 2167 305 2195 n.
331 2158 397 2207 53,
422 2158 459 2195 7.
483 2158 534 2195 59
548 2152 578 2194 3.
629 2153 710 2194 Hic
739 2164 922 2206 quoque
953 2164 1161 2194 summus
1183 2153 1331 2194 omnis
1362 2152 1764 2193 administrationis
1794 2151 2082 2204 pecuniariae
2113 2160 2240 2203 prae-

263 2227 407 2268 fectus
436 2227 626 2268 iudicari
654 2225 848 2267 videtur.
999 2228 1020 2266 4
1059 2225 1256 2267 Alterius
1276 2226 1394 2278 patri
1415 2225 1548 2278 Theo,
1580 2224 1766 2264 alterius
1791 2223 2054 2276 Apollonius
2075 2233 2239 2263 nomen

265 2301 379 2351 erat;
411 2298 695 2351 intellegendi
725 2298 862 2350 igitur
892 2297 1053 2338 fratres
1082 2298 1248 2338 uterini
1280 2296 1477 2350 quidem,
1509 2296 1589 2338 sed
1617 2307 1711 2337 non
1741 2295 1901 2337 eodem
1931 2297 2060 2348 patre
2090 2295 2239 2346 geniti.

267 2375 290 2412 5
329 2371 496 2412 Eadem
527 2370 767 2424 appellatio
800 2370 918 2411 redit
946 2381 988 2410 n.
1013 2372 1108 2423 402,
1131 2373 1170 2411 2.
1206 2373 1300 2423 440,
1326 2371 1362 2410 4.
1396 2372 1492 2422 445,
1518 2372 1583 2410 45.
1645 2367 1855 2409 Infimum
1885 2368 1931 2407 in
1962 2367 2063 2408 aula
2093 2366 2240 2407 Ptole-

266 2454 500 2484 maeorum
537 2443 765 2494 dignitatis
805 2442 994 2495 gradum
1036 2441 1258 2494 significat
1289 2442 1343 2493 (n.
1367 2443 1448 2482 404
1461 2439 1507 2492 2).
1567 2440 1652 2481 Sed
1681 2442 1734 2481 ut
1770 2440 1825 2480 de
1862 2440 1948 2480 hac
1977 2438 2160 2491 quidem
2191 2449 2240 2478 re

264 2517 381 2556 inter
410 2525 565 2556 omnes
602 2515 827 2568 convenit,
866 2515 933 2555 sic
962 2514 1194 2567 quomodo
1228 2525 1321 2555 vox
1351 2513 1407 2555 ad
1436 2514 1552 2554 hanc
1583 2511 1953 2565 significationem
1984 2510 2241 2564 pervenerit

266 2598 538 2640 magnopere
576 2586 852 2628 dissentitur.
911 2587 1177 2640 Droysenus
1218 2586 1401 2639 quidem
1439 2586 1593 2627 Kleine
1628 2584 1848 2626 Schriften
1879 2584 1917 2623 11
1949 2594 1990 2636 p.
2015 2586 2095 2624 369
2134 2594 2239 2636 pro·
2312 2581 2314 2603 ³

265 2660 411 2711 priam
448 2659 586 2699 fuisse
625 2659 790 2699 conicit
828 2658 1184 2711 pedisequorum
1227 2659 1333 2699 vim.
1393 2658 1450 2698 At
1486 2657 1762 2710 pedisequus
1800 2667 1890 2697 non
1921 2653 2120 2713 διάδοχος
2156 2656 2238 2707 est,
2311 2645 2314 2674 ³

266 2731 346 2772 sed
375 2728 626 2776 ἀκόλουθος.
686 2730 786 2771 Non
823 2730 1104 2783 probabilius
1136 2731 1183 2772 G.
1207 2730 1459 2771 Lumbroso
1498 2730 1779 2770 Recherches
1817 2739 1897 2770 sur
1926 2723 2082 2769 l'econ.
2114 2726 2238 2779 polit.
2310 2718 2314 2746 ³

266 2803 321 2844 de
351 2791 551 2856 l’Egypte
579 2813 622 2855 p.
646 2806 727 2843 495
760 2802 998 2843 militarem
1030 2804 1323 2856 potissimum
1363 2803 1484 2843 hunc
1521 2801 1710 2854 gradum
1751 2801 1890 2842 fuisse
1927 2799 2239 2840 demonstrare

266 2877 456 2916 conatur
486 2885 596 2915 usus
627 2874 802 2915 Arriani
832 2874 931 2916 loco
952 2874 1091 2916 Anah.
1113 2875 1294 2928 V11,⁴2,
1319 2871 1366 2916 Ιιέ
1395 2868 1656 2930 Ἀντίπατρον
1688 2871 1734 2914 δὲ
1765 2870 1990 2929 διαδόχους
2020 2873 2108 2917 τοῖς
2129 2869 2238 2912 ἀπο·
2307 2889 2309 2931 2

263 2944 552 3002 πεμπομένοις
589 2943 701 3003 ἄγειν
741 2941 994 2992 Μακεδόνας
1038 2952 1122 2988 τῶν
1164 2944 1441 3002 ἀκμαζόντων
1482 2943 1716 2987 ἐκέλευσεν.
1777 2945 1862 2986 Sed
1906 2955 2043 2997 quem
2089 2943 2238 2996 fugiet,
2306 2965 2309 3001 γ

264 3019 356 3060 illic
386 3016 609 3075 διαδόχους
649 3029 796 3070 neque
836 3029 975 3070 genus
1013 3019 1199 3059 militiae
1240 3030 1386 3071 neque
1427 3018 1631 3060 ordinem
1670 3019 1749 3059 aut
1778 3016 1968 3069 gradum
1998 3015 2237 3056 militarem

265 3102 378 3145 esse,
409 3091 488 3132 sed
518 3090 752 3131 manifesto
784 3090 1088 3143 praedicative
1107 3093 1380 3144 usurpatum
1411 3091 1521 3131 nihil
1551 3090 1673 3131 aliud
1702 3089 1789 3131 sibi
1821 3089 1935 3131 velle
1966 3090 2102 3140 atque
2131 3086 2238 3128 ὥστε
2304 3127 2306 3142 Ι

265 3160 546 3222 διαδέχεσθαι.
596 3162 742 3215 Atque
763 3163 946 3203 omnino
967 3163 1013 3202 hi
1038 3163 1216 3204 ordines
1248 3167 1473 3220 συγγενῶν,
1504 3159 1984 3221 ἀρχισωματοφυλάκων
2015 3160 2069 3201 al.
2096 3159 2237 3200 mani-

265 3235 378 3276 festo
409 3235 551 3287 gradu
580 3234 733 3288 modo,
771 3246 861 3276 non
891 3245 1052 3286 genere
1081 3236 1198 3275 inter
1228 3246 1276 3275 se
1314 3235 1582 3288 discrepant,
1621 3236 1673 3275 ut
1710 3245 1802 3274 non
1839 3233 1972 3274 liceat
2007 3243 2151 3273 unum
2181 3241 2236 3272 ex
2303 3261 2305 3274 2

266 3308 330 3348 eis
362 3308 504 3359 magis
535 3308 742 3348 minusve
772 3307 1033 3360 militaremY
1044 3308 1123 3347 aut
1152 3307 1332 3347 civilem
1363 3307 1622 3347 existimare
1651 3317 1789 3359 quam
1819 3305 2030 3357 reliquos.
2083 3302 2237 3356 Nuper

266 3380 311 3419 P.
341 3380 494 3431 Meyer
534 3379 619 3420 Das
655 3379 964 3431 Kriegswesen
1005 3379 1085 3420 der
1125 3379 1377 3419 Ptolemaer
1415 3379 1508 3419 und
1547 3379 1710 3419 Romer
1754 3378 1799 3419 in
1835 3376 2069 3430 Aegypton
2108 3386 2151 3428 p.
2182 3375 2234 3414 48
2301 3418 2303 3425 ,

267 3453 357 3491 not.
381 3454 454 3491 634
493 3451 628 3492 huius
666 3451 821 3492 classis
861 3462 1025 3492 nomen
1056 3452 1258 3504 repetere
1295 3451 1486 3491 conatus
1527 3452 1596 3491 est
1633 3450 1689 3491 ab
1727 3460 1886 3490 eorum
1924 3447 2235 3501 appellatione,

267 3522 344 3574 qui
374 3533 659 3564 successores
688 3523 881 3564 ducibus
913 3523 1108 3564 militum
1138 3533 1324 3576 peregre
1345 3523 1472 3563 missi
1503 3524 1665 3563 essent.
1714 3521 1846 3570 Quod
1867 3520 1977 3561 mihi
1998 3520 2236 3572 propterea

267 3605 356 3635 non
393 3593 624 3647 probatur,
666 3596 772 3648 quia
819 3596 1094 3637 successoris
1132 3595 1421 3647 magistratus
1466 3596 1546 3635 aut
1584 3594 1798 3647 praefecti
1846 3591 2089 3633 cuiuslibet
2131 3601 2235 3631 con·
2298 3606 2299 3626 ι

268 3665 386 3706 dicio
433 3666 600 3707 nullam
645 3667 781 3708 habet
830 3669 940 3708 certi
985 3667 1151 3719 gradus
1195 3669 1273 3708 aut
1319 3665 1454 3708 officii
1501 3667 1743 3720 notionem,
1795 3666 1846 3705 ut
1890 3675 1978 3704 non
2023 3661 2235 3716 appareat
2296 3669 2300 3723 l
