2314 3970
252 215 351 265 126
942 214 991 253 11.
1024 212 1224 264 Regnum
1255 211 1534 264 Lagidarum.
2089 211 2220 264 [7]...

247 387 473 429 Letronnii
509 382 913 442 [Τρωγ]λο[ὂ]υ[τῶν]
952 385 998 423 et
1035 383 1206 424 Franzii
1245 379 1705 441 [Τρωγ]λο[ὃ]υ[τικῆς],
1747 395 1862 436 quae
1904 385 1992 424 iam
2033 386 2219 437 propter

247 461 519 513 scripturam
551 469 632 511 per
662 454 836 511 λάμβδα
869 456 923 508 (ιι.
950 454 1041 507 705)
1075 456 1418 508 suspectissima
1449 457 1589 508 erant,
1630 455 1762 508 plane
1801 458 2078 497 evertuntur.
2139 453 2219 498 Πε-

245 531 449 585 λουσ[ίου]
481 531 701 570 Schwarz.
764 528 818 568 At
847 529 899 568 ut
929 527 1270 569 concedendum
1302 529 1383 581 est,
1427 541 1447 567 ε
1478 538 1560 580 pro
1592 542 1620 582 η
1652 528 1750 568 aliis
1782 529 2000 580 exemplis
2043 528 2219 570 defendi

246 616 394 658 posse,
427 604 492 644 sic
522 604 673 643 tamen
695 601 857 641 Pelusii
880 600 1154 641 mentionem
1186 599 1242 641 ab
1264 600 1351 641 hoc
1381 599 1513 640 titulo
1547 599 1733 640 alienam
1758 612 1856 641 esse
1889 601 2014 640 facile
2045 604 2113 641 cst
2145 601 2219 641 de-

246 677 511 718 monstratu.
573 675 685 715 Sane
715 673 790 713 illo
823 670 1015 729 σωθῆναι
1046 670 1095 713 ἐκ
1124 672 1196 712 vel
1229 669 1312 713 ἀπὸ
1343 671 1453 712 nihil
1485 671 1571 712 nisi
1602 671 1773 712 felicem
1809 673 2002 712 reditum
2035 684 2088 712 ex
2120 673 2217 714 loco

244 750 394 802 aliquo
425 747 626 800 indicari,
668 756 815 798 neque
844 755 1010 786 nomen
1041 756 1066 786 a
1096 744 1431 797 praepositione
1461 744 1661 796 pendens
1695 746 1754 784 rei
1780 746 2058 797 periculosae
2085 745 2219 797 signi-

242 821 510 873 ficationem,
550 818 695 861 veluti
730 828 974 860 saevorum
1005 816 1369 869 Trogodytarum
1400 827 1579 857 morum
1617 817 1795 869 habere,
1837 818 2069 858 verissime
2109 818 2221 858 dixit

244 894 452 935 Schwarz
484 892 539 944 (n.
564 889 671 941 705).
723 890 807 931 Sed
838 890 1029 931 deorum
1060 889 1335 942 benignitate
1365 899 1414 929 se
1441 888 1618 929 salvum
1650 890 1819 930 redisse
1850 901 1904 930 ex
1936 890 2085 942 aliquo
2118 890 2217 930 loco

242 977 374 1007 nemo
406 966 452 1006 in
482 963 614 1006 titulo
645 962 937 1017 praedicabit,
976 962 1063 1003 nisi
1094 972 1149 1002 ex
1187 961 1434 1014 longinquo
1465 963 1544 1002 aut
1581 960 1811 1003 laborioso
1855 964 1931 1002 aut
1963 963 2218 1014 periculoso

243 1038 403 1080 itinere
432 1036 629 1078 redierit.
690 1035 839 1085 Quare
868 1034 991 1088 quod
1023 1034 1306 1076 Schwarzius
1337 1043 1442 1074 cum
1473 1033 1561 1074 hoc
1591 1034 1763 1075 confert
1801 1035 2058 1086 exemplum
2100 1034 2220 1074 tituli

242 1111 431 1164 Lepsius
452 1121 495 1151 n.
519 1111 600 1150 424
633 1108 855 1160 (Schwarz
877 1119 918 1148 ιι.
943 1107 981 1158 9)
1013 1103 1255 1164 Ζηνόδοτος
1285 1102 1438 1151 σωθεὶς
1465 1108 1545 1162 γῆς
1565 1103 1647 1147 ἀπὸ
1666 1110 1745 1159 τῆς
1769 1101 1978 1160 Σαβαίων,
2009 1105 2055 1147 id
2077 1106 2220 1147 neuti-

243 1194 382 1236 quam
411 1181 557 1223 simile
586 1182 667 1223 est.
718 1179 875 1233 Neque
906 1180 1089 1221 omnino
1110 1179 1332 1232 intellego,
1364 1178 1594 1232 quomodo
1618 1178 1846 1231 quispiam
1868 1178 2043 1220 Pelusio
2075 1178 2219 1220 redux

242 1255 371 1296 illum
408 1254 574 1307 locum,
619 1264 711 1306 quo
750 1252 910 1294 titulus
953 1252 1166 1293 inventus
1204 1252 1284 1304 est,
1331 1251 1549 1302 attingere
1585 1251 1800 1303 potuerit.
1861 1250 2037 1292 Etenim
2075 1251 2149 1291 via
2193 1262 2219 1291 a

243 1327 420 1368 Pelusio
451 1327 496 1368 in
526 1324 754 1367 Thebaida
783 1324 986 1378 profecto
1018 1334 1107 1365 non
1138 1333 1220 1378 per
1249 1322 1361 1364 illud
1399 1322 1631 1364 desertum
1668 1324 1766 1364 erat
1795 1334 1885 1376 quo
1915 1322 2004 1364 Nili
2034 1323 2163 1364 vallis
2194 1334 2219 1363 a

243 1401 346 1441 sinu
375 1399 568 1441 Arabico
601 1397 912 1440 distinebatur.
973 1396 1121 1446 Quare
1160 1393 1402 1453 πελ(άγ)ους
1439 1395 1692 1437 emendavi.
1752 1395 1814 1436 Cf.
1844 1407 1886 1436 ιι.
1912 1398 1977 1448 69,
2001 1397 2023 1436 Ιι
2066 1393 2220 1441 σωθεὶς

242 1470 290 1529 ἐγ
330 1468 527 1529 μεγάλων
567 1467 771 1512 κινδύνων
811 1466 1046 1515 ἐκπλεύσας
1088 1466 1137 1509 ἐκ
1172 1471 1253 1524 τῆς
1274 1461 1492 1524 Ἐρυθρᾶς
1530 1465 1764 1524 θαλάσσης.
1823 1468 1960 1509 Inscr.
1991 1467 2075 1509 ins.
2107 1478 2218 1509 mar.

241 1543 346 1597 Aeg.
368 1543 419 1597 11,
444 1546 548 1584 ⁴⁴9:
587 1537 742 1594 Γ(ά’ίος)
774 1536 1046 1596 Κορνήλι(ο)ς
1075 1536 1314 1598 Χρηστίων,
1345 1534 1833 1595 Κορνηλίαθάλλουσα,
1865 1535 1896 1581 Γ
1900 1538 2022 1591 (άϊος)
2050 1534 2220 1595 Κορνή-

240 1613 332 1662 λιος
363 1611 600 1660 Σεκοῦνδος
628 1610 932 1673 χειμασθέντες
963 1610 1007 1654 ἐν
1038 1610 1213 1669 πελάγει
1241 1608 1331 1669 θεῷ
1361 1607 1520 1667 ὑψίστῳ
1551 1610 1825 1671 χρηστήριον.

346 1844 376 1899 7
383 1844 416 1899 5
465 1848 608 1898 Basis
646 1847 918 1897 marmoris
963 1847 1194 1912 caerulei,
1240 1844 1491 1896 Salamine
1530 1844 1684 1912 Cypri
1728 1846 1781 1894 in
1823 1845 1967 1911 prelo
2012 1844 2213 1895 oleario.

238 1935 328 1985 Ed.
386 1935 446 1984 H.
481 1934 537 1985 A.
574 1934 744 1985 Tubbs
798 1934 1005 1984 Journal
1050 1933 1111 1983 of
1147 1933 1272 1983 Hell.
1314 1933 1444 1983 stud.
1497 1933 1587 1981 XII
1631 1931 1672 1998 (4
1688 1928 1810 1999 894)
1863 1947 1913 1999 p.
1947 1929 2047 1980 477
2103 1946 2152 1981 ιι.
2184 1928 2215 1979 7

239 2019 320 2091 (M.
349 2023 403 2072 L.
432 2021 614 2073 Strack
650 2021 740 2071 Die
777 2020 1022 2087 Dynastie
1059 2020 1149 2070 der
1186 2019 1471 2070 Ptolemaer
1505 2035 1556 2087 p.
1587 2019 1690 2071 238
1728 2033 1778 2069 ιι.
1809 2016 1910 2086 63).

384 2162 669 2234 [Β]ασ[ιλέα
694 2162 1023 2233 Π]τολεμαῖον
1037 2164 1071 2230 1,
1111 2160 1193 2215 τὸν
1221 2160 1558 2232 Πτολεμαί[ου
1588 2160 1594 2232 Ι
1622 2159 1726 2230 κ]αὶ
1752 2158 2039 2232 Βερενίκης,
2079 2159 2212 2213 θεῶν

381 2249 724 2322 Εὖεργετ[ῶν,]
767 2250 772 2321 Ι
815 2248 989 2321 Πέλοψ
1029 2247 1340 2318 Π[έλοπος]2.

352 2427 545 2468 Litterae
573 2425 782 2478 volgares
811 2425 991 2478 praeter
1020 2424 1117 2465 ΠΠ.
1179 2423 1342 2465 Hastae
1372 2433 1489 2476 quae
1525 2423 1676 2464 rectae
1712 2432 1813 2464 esse
1844 2421 2071 2464 debebant
2106 2421 2215 2463 sub-

237 2499 341 2541 inde
371 2499 654 2552 aliquantum
683 2498 961 2539 incurvatae.
1109 2500 1125 2538 4
1171 2496 1263 2538 Rex
1294 2497 1367 2538 hic
1405 2495 1674 2549 cognomine
1703 2491 1963 2552 Φιλοπάτωρ
1994 2496 2130 2548 caret,
2167 2493 2214 2534 id

238 2572 362 2625 quod
390 2573 437 2613 in
467 2572 613 2625 ipsius
643 2570 837 2612 decretis
875 2571 921 2611 et
949 2568 1308 2611 dedicationibus
1336 2569 1522 2622 quidem
1554 2569 1608 2620 (ιι.
1635 2571 1701 2622 77,
1724 2567 1762 2620 4)
1796 2567 1995 2609 sollenne
2021 2569 2103 2621 est,
2134 2566 2215 2608 sed

237 2644 283 2685 in
314 2642 672 2685 dedicationibus
703 2653 818 2695 quae
850 2644 928 2683 aut
957 2642 1052 2694 regi
1082 2644 1160 2683 aut
1189 2653 1273 2695 pro
1304 2653 1407 2694 rege
1436 2641 1550 2682 fiunt
1579 2641 1780 2693 itemque
1809 2640 1855 2681 in
1876 2639 2020 2693 ipsius
2051 2639 2215 2680 statuis

237 2715 602 2769 imaginibusque
631 2715 900 2768 plerumque
930 2713 1044 2755 illud
1065 2713 1257 2755 additur.
1309 2714 1394 2755 Sed
1424 2715 1552 2754 extra
1570 2713 1829 2766 Aegyptum
1859 2712 1970 2753 haec
2001 2722 2089 2752 non
2119 2712 2212 2751 tam

238 2789 447 2842 religiose
492 2789 671 2829 servata
715 2797 814 2828 esse
858 2787 994 2828 etiam
1042 2785 1128 2827 alia
1168 2786 1375 2839 exempla
1413 2785 1479 2838 (cf.
1510 2797 1552 2827 n.
1588 2789 1655 2838 78,
1686 2785 1724 2837 4)
1764 2785 1939 2826 docent.
2087 2786 2111 2823 2
2150 2782 2212 2824 Cf.

237 2861 396 2915 Polyb.
426 2859 521 2914 XV,
552 2863 620 2914 25,
644 2862 718 2900 ⁴3:
766 2855 872 2915 μετὰ
912 2857 958 2900 δὲ
986 2860 1120 2900 ταῦτα
1150 2852 1436 2915 (Ἀγαθοκλῆς)
1467 2853 1643 2899 Πέλοπα
1675 2854 1751 2912 μὲν
1783 2854 1993 2912 ἐξέπεμψε
2021 2853 2091 2897 τὸν
2129 2851 2212 2897 Πέ-
2263 2905 2269 2910 ἴ
2304 2895 2305 2898 ,

237 2930 370 2980 λοπος
400 2930 462 2979 εἰς
489 2931 568 2989 τὴν
598 2926 732 2975 Ἀσίαν
763 2929 867 2987 πρὸς
896 2924 1105 2988 Ἀντίοχον
1146 2928 1218 2971 τὸν
1258 2927 1446 2985 βασιλέα,
1489 2925 1839 2987 παρακαλέσαντα
1878 2930 2095 2985 συντηρεῖν
2133 2926 2210 2984 τὴν

238 3002 379 3062 φιλίαν
409 3002 481 3047 καὶ
512 3002 572 3060 μὴ
604 2999 873 3059 παραβαίνειν
902 3000 978 3048 τὰς
1007 3001 1110 3059 πρὸς
1139 3000 1210 3044 τὸν
1239 3004 1315 3043 τοῦ
1346 2998 1494 3048 παιδὸς
1525 2999 1685 3056 πατέρα
1716 2997 1947 3057 συνθήκας.

348 3234 418 3290 76
466 3237 618 3304 Lapis
667 3235 886 3302 syenites
929 3234 1099 3299 ruber,
1158 3234 1244 3299 qui
1291 3247 1407 3284 cum
1461 3234 1558 3283 alio
1607 3233 1868 3299 deperdito
1925 3246 1956 3281 a
2009 3232 2211 3282 sinistra
2300 3231 2301 3291 ξ

240 3325 515 3390 attingente
551 3323 695 3373 basin
733 3325 929 3373 statuae
954 3320 1219 3386 efficiebat,
1258 3321 1310 3368 in
1346 3320 1459 3370 vico
1485 3316 1782 3369 Neomaras
1817 3319 2010 3368 insulae
2044 3317 2209 3367 Rhodi
2253 3319 2263 3326 '
2298 3347 2299 3356 ι

240 3411 293 3461 in
330 3412 475 3462 scalis
512 3410 785 3460 humilibus
822 3414 938 3459 ante
976 3408 1184 3458 domum
1221 3406 1373 3456 Fakri
1397 3406 1637 3456 Paschae.
1714 3407 1803 3456 Ed.
1845 3405 1897 3455 F.
1926 3406 2081 3455 Hiller
2105 3419 2207 3454 von

243 3498 542 3562 Gartringen
580 3497 733 3547 Inscr.
774 3495 856 3546 Gr.
898 3497 990 3546 ins,
1029 3509 1156 3544 mar.
1197 3492 1313 3558 Aeg.
1355 3493 1376 3541 I
1412 3509 1461 3559 p.
1496 3491 1559 3541 47
1598 3508 1646 3543 ιι.
1678 3490 1744 3542 37
1792 3491 1871 3557 (Μ.
1901 3491 2082 3542 Strack
2117 3491 2207 3540 Die
2296 3501 2297 3507 ¹

242 3584 483 3652 Dynastie
532 3584 622 3633 der
658 3584 940 3634 Ptolem'aer
982 3598 1032 3649 p.
1071 3581 1174 3632 238
1219 3595 1268 3630 n.
1299 3580 1381 3629 64.
1454 3579 1514 3629 H.
1550 3594 1650 3630 van
1683 3578 1863 3629 Gelder
1913 3592 1994 3644 ap.
2037 3577 2208 3628 Collitz
2295 3581 2296 3588 ³

243 3671 326 3723 Gr.
354 3669 735 3721 Dialektinschr.
765 3670 831 3718 III
866 3685 915 3735 p.
948 3669 1048 3717 440
1088 3682 1136 3717 n.
1167 3663 1338 3734 3775).
