2314 3970
0 3559 11 3636 ξε

0 3638 12 3738 Ξ

141 165 238 217 434]
726 163 920 215 Sapores
951 162 970 202 I
1002 162 1243 214 (242-272
1274 174 1318 216 p.
1342 162 1443 204 Chr.
1466 161 1538 214 n.).
2020 164 2120 214 647

225 349 250 390 5
281 335 476 403 θεῶ[ν,5
515 333 640 403 υἱοῦ]
683 332 688 404 Ι
731 331 1043 386 Μασὸάσνοο
1083 334 1204 386 θεοῦ
1232 330 1575 405 Ἀρταξάρου,6
1613 333 1897 405 [βασιλέως]
1934 331 1948 404 Η
1987 334 2129 404 βασι-

285 422 411 474 λέων
465 417 722 492 Ἀριανῶν,
788 422 845 473 ἐκ
900 420 1075 490 γένους
1132 421 1281 489 θεῶν,
1337 422 1342 491 Ι
1396 423 1604 491 ἐκγόνου
1660 422 1784 474 θεοῦ
1843 417 2128 473 ΠαπάκουΊ

287 507 585 579 summm}

58 707 63 714 ,
139 682 381 723 discrimen
427 683 490 723 ita
535 682 871 734 interpretatur,
918 681 970 720 ut
1013 679 1275 721 Artaxerxis
1321 692 1511 733 regnum
1557 682 1674 723 intra
1718 683 1937 723 terminos
1982 683 2130 723 terrae

57 749 60 757 ’
136 754 327 796 Arianae
359 739 495 806 (Ϊνᾶω)
529 765 576 795 se
607 753 886 795 continuisse
917 754 1068 793 sumat
1100 751 1167 804 (cf.
1200 764 1241 793 n.
1266 755 1347 793 432
1360 752 1406 805 4),
1439 754 1655 806 Saporem
1677 765 1786 796 vero
1818 755 1954 795 etiam
1984 755 2129 807 regio-

68 818 70 821 ’
138 838 216 868 nes
248 827 375 867 extra
406 837 505 867 eam
547 827 657 867 sitas
696 824 959 866 subiecisse.
1022 824 1153 873 Quod
1195 827 1352 866 contra
1383 826 1612 866 Drouinus
1653 827 1740 867 illis
1771 824 1973 879 Anio-dn,
2014 821 2129 869 Ἀνα-

64 900 66 951 3
140 896 273 955 ριανοί
304 910 461 940 omnes
493 899 677 939 omnino
709 899 853 938 terras
885 908 1000 950 quae
1033 898 1160 938 extra
1183 897 1294 938 fines
1321 897 1511 939 Arianae
1543 900 1694 940 essent
1723 900 1947 940 contineri
1973 900 2127 940 existi-

62 964 67 1027 s
137 972 245 1025 mat,
287 971 349 1012 ita
386 972 439 1012 ut
479 971 553 1012 illa
592 970 787 1011 formula
818 970 959 1011 totius
999 969 1124 1011 orbis
1165 971 1390 1011 terrarum
1422 971 1666 1024 imperium
1703 971 1789 1012 sibi
1822 973 2004 1024 arroget
2033 983 2125 1012 rex.

60 1031 65 1067 '³'
138 1043 260 1092 Quae
290 1043 628 1096 vaniloquentia
657 1044 743 1084 etsi
774 1055 798 1084 a
831 1043 1070 1084 Persarum
1102 1043 1280 1095 ingenio
1318 1042 1521 1095 profecto
1556 1055 1645 1085 non
1677 1044 1819 1085 aliena
1853 1046 1934 1097 est,
1976 1046 2128 1086 tamen

57 1139 62 1167 ς
138 1116 369 1168 praestare
399 1115 581 1157 videtur
610 1115 818 1156 Noldekii
849 1116 1121 1156 sententiam
1153 1117 1296 1169 sequi,
1336 1117 1552 1168 quoniam
1585 1116 1829 1157 discrimen
1860 1117 1961 1169 tale,
1995 1117 2128 1169 quale

56 1185 61 1237 ξ
137 1188 211 1228 hic
241 1187 358 1229 inter
388 1189 530 1241 patris
560 1188 732 1241 filiique
776 1189 956 1241 imperii
987 1187 1213 1229 ambitum
1245 1188 1482 1242 indicatur,
1527 1200 1574 1229 re
1614 1200 1723 1230 vera
1761 1189 1900 1230 fuisse
1939 1190 2126 1230 constat.

54 1270 58 1306 ἰ
136 1262 257 1302 Inter
286 1262 429 1302 terras
461 1262 589 1302 extra
618 1261 829 1302 Arianam
862 1273 887 1302 a
918 1263 1086 1314 Sapore
1118 1272 1254 1313 regno
1287 1261 1485 1302 adiectas
1515 1263 1759 1315 praecipue
1786 1263 2128 1315 Mesopotamia,

137 1333 280 1386 Syria,
318 1332 508 1374 fortasse
543 1333 680 1374 etiam
713 1333 866 1375 Cilicia
896 1335 942 1374 et
971 1333 1259 1387 Cappadocia
1291 1335 1520 1375 numerari
1550 1334 1778 1387 videntur,
1810 1334 1978 1387 quibus
2010 1334 2127 1375 bello

138 1407 296 1447 contra
326 1405 551 1446 Romanos
590 1405 778 1447 feliciter
819 1407 946 1458 gesto
986 1406 1160 1458 potitus
1198 1408 1280 1447 est.
1344 1406 1404 1447 Cf.
1438 1404 1601 1447 Tabari
1630 1418 1672 1459 p.
1699 1409 1743 1446 3⁴
1765 1417 1863 1459 sqq.
1905 1407 2128 1447 versionis

138 1478 429 1519 Germanicae
469 1489 575 1519 cum
607 1479 726 1520 notis
757 1478 958 1520 editoriS.
1021 1480 1134 1520 Sane
1165 1490 1217 1520 ea
1247 1480 1478 1531 possessio
1516 1491 1606 1520 non
1647 1479 1859 1520 diuturna
1898 1481 2006 1532 erat,
2051 1478 2128 1519 sed

46 1546 53 1603 ξ
136 1550 322 1591 titulum
353 1550 643 1603 magnificum
675 1552 815 1592 semel
848 1553 1137 1605 assumptum
1169 1563 1224 1592 ne
1255 1552 1435 1592 amissis
1467 1551 1652 1604 quidem
1692 1551 1827 1593 terris
1859 1562 2018 1591 rursus
2051 1551 2129 1592 ab·

50 1665 54 1668 ,
137 1623 306 1663 iectum
353 1634 452 1665 esse
498 1626 855 1665 consentaneum
903 1626 983 1665 est.
1182 1628 1204 1665 5
1248 1624 1308 1665 Cf.
1350 1635 1391 1664 n.
1423 1622 1547 1664 4325.
1758 1627 1780 1664 6
1821 1623 1881 1664 Cf.
1927 1635 1968 1666 n.
2005 1621 2126 1664 4323.

140 1697 162 1734 7
204 1694 264 1736 Cf.
298 1707 339 1736 n.
365 1694 486 1737 4326.
