<?xml version="1.0" encoding="UTF-8"?>
<!DOCTYPE html PUBLIC "-//W3C//DTD XHTML 1.0 Transitional//EN"
    "http://www.w3.org/TR/xhtml1/DTD/xhtml1-transitional.dtd">
<html xmlns="http://www.w3.org/1999/xhtml" xml:lang="en" lang="en">
 <head>
  <title>
</title>
<meta http-equiv="Content-Type" content="text/html;charset=utf-8" />
  <meta name='ocr-system' content='tesseract 3.04.00' />
  <meta name='ocr-capabilities' content='ocr_page ocr_carea ocr_par ocr_line ocrx_word'/>
</head>
<body>
  <div class='ocr_page' id='page_1' title='image "./orientisgraeciin01dittuoft_0226.png"; bbox 0 0 2314 3970; ppageno 0'>
   <div class='ocr_carea' id='block_1_1' title="bbox 1443 309 1632 313">
    <p class='ocr_par' dir='ltr' id='par_1_1' title="bbox 1443 309 1632 313">
     <span class='ocr_line' id='line_1_1' title="bbox 1443 309 1632 313; baseline 0 0"><span class='ocrx_word' id='word_1_1' title='bbox 1443 309 1632 313; x_wconf 95' lang='lat' dir='ltr'><strong> </strong></span> 
     </span>
    </p>
   </div>
   <div class='ocr_carea' id='block_1_2' title="bbox 229 233 2200 289">
    <p class='ocr_par' dir='ltr' id='par_1_2' title="bbox 229 233 2200 289">
     <span class='ocr_line' id='line_1_2' title="bbox 229 233 2200 289; baseline -0.01 -6"><span class='ocrx_word' id='word_1_2' title='bbox 229 238 333 289; x_wconf 85' lang='lat'><strong>212</strong></span> <span class='ocrx_word' id='word_1_3' title='bbox 910 235 958 275; x_wconf 91' lang='lat'><strong>11.</strong></span> <span class='ocrx_word' id='word_1_4' title='bbox 1004 235 1204 287; x_wconf 82' lang='lat' dir='ltr'>Regnum</span> <span class='ocrx_word' id='word_1_5' title='bbox 1236 233 1516 286; x_wconf 89' lang='lat' dir='ltr'><strong>Lagidarum.</strong></span> <span class='ocrx_word' id='word_1_6' title='bbox 2042 233 2200 286; x_wconf 74' lang='lat'><strong>[⁴³4—</strong></span> 
     </span>
    </p>
   </div>
   <div class='ocr_carea' id='block_1_3' title="bbox 363 404 2202 565">
    <p class='ocr_par' dir='ltr' id='par_1_3' title="bbox 363 404 2202 565">
     <span class='ocr_line' id='line_1_3' title="bbox 375 404 2202 479; baseline -0.003 -18"><span class='ocrx_word' id='word_1_7' title='bbox 375 410 614 479; x_wconf 85' lang='grc' dir='ltr'>ἀδ]ελφῆς</span> <span class='ocrx_word' id='word_1_8' title='bbox 628 410 661 472; x_wconf 83' lang='lat'><strong>2,</strong></span> <span class='ocrx_word' id='word_1_9' title='bbox 708 406 713 476; x_wconf 90' lang='grc' dir='ltr'>Ι</span> <span class='ocrx_word' id='word_1_10' title='bbox 754 407 886 459; x_wconf 82' lang='grc' dir='ltr'>θεῶν</span> <span class='ocrx_word' id='word_1_11' title='bbox 913 404 1218 477; x_wconf 77' lang='grc' dir='ltr'>Εὐεργετῶν,</span> <span class='ocrx_word' id='word_1_12' title='bbox 1260 405 1363 474; x_wconf 79' lang='grc' dir='ltr'>[καὶ</span> <span class='ocrx_word' id='word_1_13' title='bbox 1400 408 1496 457; x_wconf 84' lang='grc' dir='ltr'><strong>τῶν</strong></span> <span class='ocrx_word' id='word_1_14' title='bbox 1534 405 1714 459; x_wconf 82' lang='grc' dir='ltr'>τέκνων</span> <span class='ocrx_word' id='word_1_15' title='bbox 1730 409 1764 474; x_wconf 80' lang='lat'><strong>3,</strong></span> <span class='ocrx_word' id='word_1_16' title='bbox 1804 406 1932 458; x_wconf 66' lang='grc' dir='ltr'>θεῶν.</span> <span class='ocrx_word' id='word_1_17' title='bbox 1969 404 2202 475; x_wconf 82' lang='grc' dir='ltr'>μεγίστωι</span> 
     </span>
     <span class='ocr_line' id='line_1_4' title="bbox 363 490 2201 565; baseline -0.002 -19"><span class='ocrx_word' id='word_1_18' title='bbox 363 492 549 565; x_wconf 73' lang='grc' dir='ltr'>Ἑρμῆν.</span> <span class='ocrx_word' id='word_1_19' title='bbox 604 493 711 562; x_wconf 86' lang='grc' dir='ltr'>τῶι]</span> <span class='ocrx_word' id='word_1_20' title='bbox 767 491 852 546; x_wconf 81' lang='grc' dir='ltr'><strong>καὶ</strong></span> <span class='ocrx_word' id='word_1_21' title='bbox 908 490 916 563; x_wconf 87' lang='grc' dir='ltr'>Ι</span> <span class='ocrx_word' id='word_1_22' title='bbox 975 491 1407 563; x_wconf 73' lang='grc' dir='ltr'>Παοτπνοόφι[δι4</span> <span class='ocrx_word' id='word_1_23' title='bbox 1461 491 1547 544; x_wconf 76' lang='grc' dir='ltr'><strong>καὶ</strong></span> <span class='ocrx_word' id='word_1_24' title='bbox 1601 493 1703 551; x_wconf 85' lang='grc' dir='ltr'>τοῖς</span> <span class='ocrx_word' id='word_1_25' title='bbox 1761 490 1992 551; x_wconf 83' lang='grc' dir='ltr'>συννάοις</span> <span class='ocrx_word' id='word_1_26' title='bbox 2046 492 2201 558; x_wconf 83' lang='grc' dir='ltr'><strong>θεοῖς,</strong></span> 
     </span>
    </p>
   </div>
   <div class='ocr_carea' id='block_1_4' title="bbox 380 580 538 648">
    <p class='ocr_par' dir='ltr' id='par_1_4' title="bbox 380 580 538 648">
     <span class='ocr_line' id='line_1_5' title="bbox 380 580 538 648; baseline -0.006 -16"><span class='ocrx_word' id='word_1_27' title='bbox 380 581 446 648; x_wconf 68' lang='lat' dir='ltr'><strong>L]</strong></span> <span class='ocrx_word' id='word_1_28' title='bbox 468 580 538 632; x_wconf 72' lang='grc' dir='ltr'><strong>λέ.</strong></span> 
     </span>
    </p>
   </div>
   <div class='ocr_carea' id='block_1_5' title="bbox 226 752 2314 2902">
    <p class='ocr_par' dir='ltr' id='par_1_5' title="bbox 228 752 2205 1023">
     <span class='ocr_line' id='line_1_6' title="bbox 344 752 2205 808; baseline -0.002 -12"><span class='ocrx_word' id='word_1_29' title='bbox 344 760 367 796; x_wconf 76' lang='lat'><strong>2</strong></span> <span class='ocrx_word' id='word_1_30' title='bbox 407 755 643 808; x_wconf 82' lang='lat' dir='ltr'>Cleopatra</span> <span class='ocrx_word' id='word_1_31' title='bbox 673 755 710 793; x_wconf 89' lang='lat' dir='ltr'><strong>ll</strong></span> <span class='ocrx_word' id='word_1_32' title='bbox 742 753 987 795; x_wconf 83' lang='lat' dir='ltr'>Ptolemaei</span> <span class='ocrx_word' id='word_1_33' title='bbox 1017 753 1262 806; x_wconf 90' lang='lat' dir='ltr'><strong>Epiphanis</strong></span> <span class='ocrx_word' id='word_1_34' title='bbox 1294 753 1397 807; x_wconf 86' lang='lat' dir='ltr'><strong>filia,</strong></span> <span class='ocrx_word' id='word_1_35' title='bbox 1437 763 1555 806; x_wconf 91' lang='lat' dir='ltr'><strong>quae</strong></span> <span class='ocrx_word' id='word_1_36' title='bbox 1585 752 1676 795; x_wconf 85' lang='lat' dir='ltr'><strong>fere</strong></span> <span class='ocrx_word' id='word_1_37' title='bbox 1704 756 1787 793; x_wconf 80' lang='grc'>472</span> <span class='ocrx_word' id='word_1_38' title='bbox 1811 765 1848 794; x_wconf 90' lang='lat' dir='ltr'><strong>a.</strong></span> <span class='ocrx_word' id='word_1_39' title='bbox 1871 752 1973 794; x_wconf 87' lang='lat' dir='ltr'>Chr.</span> <span class='ocrx_word' id='word_1_40' title='bbox 1996 764 2037 793; x_wconf 89' lang='lat' dir='ltr'><strong>n.</strong></span> <span class='ocrx_word' id='word_1_41' title='bbox 2063 752 2205 793; x_wconf 80' lang='lat' dir='ltr'><strong>&#39;fratri</strong></span> 
     </span>
     <span class='ocr_line' id='line_1_7' title="bbox 229 825 2205 878; baseline -0.002 -10"><span class='ocrx_word' id='word_1_42' title='bbox 229 829 336 868; x_wconf 90' lang='lat' dir='ltr'><strong>natu</strong></span> <span class='ocrx_word' id='word_1_43' title='bbox 366 828 529 868; x_wconf 89' lang='lat' dir='ltr'><strong>maiori</strong></span> <span class='ocrx_word' id='word_1_44' title='bbox 559 825 866 878; x_wconf 88' lang='lat' dir='ltr'><strong>Philometori‚</strong></span> <span class='ocrx_word' id='word_1_45' title='bbox 904 827 1010 878; x_wconf 90' lang='lat' dir='ltr'><strong>post</strong></span> <span class='ocrx_word' id='word_1_46' title='bbox 1046 825 1166 867; x_wconf 86' lang='lat' dir='ltr'><strong>illius</strong></span> <span class='ocrx_word' id='word_1_47' title='bbox 1205 828 1399 866; x_wconf 89' lang='lat' dir='ltr'><strong>mortem</strong></span> <span class='ocrx_word' id='word_1_48' title='bbox 1441 836 1550 866; x_wconf 88' lang='lat' dir='ltr'><strong>vero</strong></span> <span class='ocrx_word' id='word_1_49' title='bbox 1582 838 1620 866; x_wconf 89' lang='lat' dir='ltr'><strong>a.</strong></span> <span class='ocrx_word' id='word_1_50' title='bbox 1652 827 1735 866; x_wconf 86' lang='grc'><strong>446</strong></span> <span class='ocrx_word' id='word_1_51' title='bbox 1764 836 1803 866; x_wconf 91' lang='lat' dir='ltr'><strong>a.</strong></span> <span class='ocrx_word' id='word_1_52' title='bbox 1833 825 1934 866; x_wconf 85' lang='lat' dir='ltr'>Chr.</span> <span class='ocrx_word' id='word_1_53' title='bbox 1967 836 2008 865; x_wconf 85' lang='lat' dir='ltr'><strong>n.</strong></span> <span class='ocrx_word' id='word_1_54' title='bbox 2041 825 2205 864; x_wconf 91' lang='lat' dir='ltr'><strong>minori</strong></span> 
     </span>
     <span class='ocr_line' id='line_1_8' title="bbox 228 897 2205 951; baseline -0.002 -11"><span class='ocrx_word' id='word_1_55' title='bbox 228 900 473 951; x_wconf 86' lang='lat' dir='ltr'><strong>Euergetae</strong></span> <span class='ocrx_word' id='word_1_56' title='bbox 494 899 662 951; x_wconf 84' lang='lat' dir='ltr'><strong>nupsit.</strong></span> <span class='ocrx_word' id='word_1_57' title='bbox 713 899 815 939; x_wconf 86' lang='lat' dir='ltr'><strong>Mox</strong></span> <span class='ocrx_word' id='word_1_58' title='bbox 836 897 1073 950; x_wconf 88' lang='lat' dir='ltr'><strong>repudiata</strong></span> <span class='ocrx_word' id='word_1_59' title='bbox 1093 899 1174 950; x_wconf 87' lang='lat' dir='ltr'><strong>est,</strong></span> <span class='ocrx_word' id='word_1_60' title='bbox 1206 909 1310 938; x_wconf 90' lang='lat' dir='ltr'><strong>cum</strong></span> <span class='ocrx_word' id='word_1_61' title='bbox 1333 897 1576 949; x_wconf 82' lang='lat' dir='ltr'><strong>Euergetes</strong></span> <span class='ocrx_word' id='word_1_62' title='bbox 1597 898 1883 950; x_wconf 80' lang='lat' dir='ltr'><strong>Cleopatram</strong></span> <span class='ocrx_word' id='word_1_63' title='bbox 1905 897 1975 949; x_wconf 91' lang='lat' dir='ltr'><strong>III,</strong></span> <span class='ocrx_word' id='word_1_64' title='bbox 2007 897 2129 936; x_wconf 82' lang='lat' dir='ltr'><strong>illius</strong></span> <span class='ocrx_word' id='word_1_65' title='bbox 2150 907 2205 936; x_wconf 84' lang='lat' dir='ltr'><strong>ex</strong></span> 
     </span>
     <span class='ocr_line' id='line_1_9' title="bbox 228 969 2204 1023; baseline -0.002 -12"><span class='ocrx_word' id='word_1_66' title='bbox 228 972 379 1023; x_wconf 91' lang='lat' dir='ltr'><strong>priore</strong></span> <span class='ocrx_word' id='word_1_67' title='bbox 400 971 563 1012; x_wconf 90' lang='lat' dir='ltr'><strong>marito</strong></span> <span class='ocrx_word' id='word_1_68' title='bbox 586 970 887 1011; x_wconf 83' lang='lat' dir='ltr'><strong>Philometore</strong></span> <span class='ocrx_word' id='word_1_69' title='bbox 908 969 1059 1022; x_wconf 89' lang='lat' dir='ltr'><strong>filiam,</strong></span> <span class='ocrx_word' id='word_1_70' title='bbox 1090 970 1136 1010; x_wconf 92' lang='lat' dir='ltr'><strong>in</strong></span> <span class='ocrx_word' id='word_1_71' title='bbox 1163 970 1504 1010; x_wconf 82' lang='lat' dir='ltr'><strong>matrimonium</strong></span> <span class='ocrx_word' id='word_1_72' title='bbox 1527 971 1724 1022; x_wconf 91' lang='lat' dir='ltr'><strong>duceret,</strong></span> <span class='ocrx_word' id='word_1_73' title='bbox 1756 969 1848 1010; x_wconf 82' lang='lat' dir='ltr'><strong>fere</strong></span> <span class='ocrx_word' id='word_1_74' title='bbox 1871 972 1951 1009; x_wconf 90' lang='grc'>443</span> <span class='ocrx_word' id='word_1_75' title='bbox 1975 981 2013 1010; x_wconf 88' lang='lat' dir='ltr'><strong>a.</strong></span> <span class='ocrx_word' id='word_1_76' title='bbox 2037 969 2138 1009; x_wconf 86' lang='lat' dir='ltr'><strong>Chr.</strong></span> <span class='ocrx_word' id='word_1_77' title='bbox 2162 980 2204 1008; x_wconf 92' lang='lat' dir='ltr'><strong>n.</strong></span> 
     </span>
    </p>

    <p class='ocr_par' dir='ltr' id='par_1_6' title="bbox 226 1041 2207 1384">
     <span class='ocr_line' id='line_1_10' title="bbox 229 1041 2206 1095; baseline -0.002 -12"><span class='ocrx_word' id='word_1_78' title='bbox 229 1043 295 1095; x_wconf 92' lang='lat' dir='ltr'><strong>(cf.</strong></span> <span class='ocrx_word' id='word_1_79' title='bbox 327 1044 381 1084; x_wconf 88' lang='lat' dir='ltr'><strong>M.</strong></span> <span class='ocrx_word' id='word_1_80' title='bbox 405 1043 450 1083; x_wconf 92' lang='lat' dir='ltr'><strong>L.</strong></span> <span class='ocrx_word' id='word_1_81' title='bbox 474 1042 630 1084; x_wconf 88' lang='lat' dir='ltr'><strong>Strack</strong></span> <span class='ocrx_word' id='word_1_82' title='bbox 669 1042 750 1082; x_wconf 90' lang='lat' dir='ltr'><strong>Die</strong></span> <span class='ocrx_word' id='word_1_83' title='bbox 781 1042 996 1094; x_wconf 88' lang='lat' dir='ltr'><strong>Dynastie</strong></span> <span class='ocrx_word' id='word_1_84' title='bbox 1028 1041 1107 1082; x_wconf 91' lang='lat' dir='ltr'><strong>der</strong></span> <span class='ocrx_word' id='word_1_85' title='bbox 1138 1042 1390 1083; x_wconf 74' lang='lat' dir='ltr'><strong>Ptolemaer</strong></span> <span class='ocrx_word' id='word_1_86' title='bbox 1419 1052 1462 1094; x_wconf 90' lang='lat' dir='ltr'><strong>p.</strong></span> <span class='ocrx_word' id='word_1_87' title='bbox 1489 1045 1568 1082; x_wconf 86' lang='grc'>498</span> <span class='ocrx_word' id='word_1_88' title='bbox 1603 1043 1693 1082; x_wconf 88' lang='lat' dir='ltr'><strong>not.</strong></span> <span class='ocrx_word' id='word_1_89' title='bbox 1715 1042 1797 1092; x_wconf 80' lang='lat'><strong>25).</strong></span> <span class='ocrx_word' id='word_1_90' title='bbox 1857 1041 2041 1094; x_wconf 88' lang='lat' dir='ltr'><strong>Aliquot</strong></span> <span class='ocrx_word' id='word_1_91' title='bbox 2078 1041 2206 1081; x_wconf 89' lang='lat' dir='ltr'><strong>annis</strong></span> 
     </span>
     <span class='ocr_line' id='line_1_11' title="bbox 227 1111 2206 1170; baseline -0.002 -14"><span class='ocrx_word' id='word_1_92' title='bbox 227 1118 336 1168; x_wconf 90' lang='lat' dir='ltr'><strong>post</strong></span> <span class='ocrx_word' id='word_1_93' title='bbox 373 1126 535 1156; x_wconf 87' lang='lat' dir='ltr'><strong>rursus</strong></span> <span class='ocrx_word' id='word_1_94' title='bbox 576 1116 769 1166; x_wconf 88' lang='lat' dir='ltr'><strong>utraque</strong></span> <span class='ocrx_word' id='word_1_95' title='bbox 807 1114 974 1166; x_wconf 90' lang='lat' dir='ltr'><strong>regina,</strong></span> <span class='ocrx_word' id='word_1_96' title='bbox 1019 1111 1048 1168; x_wconf 81' lang='grc' dir='ltr'>ἡ</span> <span class='ocrx_word' id='word_1_97' title='bbox 1081 1112 1244 1170; x_wconf 78' lang='grc' dir='ltr'>ἀδελφή</span> <span class='ocrx_word' id='word_1_98' title='bbox 1284 1116 1329 1154; x_wconf 92' lang='lat' dir='ltr'><strong>et</strong></span> <span class='ocrx_word' id='word_1_99' title='bbox 1364 1112 1393 1169; x_wconf 78' lang='grc' dir='ltr'>ἡ</span> <span class='ocrx_word' id='word_1_100' title='bbox 1434 1113 1552 1169; x_wconf 75' lang='grc' dir='ltr'>γυνή,</span> <span class='ocrx_word' id='word_1_101' title='bbox 1595 1125 1700 1154; x_wconf 89' lang='lat' dir='ltr'><strong>cum</strong></span> <span class='ocrx_word' id='word_1_102' title='bbox 1738 1113 1985 1165; x_wconf 89' lang='lat' dir='ltr'><strong>Euergetae</strong></span> <span class='ocrx_word' id='word_1_103' title='bbox 2022 1114 2206 1154; x_wconf 87' lang='lat' dir='ltr'><strong>nomine</strong></span> 
     </span>
     <span class='ocr_line' id='line_1_12' title="bbox 228 1185 2207 1238; baseline -0.001 -10"><span class='ocrx_word' id='word_1_104' title='bbox 228 1188 505 1229; x_wconf 87' lang='lat' dir='ltr'><strong>coniunctim</strong></span> <span class='ocrx_word' id='word_1_105' title='bbox 537 1188 826 1228; x_wconf 85' lang='lat' dir='ltr'><strong>recensentur</strong></span> <span class='ocrx_word' id='word_1_106' title='bbox 858 1185 924 1237; x_wconf 86' lang='lat' dir='ltr'><strong>(cf.</strong></span> <span class='ocrx_word' id='word_1_107' title='bbox 947 1197 989 1226; x_wconf 90' lang='lat' dir='ltr'><strong>n.</strong></span> <span class='ocrx_word' id='word_1_108' title='bbox 1013 1188 1092 1226; x_wconf 86' lang='grc'>438</span> <span class='ocrx_word' id='word_1_109' title='bbox 1104 1186 1157 1238; x_wconf 84' lang='lat'><strong>⁷);</strong></span> <span class='ocrx_word' id='word_1_110' title='bbox 1189 1186 1268 1227; x_wconf 90' lang='lat' dir='ltr'><strong>sed</strong></span> <span class='ocrx_word' id='word_1_111' title='bbox 1299 1187 1436 1227; x_wconf 86' lang='lat' dir='ltr'><strong>etiam</strong></span> <span class='ocrx_word' id='word_1_112' title='bbox 1467 1188 1626 1238; x_wconf 91' lang='lat' dir='ltr'><strong>postea</strong></span> <span class='ocrx_word' id='word_1_113' title='bbox 1656 1186 1777 1226; x_wconf 90' lang='lat' dir='ltr'><strong>tituli</strong></span> <span class='ocrx_word' id='word_1_114' title='bbox 1808 1187 1869 1227; x_wconf 89' lang='lat' dir='ltr'><strong>ita</strong></span> <span class='ocrx_word' id='word_1_115' title='bbox 1893 1186 2125 1238; x_wconf 83' lang='lat' dir='ltr'><strong>fluctuant,</strong></span> <span class='ocrx_word' id='word_1_116' title='bbox 2157 1189 2207 1226; x_wconf 91' lang='lat' dir='ltr'><strong>ut</strong></span> 
     </span>
     <span class='ocr_line' id='line_1_13' title="bbox 226 1257 2207 1310; baseline -0.002 -10"><span class='ocrx_word' id='word_1_117' title='bbox 226 1259 473 1300; x_wconf 88' lang='lat' dir='ltr'><strong>identidem</strong></span> <span class='ocrx_word' id='word_1_118' title='bbox 503 1259 642 1300; x_wconf 91' lang='lat' dir='ltr'><strong>modo</strong></span> <span class='ocrx_word' id='word_1_119' title='bbox 675 1269 878 1299; x_wconf 88' lang='lat' dir='ltr'><strong>sororem</strong></span> <span class='ocrx_word' id='word_1_120' title='bbox 909 1257 1047 1298; x_wconf 91' lang='lat' dir='ltr'><strong>modo</strong></span> <span class='ocrx_word' id='word_1_121' title='bbox 1079 1259 1260 1310; x_wconf 88' lang='lat' dir='ltr'><strong>neptem</strong></span> <span class='ocrx_word' id='word_1_122' title='bbox 1283 1258 1510 1299; x_wconf 86' lang='lat' dir='ltr'><strong>dimisisse</strong></span> <span class='ocrx_word' id='word_1_123' title='bbox 1541 1260 1586 1298; x_wconf 92' lang='lat' dir='ltr'><strong>et</strong></span> <span class='ocrx_word' id='word_1_124' title='bbox 1613 1269 1772 1299; x_wconf 89' lang='lat' dir='ltr'><strong>rursus</strong></span> <span class='ocrx_word' id='word_1_125' title='bbox 1794 1269 2032 1299; x_wconf 82' lang='lat' dir='ltr'><strong>revocasse</strong></span> <span class='ocrx_word' id='word_1_126' title='bbox 2063 1257 2207 1298; x_wconf 90' lang='lat' dir='ltr'><strong>videri</strong></span> 
     </span>
     <span class='ocr_line' id='line_1_14' title="bbox 228 1330 2207 1384; baseline -0.001 -11"><span class='ocrx_word' id='word_1_127' title='bbox 228 1333 372 1384; x_wconf 89' lang='lat' dir='ltr'><strong>possit</strong></span> <span class='ocrx_word' id='word_1_128' title='bbox 400 1343 492 1384; x_wconf 85' lang='lat' dir='ltr'><strong>rex,</strong></span> <span class='ocrx_word' id='word_1_129' title='bbox 526 1333 575 1371; x_wconf 88' lang='lat' dir='ltr'><strong>ut</strong></span> <span class='ocrx_word' id='word_1_130' title='bbox 605 1342 653 1371; x_wconf 92' lang='lat' dir='ltr'><strong>re</strong></span> <span class='ocrx_word' id='word_1_131' title='bbox 683 1342 793 1371; x_wconf 85' lang='lat' dir='ltr'><strong>vera</strong></span> <span class='ocrx_word' id='word_1_132' title='bbox 811 1331 938 1372; x_wconf 89' lang='lat' dir='ltr'><strong>visus</strong></span> <span class='ocrx_word' id='word_1_133' title='bbox 968 1333 1038 1372; x_wconf 90' lang='lat' dir='ltr'><strong>est</strong></span> <span class='ocrx_word' id='word_1_134' title='bbox 1058 1331 1276 1371; x_wconf 89' lang='lat' dir='ltr'><strong>Strackio.</strong></span> <span class='ocrx_word' id='word_1_135' title='bbox 1327 1330 1490 1371; x_wconf 87' lang='lat' dir='ltr'><strong>Contra</strong></span> <span class='ocrx_word' id='word_1_136' title='bbox 1511 1342 1648 1383; x_wconf 91' lang='lat' dir='ltr'><strong>quem</strong></span> <span class='ocrx_word' id='word_1_137' title='bbox 1670 1331 1704 1372; x_wconf 91' lang='lat' dir='ltr'><strong>J.</strong></span> <span class='ocrx_word' id='word_1_138' title='bbox 1731 1331 1776 1371; x_wconf 88' lang='lat' dir='ltr'><strong>P.</strong></span> <span class='ocrx_word' id='word_1_139' title='bbox 1797 1330 1993 1383; x_wconf 83' lang='lat' dir='ltr'><strong>Mahaffy</strong></span> <span class='ocrx_word' id='word_1_140' title='bbox 2024 1331 2207 1384; x_wconf 87' lang='lat' dir='ltr'><strong>History</strong></span> 
     </span>
    </p>

    <p class='ocr_par' dir='ltr' id='par_1_7' title="bbox 226 1402 2300 1528">
     <span class='ocr_line' id='line_1_15' title="bbox 227 1402 2300 1456; baseline 0 -12"><span class='ocrx_word' id='word_1_141' title='bbox 227 1404 274 1444; x_wconf 87' lang='lat' dir='ltr'><strong>of</strong></span> <span class='ocrx_word' id='word_1_142' title='bbox 302 1404 450 1456; x_wconf 86' lang='lat' dir='ltr'><strong>Egypt</strong></span> <span class='ocrx_word' id='word_1_143' title='bbox 478 1403 548 1443; x_wconf 90' lang='lat' dir='ltr'><strong>IV.</strong></span> <span class='ocrx_word' id='word_1_144' title='bbox 596 1403 687 1443; x_wconf 92' lang='lat' dir='ltr'><strong>The</strong></span> <span class='ocrx_word' id='word_1_145' title='bbox 718 1402 960 1443; x_wconf 88' lang='lat' dir='ltr'><strong>Ptolemaic</strong></span> <span class='ocrx_word' id='word_1_146' title='bbox 991 1403 1187 1455; x_wconf 89' lang='lat' dir='ltr'><strong>dynasty</strong></span> <span class='ocrx_word' id='word_1_147' title='bbox 1218 1414 1261 1455; x_wconf 93' lang='lat' dir='ltr'><strong>p.</strong></span> <span class='ocrx_word' id='word_1_148' title='bbox 1285 1406 1366 1443; x_wconf 86' lang='grc'>489</span> <span class='ocrx_word' id='word_1_149' title='bbox 1385 1414 1450 1455; x_wconf 87' lang='lat' dir='ltr'><strong>sq.</strong></span> <span class='ocrx_word' id='word_1_150' title='bbox 1490 1403 1740 1455; x_wconf 87' lang='lat' dir='ltr'><strong>disputavit</strong></span> <span class='ocrx_word' id='word_1_151' title='bbox 1770 1413 1958 1444; x_wconf 89' lang='lat' dir='ltr'><strong>monens</strong></span> <span class='ocrx_word' id='word_1_152' title='bbox 1990 1414 2079 1443; x_wconf 91' lang='lat' dir='ltr'><strong>non</strong></span> <span class='ocrx_word' id='word_1_153' title='bbox 2110 1405 2206 1444; x_wconf 89' lang='lat' dir='ltr'><strong>tan·</strong></span> <span class='ocrx_word' id='word_1_154' title='bbox 2289 1445 2300 1455; x_wconf 71' lang='grc'><em>,</em></span> 
     </span>
     <span class='ocr_line' id='line_1_16' title="bbox 226 1475 2206 1528; baseline -0.001 -12"><span class='ocrx_word' id='word_1_155' title='bbox 226 1478 318 1516; x_wconf 90' lang='lat' dir='ltr'><strong>tam</strong></span> <span class='ocrx_word' id='word_1_156' title='bbox 349 1475 485 1515; x_wconf 89' lang='lat' dir='ltr'><strong>fidem</strong></span> <span class='ocrx_word' id='word_1_157' title='bbox 516 1475 705 1528; x_wconf 82' lang='lat' dir='ltr'><strong>papyris</strong></span> <span class='ocrx_word' id='word_1_158' title='bbox 736 1477 814 1515; x_wconf 87' lang='lat' dir='ltr'><strong>aut</strong></span> <span class='ocrx_word' id='word_1_159' title='bbox 844 1485 1003 1527; x_wconf 85' lang='lat' dir='ltr'><strong>graece</strong></span> <span class='ocrx_word' id='word_1_160' title='bbox 1033 1476 1112 1515; x_wconf 89' lang='lat' dir='ltr'><strong>aut</strong></span> <span class='ocrx_word' id='word_1_161' title='bbox 1132 1475 1355 1516; x_wconf 91' lang='lat' dir='ltr'><strong>demotice</strong></span> <span class='ocrx_word' id='word_1_162' title='bbox 1386 1476 1568 1527; x_wconf 91' lang='lat' dir='ltr'><strong>scriptis</strong></span> <span class='ocrx_word' id='word_1_163' title='bbox 1589 1475 1845 1516; x_wconf 87' lang='lat' dir='ltr'><strong>habendam</strong></span> <span class='ocrx_word' id='word_1_164' title='bbox 1871 1486 1971 1516; x_wconf 91' lang='lat' dir='ltr'><strong>esse</strong></span> <span class='ocrx_word' id='word_1_165' title='bbox 1990 1476 2206 1527; x_wconf 90' lang='lat' dir='ltr'><strong>quantam</strong></span> 
     </span>
    </p>

    <p class='ocr_par' dir='ltr' id='par_1_8' title="bbox 226 1546 2314 2902">
     <span class='ocr_line' id='line_1_17' title="bbox 226 1546 2206 1600; baseline -0.001 -12"><span class='ocrx_word' id='word_1_166' title='bbox 226 1548 299 1588; x_wconf 90' lang='lat' dir='ltr'><strong>ille</strong></span> <span class='ocrx_word' id='word_1_167' title='bbox 344 1547 592 1595; x_wconf 80' lang='lat' dir='ltr'><strong>habuisset,</strong></span> <span class='ocrx_word' id='word_1_168' title='bbox 645 1547 726 1588; x_wconf 92' lang='lat' dir='ltr'><strong>sed</strong></span> <span class='ocrx_word' id='word_1_169' title='bbox 770 1546 1006 1599; x_wconf 88' lang='lat' dir='ltr'><strong>probabile</strong></span> <span class='ocrx_word' id='word_1_170' title='bbox 1051 1557 1164 1600; x_wconf 92' lang='lat' dir='ltr'><strong>esse,</strong></span> <span class='ocrx_word' id='word_1_171' title='bbox 1225 1548 1495 1599; x_wconf 87' lang='lat' dir='ltr'><strong>praesertim</strong></span> <span class='ocrx_word' id='word_1_172' title='bbox 1539 1548 1586 1587; x_wconf 93' lang='lat' dir='ltr'><strong>in</strong></span> <span class='ocrx_word' id='word_1_173' title='bbox 1629 1547 1889 1599; x_wconf 81' lang='lat' dir='ltr'><strong>regionibus</strong></span> <span class='ocrx_word' id='word_1_174' title='bbox 1936 1547 2206 1599; x_wconf 85' lang='lat' dir='ltr'><strong>longinquis,</strong></span> 
     </span>
     <span class='ocr_line' id='line_1_18' title="bbox 227 1618 2314 1672; baseline -0 -12"><span class='ocrx_word' id='word_1_175' title='bbox 227 1620 413 1672; x_wconf 85' lang='lat' dir='ltr'><strong>scribas,</strong></span> <span class='ocrx_word' id='word_1_176' title='bbox 453 1620 534 1671; x_wconf 92' lang='lat' dir='ltr'><strong>qui</strong></span> <span class='ocrx_word' id='word_1_177' title='bbox 565 1619 675 1659; x_wconf 89' lang='lat' dir='ltr'><strong>tales</strong></span> <span class='ocrx_word' id='word_1_178' title='bbox 707 1619 880 1659; x_wconf 89' lang='lat' dir='ltr'><strong>litteras</strong></span> <span class='ocrx_word' id='word_1_179' title='bbox 911 1618 1196 1672; x_wconf 88' lang='lat' dir='ltr'><strong>conficerent,</strong></span> <span class='ocrx_word' id='word_1_180' title='bbox 1237 1619 1516 1672; x_wconf 90' lang='lat' dir='ltr'><strong>praescripta</strong></span> <span class='ocrx_word' id='word_1_181' title='bbox 1550 1630 1605 1658; x_wconf 86' lang='lat' dir='ltr'><strong>ex</strong></span> <span class='ocrx_word' id='word_1_182' title='bbox 1637 1619 1974 1671; x_wconf 87' lang='lat' dir='ltr'><strong>antiquioribus</strong></span> <span class='ocrx_word' id='word_1_183' title='bbox 2003 1619 2206 1659; x_wconf 90' lang='lat' dir='ltr'><strong>eiusdem</strong></span> <span class='ocrx_word' id='word_1_184' title='bbox 2312 1658 2314 1664; x_wconf 84' lang='grc'>,</span> 
     </span>
     <span class='ocr_line' id='line_1_19' title="bbox 227 1691 2289 1743; baseline -0 -11"><span class='ocrx_word' id='word_1_185' title='bbox 227 1693 403 1743; x_wconf 88' lang='lat' dir='ltr'><strong>generis</strong></span> <span class='ocrx_word' id='word_1_186' title='bbox 434 1692 597 1732; x_wconf 88' lang='lat' dir='ltr'><strong>litteris</strong></span> <span class='ocrx_word' id='word_1_187' title='bbox 618 1691 905 1732; x_wconf 87' lang='lat' dir='ltr'><strong>transtulisse</strong></span> <span class='ocrx_word' id='word_1_188' title='bbox 925 1691 1059 1732; x_wconf 90' lang='lat' dir='ltr'><strong>unice</strong></span> <span class='ocrx_word' id='word_1_189' title='bbox 1086 1702 1275 1732; x_wconf 91' lang='lat' dir='ltr'><strong>securos</strong></span> <span class='ocrx_word' id='word_1_190' title='bbox 1307 1693 1462 1731; x_wconf 86' lang='lat' dir='ltr'><strong>utrum</strong></span> <span class='ocrx_word' id='word_1_191' title='bbox 1489 1693 1585 1731; x_wconf 91' lang='lat' dir='ltr'><strong>tum</strong></span> <span class='ocrx_word' id='word_1_192' title='bbox 1613 1692 1763 1743; x_wconf 90' lang='lat' dir='ltr'><strong>ipsum</strong></span> <span class='ocrx_word' id='word_1_193' title='bbox 1793 1703 1884 1732; x_wconf 91' lang='lat' dir='ltr'><strong>una</strong></span> <span class='ocrx_word' id='word_1_194' title='bbox 1910 1692 2061 1743; x_wconf 88' lang='lat' dir='ltr'><strong>regina</strong></span> <span class='ocrx_word' id='word_1_195' title='bbox 2088 1693 2208 1732; x_wconf 90' lang='lat' dir='ltr'><strong>esset</strong></span> <span class='ocrx_word' id='word_1_196' title='bbox 2275 1705 2289 1742; x_wconf 62' lang='grc' dir='ltr'>ς</span> 
     </span>
     <span class='ocr_line' id='line_1_20' title="bbox 228 1759 2284 1817; baseline -0 -12"><span class='ocrx_word' id='word_1_197' title='bbox 228 1777 283 1805; x_wconf 88' lang='lat' dir='ltr'><strong>an</strong></span> <span class='ocrx_word' id='word_1_198' title='bbox 306 1764 435 1804; x_wconf 88' lang='lat' dir='ltr'><strong>duae.</strong></span> <span class='ocrx_word' id='word_1_199' title='bbox 482 1763 569 1804; x_wconf 91' lang='lat' dir='ltr'><strong>Sed</strong></span> <span class='ocrx_word' id='word_1_200' title='bbox 599 1775 715 1804; x_wconf 90' lang='lat' dir='ltr'><strong>anno</strong></span> <span class='ocrx_word' id='word_1_201' title='bbox 747 1767 830 1804; x_wconf 84' lang='grc'>436</span> <span class='ocrx_word' id='word_1_202' title='bbox 852 1775 890 1804; x_wconf 92' lang='lat' dir='ltr'><strong>a.</strong></span> <span class='ocrx_word' id='word_1_203' title='bbox 909 1763 1009 1804; x_wconf 91' lang='lat' dir='ltr'><strong>Chr.</strong></span> <span class='ocrx_word' id='word_1_204' title='bbox 1033 1775 1074 1804; x_wconf 86' lang='lat' dir='ltr'><strong>n.</strong></span> <span class='ocrx_word' id='word_1_205' title='bbox 1106 1775 1243 1804; x_wconf 88' lang='lat' dir='ltr'><strong>unam</strong></span> <span class='ocrx_word' id='word_1_206' title='bbox 1266 1764 1488 1804; x_wconf 90' lang='lat' dir='ltr'><strong>maiorem</strong></span> <span class='ocrx_word' id='word_1_207' title='bbox 1510 1763 1807 1817; x_wconf 89' lang='lat' dir='ltr'><strong>Cleopatram,</strong></span> <span class='ocrx_word' id='word_1_208' title='bbox 1840 1764 1957 1816; x_wconf 90' lang='lat' dir='ltr'><strong>regis</strong></span> <span class='ocrx_word' id='word_1_209' title='bbox 1988 1774 2206 1816; x_wconf 90' lang='lat' dir='ltr'><strong>sororem,</strong></span> <span class='ocrx_word' id='word_1_210' title='bbox 2273 1759 2284 1800; x_wconf 61' lang='grc' dir='ltr'>ὅ</span> 
     </span>
     <span class='ocr_line' id='line_1_21' title="bbox 226 1819 2314 1888; baseline -0.001 -11"><span class='ocrx_word' id='word_1_211' title='bbox 226 1838 349 1888; x_wconf 90' lang='lat' dir='ltr'><strong>regio</strong></span> <span class='ocrx_word' id='word_1_212' title='bbox 380 1836 561 1877; x_wconf 90' lang='lat' dir='ltr'><strong>nomine</strong></span> <span class='ocrx_word' id='word_1_213' title='bbox 593 1846 722 1876; x_wconf 92' lang='lat' dir='ltr'><strong>usam</strong></span> <span class='ocrx_word' id='word_1_214' title='bbox 755 1846 854 1876; x_wconf 89' lang='lat' dir='ltr'><strong>esse</strong></span> <span class='ocrx_word' id='word_1_215' title='bbox 884 1835 992 1876; x_wconf 91' lang='lat' dir='ltr'><strong>huic</strong></span> <span class='ocrx_word' id='word_1_216' title='bbox 1020 1836 1152 1876; x_wconf 88' lang='lat' dir='ltr'><strong>titulo</strong></span> <span class='ocrx_word' id='word_1_217' title='bbox 1185 1837 1396 1876; x_wconf 87' lang='lat' dir='ltr'><strong>accurate</strong></span> <span class='ocrx_word' id='word_1_218' title='bbox 1427 1836 1568 1876; x_wconf 88' lang='lat' dir='ltr'><strong>inciso</strong></span> <span class='ocrx_word' id='word_1_219' title='bbox 1599 1836 1647 1876; x_wconf 89' lang='lat' dir='ltr'><strong>in</strong></span> <span class='ocrx_word' id='word_1_220' title='bbox 1675 1835 1864 1876; x_wconf 92' lang='lat' dir='ltr'><strong>delubro</strong></span> <span class='ocrx_word' id='word_1_221' title='bbox 1895 1835 2079 1888; x_wconf 91' lang='lat' dir='ltr'><strong>publico</strong></span> <span class='ocrx_word' id='word_1_222' title='bbox 2112 1846 2207 1876; x_wconf 91' lang='lat' dir='ltr'><strong>cre·</strong></span> <span class='ocrx_word' id='word_1_223' title='bbox 2265 1819 2285 1865; x_wconf 59' lang='grc' dir='ltr'>ἶ</span> <span class='ocrx_word' id='word_1_224' title='bbox 2307 1837 2314 1874; x_wconf 77' lang='grc' dir='ltr'><strong>ἶ·</strong></span> 
     </span>
     <span class='ocr_line' id='line_1_22' title="bbox 228 1885 2314 1960; baseline 0 -11"><span class='ocrx_word' id='word_1_225' title='bbox 228 1909 334 1949; x_wconf 89' lang='lat' dir='ltr'><strong>dere</strong></span> <span class='ocrx_word' id='word_1_226' title='bbox 365 1907 596 1949; x_wconf 89' lang='lat' dir='ltr'><strong>debemus.</strong></span> <span class='ocrx_word' id='word_1_227' title='bbox 745 1911 766 1946; x_wconf 88' lang='lat'><strong>3</strong></span> <span class='ocrx_word' id='word_1_228' title='bbox 806 1906 908 1948; x_wconf 94' lang='lat' dir='ltr'><strong>Non</strong></span> <span class='ocrx_word' id='word_1_229' title='bbox 938 1908 1192 1948; x_wconf 89' lang='lat' dir='ltr'><strong>necessario</strong></span> <span class='ocrx_word' id='word_1_230' title='bbox 1223 1908 1314 1948; x_wconf 90' lang='lat' dir='ltr'><strong>hoc</strong></span> <span class='ocrx_word' id='word_1_231' title='bbox 1345 1908 1402 1948; x_wconf 91' lang='lat' dir='ltr'><strong>ad</strong></span> <span class='ocrx_word' id='word_1_232' title='bbox 1432 1909 1681 1960; x_wconf 90' lang='lat' dir='ltr'><strong>utrumque</strong></span> <span class='ocrx_word' id='word_1_233' title='bbox 1701 1908 1939 1960; x_wconf 90' lang='lat' dir='ltr'><strong>coniugem</strong></span> <span class='ocrx_word' id='word_1_234' title='bbox 1965 1919 2051 1949; x_wconf 91' lang='lat' dir='ltr'><strong>una</strong></span> <span class='ocrx_word' id='word_1_235' title='bbox 2072 1908 2208 1949; x_wconf 77' lang='lat' dir='ltr'><strong>refer·</strong></span> <span class='ocrx_word' id='word_1_236' title='bbox 2268 1885 2284 1931; x_wconf 83' lang='lat'><strong>.‘</strong></span> <span class='ocrx_word' id='word_1_237' title='bbox 2310 1909 2314 1951; x_wconf 73' lang='grc' dir='ltr'><em>ξ</em></span> 
     </span>
     <span class='ocr_line' id='line_1_23' title="bbox 228 1955 2314 2032; baseline 0 -11"><span class='ocrx_word' id='word_1_238' title='bbox 228 1983 315 2021; x_wconf 91' lang='lat' dir='ltr'><strong>tur.</strong></span> <span class='ocrx_word' id='word_1_239' title='bbox 376 1980 490 2021; x_wconf 90' lang='lat' dir='ltr'><strong>Nam</strong></span> <span class='ocrx_word' id='word_1_240' title='bbox 535 1981 634 2020; x_wconf 91' lang='lat' dir='ltr'><strong>tum</strong></span> <span class='ocrx_word' id='word_1_241' title='bbox 682 1980 902 2032; x_wconf 88' lang='lat' dir='ltr'><strong>temporis</strong></span> <span class='ocrx_word' id='word_1_242' title='bbox 947 1980 1035 2020; x_wconf 89' lang='lat' dir='ltr'><strong>iam</strong></span> <span class='ocrx_word' id='word_1_243' title='bbox 1084 1991 1140 2020; x_wconf 84' lang='lat' dir='ltr'><strong>ex</strong></span> <span class='ocrx_word' id='word_1_244' title='bbox 1186 1979 1326 2020; x_wconf 89' lang='lat' dir='ltr'><strong>altera</strong></span> <span class='ocrx_word' id='word_1_245' title='bbox 1370 1991 1515 2020; x_wconf 83' lang='lat' dir='ltr'><strong>uxore</strong></span> <span class='ocrx_word' id='word_1_246' title='bbox 1560 1979 1729 2020; x_wconf 90' lang='lat' dir='ltr'><strong>liberos</strong></span> <span class='ocrx_word' id='word_1_247' title='bbox 1773 1980 1912 2020; x_wconf 89' lang='lat' dir='ltr'><strong>fuisse</strong></span> <span class='ocrx_word' id='word_1_248' title='bbox 1953 1980 2208 2021; x_wconf 85' lang='lat' dir='ltr'><strong>Ptolemaeo</strong></span> <span class='ocrx_word' id='word_1_249' title='bbox 2304 1955 2314 2014; x_wconf 39' lang='grc' dir='ltr'><strong>τε</strong></span> 
     </span>
     <span class='ocr_line' id='line_1_24' title="bbox 228 2026 2313 2104; baseline 0 -12"><span class='ocrx_word' id='word_1_250' title='bbox 228 2053 475 2104; x_wconf 88' lang='lat' dir='ltr'><strong>Euergetae</strong></span> <span class='ocrx_word' id='word_1_251' title='bbox 505 2053 682 2093; x_wconf 90' lang='lat' dir='ltr'><strong>constat</strong></span> <span class='ocrx_word' id='word_1_252' title='bbox 721 2051 787 2103; x_wconf 83' lang='lat' dir='ltr'><strong>(cf.</strong></span> <span class='ocrx_word' id='word_1_253' title='bbox 819 2063 861 2092; x_wconf 90' lang='lat' dir='ltr'><strong>n.</strong></span> <span class='ocrx_word' id='word_1_254' title='bbox 886 2050 1022 2103; x_wconf 78' lang='grc'>4323).</span> <span class='ocrx_word' id='word_1_255' title='bbox 1083 2052 1284 2092; x_wconf 89' lang='lat' dir='ltr'><strong>Priorem</strong></span> <span class='ocrx_word' id='word_1_256' title='bbox 1324 2062 1443 2104; x_wconf 89' lang='lat' dir='ltr'><strong>sane,</strong></span> <span class='ocrx_word' id='word_1_257' title='bbox 1483 2063 1600 2104; x_wconf 90' lang='lat' dir='ltr'><strong>quae</strong></span> <span class='ocrx_word' id='word_1_258' title='bbox 1643 2052 1788 2104; x_wconf 90' lang='lat' dir='ltr'><strong>ipsius</strong></span> <span class='ocrx_word' id='word_1_259' title='bbox 1826 2063 1961 2093; x_wconf 89' lang='lat' dir='ltr'><strong>soror</strong></span> <span class='ocrx_word' id='word_1_260' title='bbox 1997 2062 2210 2103; x_wconf 88' lang='lat' dir='ltr'><strong>germana</strong></span> <span class='ocrx_word' id='word_1_261' title='bbox 2262 2087 2267 2092; x_wconf 77' lang='grc'>,</span> <span class='ocrx_word' id='word_1_262' title='bbox 2304 2026 2313 2081; x_wconf 59' lang='lat'>3</span> 
     </span>
     <span class='ocr_line' id='line_1_25' title="bbox 227 2107 2309 2178; baseline -0.001 -12"><span class='ocrx_word' id='word_1_263' title='bbox 227 2127 323 2166; x_wconf 90' lang='lat' dir='ltr'><strong>erat</strong></span> <span class='ocrx_word' id='word_1_264' title='bbox 354 2136 405 2166; x_wconf 90' lang='lat' dir='ltr'><strong>ac</strong></span> <span class='ocrx_word' id='word_1_265' title='bbox 445 2127 542 2165; x_wconf 93' lang='lat' dir='ltr'><strong>tum</strong></span> <span class='ocrx_word' id='word_1_266' title='bbox 583 2135 687 2164; x_wconf 90' lang='lat' dir='ltr'><strong>cum</strong></span> <span class='ocrx_word' id='word_1_267' title='bbox 719 2125 759 2164; x_wconf 91' lang='lat' dir='ltr'><strong>ei</strong></span> <span class='ocrx_word' id='word_1_268' title='bbox 799 2124 991 2165; x_wconf 92' lang='lat' dir='ltr'><strong>nuberet</strong></span> <span class='ocrx_word' id='word_1_269' title='bbox 1021 2125 1111 2165; x_wconf 91' lang='lat' dir='ltr'><strong>iam</strong></span> <span class='ocrx_word' id='word_1_270' title='bbox 1150 2124 1300 2177; x_wconf 91' lang='lat' dir='ltr'><strong>paullo</strong></span> <span class='ocrx_word' id='word_1_271' title='bbox 1339 2125 1603 2177; x_wconf 85' lang='lat' dir='ltr'><strong>provectior</strong></span> <span class='ocrx_word' id='word_1_272' title='bbox 1642 2126 1801 2178; x_wconf 87' lang='lat' dir='ltr'><strong>aetate,</strong></span> <span class='ocrx_word' id='word_1_273' title='bbox 1842 2125 2027 2165; x_wconf 91' lang='lat' dir='ltr'><strong>nomine</strong></span> <span class='ocrx_word' id='word_1_274' title='bbox 2065 2125 2208 2176; x_wconf 89' lang='lat' dir='ltr'><strong>magis</strong></span> <span class='ocrx_word' id='word_1_275' title='bbox 2304 2107 2309 2164; x_wconf 69' lang='grc' dir='ltr'>ἶ</span> 
     </span>
     <span class='ocr_line' id='line_1_26' title="bbox 227 2196 2307 2276; baseline -0.001 -38"><span class='ocrx_word' id='word_1_276' title='bbox 227 2209 366 2250; x_wconf 88' lang='lat' dir='ltr'><strong>quam</strong></span> <span class='ocrx_word' id='word_1_277' title='bbox 398 2209 444 2238; x_wconf 89' lang='lat' dir='ltr'><strong>re</strong></span> <span class='ocrx_word' id='word_1_278' title='bbox 474 2208 667 2238; x_wconf 85' lang='lat' dir='ltr'><strong>uxorem</strong></span> <span class='ocrx_word' id='word_1_279' title='bbox 709 2196 845 2238; x_wconf 87' lang='lat' dir='ltr'><strong>fuisse</strong></span> <span class='ocrx_word' id='word_1_280' title='bbox 877 2197 1108 2237; x_wconf 86' lang='lat' dir='ltr'><strong>existimat</strong></span> <span class='ocrx_word' id='word_1_281' title='bbox 1137 2196 1172 2238; x_wconf 86' lang='lat' dir='ltr'><strong>J.</strong></span> <span class='ocrx_word' id='word_1_282' title='bbox 1195 2197 1240 2237; x_wconf 89' lang='lat' dir='ltr'><strong>P.</strong></span> <span class='ocrx_word' id='word_1_283' title='bbox 1261 2196 1457 2250; x_wconf 87' lang='lat' dir='ltr'><strong>Mahaffy</strong></span> <span class='ocrx_word' id='word_1_284' title='bbox 1497 2196 1681 2249; x_wconf 87' lang='lat' dir='ltr'><strong>History</strong></span> <span class='ocrx_word' id='word_1_285' title='bbox 1722 2196 1772 2238; x_wconf 83' lang='lat' dir='ltr'><strong>of</strong></span> <span class='ocrx_word' id='word_1_286' title='bbox 1805 2197 1954 2249; x_wconf 83' lang='lat' dir='ltr'><strong>Egypt</strong></span> <span class='ocrx_word' id='word_1_287' title='bbox 1983 2196 2054 2237; x_wconf 87' lang='lat' dir='ltr'><strong>IV.</strong></span> <span class='ocrx_word' id='word_1_288' title='bbox 2116 2197 2207 2236; x_wconf 89' lang='lat' dir='ltr'><strong>The</strong></span> <span class='ocrx_word' id='word_1_289' title='bbox 2297 2199 2307 2276; x_wconf 58' lang='lat' dir='ltr'><strong>j</strong></span> 
     </span>
     <span class='ocr_line' id='line_1_27' title="bbox 228 2268 2314 2331; baseline 0 -21"><span class='ocrx_word' id='word_1_290' title='bbox 228 2270 476 2311; x_wconf 86' lang='lat' dir='ltr'><strong>Ptolemaic</strong></span> <span class='ocrx_word' id='word_1_291' title='bbox 512 2269 710 2322; x_wconf 89' lang='lat' dir='ltr'><strong>dynasty</strong></span> <span class='ocrx_word' id='word_1_292' title='bbox 742 2281 783 2322; x_wconf 93' lang='lat' dir='ltr'><strong>p.</strong></span> <span class='ocrx_word' id='word_1_293' title='bbox 808 2271 887 2309; x_wconf 86' lang='grc'><strong>484</strong></span> <span class='ocrx_word' id='word_1_294' title='bbox 931 2271 1022 2310; x_wconf 93' lang='lat' dir='ltr'><strong>not.</strong></span> <span class='ocrx_word' id='word_1_295' title='bbox 1046 2272 1085 2308; x_wconf 89' lang='grc'>4.</span> <span class='ocrx_word' id='word_1_296' title='bbox 1145 2268 1201 2309; x_wconf 86' lang='lat' dir='ltr'><strong>At</strong></span> <span class='ocrx_word' id='word_1_297' title='bbox 1239 2271 1343 2310; x_wconf 90' lang='lat' dir='ltr'><strong>utut</strong></span> <span class='ocrx_word' id='word_1_298' title='bbox 1378 2269 1636 2310; x_wconf 89' lang='lat' dir='ltr'><strong>iudicamus</strong></span> <span class='ocrx_word' id='word_1_299' title='bbox 1673 2269 1729 2310; x_wconf 92' lang='lat' dir='ltr'><strong>de</strong></span> <span class='ocrx_word' id='word_1_300' title='bbox 1767 2268 1854 2310; x_wconf 89' lang='lat' dir='ltr'><strong>fide</strong></span> <span class='ocrx_word' id='word_1_301' title='bbox 1892 2280 2054 2310; x_wconf 92' lang='lat' dir='ltr'><strong>eorum</strong></span> <span class='ocrx_word' id='word_1_302' title='bbox 2092 2280 2208 2321; x_wconf 88' lang='lat' dir='ltr'><strong>quae</strong></span> <span class='ocrx_word' id='word_1_303' title='bbox 2256 2319 2260 2322; x_wconf 34' lang='grc'>,</span> <span class='ocrx_word' id='word_1_304' title='bbox 2297 2277 2314 2331; x_wconf 46' lang='lat' dir='ltr'><strong>g¹</strong></span> 
     </span>
     <span class='ocr_line' id='line_1_28' title="bbox 227 2336 2314 2413; baseline 0 -31"><span class='ocrx_word' id='word_1_305' title='bbox 227 2342 486 2394; x_wconf 89' lang='lat' dir='ltr'><strong>singillatim</strong></span> <span class='ocrx_word' id='word_1_306' title='bbox 527 2354 552 2382; x_wconf 91' lang='lat' dir='ltr'><strong>a</strong></span> <span class='ocrx_word' id='word_1_307' title='bbox 590 2341 891 2394; x_wconf 88' lang='lat' dir='ltr'><strong>scriptoribus</strong></span> <span class='ocrx_word' id='word_1_308' title='bbox 933 2343 1174 2382; x_wconf 89' lang='lat' dir='ltr'><strong>narrantur</strong></span> <span class='ocrx_word' id='word_1_309' title='bbox 1211 2341 1266 2382; x_wconf 93' lang='lat' dir='ltr'><strong>de</strong></span> <span class='ocrx_word' id='word_1_310' title='bbox 1306 2341 1562 2382; x_wconf 85' lang='lat' dir='ltr'><strong>Ptolemaeo</strong></span> <span class='ocrx_word' id='word_1_311' title='bbox 1603 2341 1848 2394; x_wconf 87' lang='lat' dir='ltr'><strong>Memphite</strong></span> <span class='ocrx_word' id='word_1_312' title='bbox 1878 2341 2125 2393; x_wconf 89' lang='lat' dir='ltr'><strong>Euergetae</strong></span> <span class='ocrx_word' id='word_1_313' title='bbox 2164 2343 2209 2381; x_wconf 90' lang='lat' dir='ltr'><strong>et</strong></span> <span class='ocrx_word' id='word_1_314' title='bbox 2256 2391 2268 2413; x_wconf 51' lang='lat' dir='ltr'><strong>s</strong></span> <span class='ocrx_word' id='word_1_315' title='bbox 2296 2336 2314 2408; x_wconf 56' lang='lat'><strong>&#39;53</strong></span> 
     </span>
     <span class='ocr_line' id='line_1_29' title="bbox 229 2407 2263 2466; baseline -0 -11"><span class='ocrx_word' id='word_1_316' title='bbox 229 2415 490 2466; x_wconf 89' lang='lat' dir='ltr'><strong>Cleopatrae</strong></span> <span class='ocrx_word' id='word_1_317' title='bbox 521 2414 559 2453; x_wconf 95' lang='lat' dir='ltr'><strong>II</strong></span> <span class='ocrx_word' id='word_1_318' title='bbox 588 2414 681 2454; x_wconf 90' lang='lat' dir='ltr'><strong>filio</strong></span> <span class='ocrx_word' id='word_1_319' title='bbox 715 2413 783 2465; x_wconf 83' lang='lat' dir='ltr'><strong>(cf.</strong></span> <span class='ocrx_word' id='word_1_320' title='bbox 816 2414 972 2454; x_wconf 89' lang='lat' dir='ltr'><strong>Strack</strong></span> <span class='ocrx_word' id='word_1_321' title='bbox 1003 2414 1083 2454; x_wconf 92' lang='lat' dir='ltr'><strong>Die</strong></span> <span class='ocrx_word' id='word_1_322' title='bbox 1103 2414 1319 2466; x_wconf 89' lang='lat' dir='ltr'><strong>Dynastie</strong></span> <span class='ocrx_word' id='word_1_323' title='bbox 1341 2413 1420 2454; x_wconf 91' lang='lat' dir='ltr'><strong>der</strong></span> <span class='ocrx_word' id='word_1_324' title='bbox 1442 2414 1693 2454; x_wconf 73' lang='lat' dir='ltr'><strong>Ptolemaer</strong></span> <span class='ocrx_word' id='word_1_325' title='bbox 1721 2425 1764 2466; x_wconf 93' lang='lat' dir='ltr'><strong>p.</strong></span> <span class='ocrx_word' id='word_1_326' title='bbox 1791 2413 1871 2466; x_wconf 85' lang='grc'>44),</span> <span class='ocrx_word' id='word_1_327' title='bbox 1901 2414 2012 2466; x_wconf 91' lang='lat' dir='ltr'><strong>quin</strong></span> <span class='ocrx_word' id='word_1_328' title='bbox 2032 2424 2081 2454; x_wconf 93' lang='lat' dir='ltr'><strong>re</strong></span> <span class='ocrx_word' id='word_1_329' title='bbox 2101 2424 2208 2454; x_wconf 88' lang='lat' dir='ltr'><strong>vera</strong></span> <span class='ocrx_word' id='word_1_330' title='bbox 2256 2407 2263 2461; x_wconf 60' lang='grc' dir='ltr'><strong>’ξ</strong></span> 
     </span>
     <span class='ocr_line' id='line_1_30' title="bbox 228 2485 2208 2539; baseline -0 -12"><span class='ocrx_word' id='word_1_331' title='bbox 228 2488 362 2528; x_wconf 89' lang='lat' dir='ltr'><strong>etiam</strong></span> <span class='ocrx_word' id='word_1_332' title='bbox 396 2498 450 2527; x_wconf 84' lang='lat' dir='ltr'><strong>ex</strong></span> <span class='ocrx_word' id='word_1_333' title='bbox 481 2487 633 2539; x_wconf 86' lang='lat' dir='ltr'><strong>priore</strong></span> <span class='ocrx_word' id='word_1_334' title='bbox 665 2497 807 2526; x_wconf 86' lang='lat' dir='ltr'><strong>uxore</strong></span> <span class='ocrx_word' id='word_1_335' title='bbox 836 2486 1006 2527; x_wconf 88' lang='lat' dir='ltr'><strong>liberos</strong></span> <span class='ocrx_word' id='word_1_336' title='bbox 1037 2486 1345 2539; x_wconf 85' lang='lat' dir='ltr'><strong>procreaverit</strong></span> <span class='ocrx_word' id='word_1_337' title='bbox 1375 2486 1658 2528; x_wconf 88' lang='lat' dir='ltr'><strong>Ptolemaeus</strong></span> <span class='ocrx_word' id='word_1_338' title='bbox 1679 2486 1921 2538; x_wconf 88' lang='lat' dir='ltr'><strong>Euergetes</strong></span> <span class='ocrx_word' id='word_1_339' title='bbox 1943 2486 1981 2525; x_wconf 92' lang='lat'><strong>11</strong></span> <span class='ocrx_word' id='word_1_340' title='bbox 2011 2485 2208 2526; x_wconf 89' lang='lat' dir='ltr'><strong>dubitari</strong></span> 
     </span>
     <span class='ocr_line' id='line_1_31' title="bbox 229 2557 2265 2629; baseline -0.001 -29"><span class='ocrx_word' id='word_1_341' title='bbox 229 2571 318 2600; x_wconf 92' lang='lat' dir='ltr'><strong>non</strong></span> <span class='ocrx_word' id='word_1_342' title='bbox 349 2559 454 2598; x_wconf 89' lang='lat' dir='ltr'><strong>sinit</strong></span> <span class='ocrx_word' id='word_1_343' title='bbox 484 2558 646 2599; x_wconf 87' lang='lat' dir='ltr'><strong>titulus</strong></span> <span class='ocrx_word' id='word_1_344' title='bbox 680 2560 775 2610; x_wconf 82' lang='grc'>444,</span> <span class='ocrx_word' id='word_1_345' title='bbox 808 2557 889 2598; x_wconf 90' lang='lat' dir='ltr'><strong>ubi</strong></span> <span class='ocrx_word' id='word_1_346' title='bbox 919 2558 1024 2599; x_wconf 89' lang='lat' dir='ltr'><strong>vide</strong></span> <span class='ocrx_word' id='word_1_347' title='bbox 1055 2560 1146 2599; x_wconf 92' lang='lat' dir='ltr'><strong>not.</strong></span> <span class='ocrx_word' id='word_1_348' title='bbox 1170 2562 1208 2598; x_wconf 91' lang='grc'><strong>4.</strong></span> <span class='ocrx_word' id='word_1_349' title='bbox 1359 2561 1380 2598; x_wconf 90' lang='grc'>4</span> <span class='ocrx_word' id='word_1_350' title='bbox 1420 2559 1668 2599; x_wconf 91' lang='lat' dir='ltr'><strong>Mercurius</strong></span> <span class='ocrx_word' id='word_1_351' title='bbox 1698 2558 2044 2611; x_wconf 87' lang='lat' dir='ltr'><strong>Aegyptiorum,</strong></span> <span class='ocrx_word' id='word_1_352' title='bbox 2082 2559 2206 2610; x_wconf 88' lang='lat' dir='ltr'><strong>ipso·</strong></span> <span class='ocrx_word' id='word_1_353' title='bbox 2247 2575 2265 2629; x_wconf 65' lang='lat'><em>)</em></span> 
     </span>
     <span class='ocr_line' id='line_1_32' title="bbox 229 2622 2263 2690; baseline 0 -20"><span class='ocrx_word' id='word_1_354' title='bbox 229 2642 331 2670; x_wconf 91' lang='lat' dir='ltr'><strong>rum</strong></span> <span class='ocrx_word' id='word_1_355' title='bbox 363 2630 512 2681; x_wconf 88' lang='lat' dir='ltr'><strong>lingua</strong></span> <span class='ocrx_word' id='word_1_356' title='bbox 542 2627 691 2682; x_wconf 71' lang='lat' dir='ltr'><strong>Thotk,</strong></span> <span class='ocrx_word' id='word_1_357' title='bbox 723 2631 992 2681; x_wconf 89' lang='lat' dir='ltr'><strong>cognomine</strong></span> <span class='ocrx_word' id='word_1_358' title='bbox 1024 2622 1293 2685; x_wconf 72' lang='grc' dir='ltr'>Παῦτνουφις</span> <span class='ocrx_word' id='word_1_359' title='bbox 1323 2630 1396 2671; x_wconf 88' lang='lat' dir='ltr'><strong>vel</strong></span> <span class='ocrx_word' id='word_1_360' title='bbox 1429 2626 1689 2686; x_wconf 76' lang='grc' dir='ltr'>Παότνουφις</span> <span class='ocrx_word' id='word_1_361' title='bbox 1721 2629 1969 2682; x_wconf 89' lang='lat' dir='ltr'><strong>colebatur,</strong></span> <span class='ocrx_word' id='word_1_362' title='bbox 2000 2629 2123 2681; x_wconf 91' lang='lat' dir='ltr'><strong>quod</strong></span> <span class='ocrx_word' id='word_1_363' title='bbox 2152 2641 2207 2670; x_wconf 83' lang='lat' dir='ltr'><strong>ex</strong></span> <span class='ocrx_word' id='word_1_364' title='bbox 2244 2633 2263 2690; x_wconf 68' lang='grc' dir='ltr'><strong><em>ξ</em></strong></span> 
     </span>
     <span class='ocr_line' id='line_1_33' title="bbox 230 2690 2258 2754; baseline -0 -11"><span class='ocrx_word' id='word_1_365' title='bbox 230 2701 581 2754; x_wconf 90' lang='lat' dir='ltr'><strong>Champollionis</strong></span> <span class='ocrx_word' id='word_1_366' title='bbox 613 2702 800 2753; x_wconf 90' lang='lat' dir='ltr'><strong>(Lettres</strong></span> <span class='ocrx_word' id='word_1_367' title='bbox 830 2703 992 2743; x_wconf 82' lang='lat' dir='ltr'><strong>ecrites</strong></span> <span class='ocrx_word' id='word_1_368' title='bbox 1015 2690 1232 2754; x_wconf 86' lang='lat' dir='ltr'><strong>d&#39;Egypte</strong></span> <span class='ocrx_word' id='word_1_369' title='bbox 1263 2713 1306 2754; x_wconf 91' lang='lat' dir='ltr'><strong>p.</strong></span> <span class='ocrx_word' id='word_1_370' title='bbox 1329 2702 1426 2753; x_wconf 88' lang='grc'>450)</span> <span class='ocrx_word' id='word_1_371' title='bbox 1458 2702 1828 2754; x_wconf 89' lang='lat' dir='ltr'><strong>interpretatione</strong></span> <span class='ocrx_word' id='word_1_372' title='bbox 1850 2701 2070 2753; x_wconf 89' lang='lat' dir='ltr'><strong>significat</strong></span> <span class='ocrx_word' id='word_1_373' title='bbox 2100 2713 2205 2742; x_wconf 92' lang='lat' dir='ltr'><strong>eum</strong></span> <span class='ocrx_word' id='word_1_374' title='bbox 2242 2696 2258 2750; x_wconf 67' lang='lat'><strong>[⁷</strong></span> 
     </span>
     <span class='ocr_line' id='line_1_34' title="bbox 229 2767 2255 2828; baseline 0 -14"><span class='ocrx_word' id='word_1_375' title='bbox 229 2769 374 2814; x_wconf 89' lang='lat' dir='ltr'><strong>‘cuius</strong></span> <span class='ocrx_word' id='word_1_376' title='bbox 405 2785 484 2814; x_wconf 90' lang='lat' dir='ltr'><strong>cor</strong></span> <span class='ocrx_word' id='word_1_377' title='bbox 505 2773 677 2814; x_wconf 91' lang='lat' dir='ltr'><strong>bonum</strong></span> <span class='ocrx_word' id='word_1_378' title='bbox 706 2767 807 2814; x_wconf 85' lang='lat' dir='ltr'><strong>est&#39;.</strong></span> <span class='ocrx_word' id='word_1_379' title='bbox 844 2774 1080 2815; x_wconf 90' lang='lat' dir='ltr'><strong>Letronne.</strong></span> <span class='ocrx_word' id='word_1_380' title='bbox 1132 2774 1194 2815; x_wconf 86' lang='lat' dir='ltr'><strong>Cf.</strong></span> <span class='ocrx_word' id='word_1_381' title='bbox 1216 2774 1400 2814; x_wconf 91' lang='lat' dir='ltr'><strong>titulum</strong></span> <span class='ocrx_word' id='word_1_382' title='bbox 1423 2775 1627 2815; x_wconf 92' lang='lat' dir='ltr'><strong>eiusdem</strong></span> <span class='ocrx_word' id='word_1_383' title='bbox 1657 2775 1817 2827; x_wconf 89' lang='lat' dir='ltr'><strong>templi</strong></span> <span class='ocrx_word' id='word_1_384' title='bbox 1846 2774 1960 2815; x_wconf 84' lang='lat' dir='ltr'><strong>infra</strong></span> <span class='ocrx_word' id='word_1_385' title='bbox 1990 2777 2147 2828; x_wconf 79' lang='lat' dir='ltr'><strong>n.206,</strong></span> <span class='ocrx_word' id='word_1_386' title='bbox 2166 2777 2204 2814; x_wconf 72' lang='lat'><strong>⁴:</strong></span> <span class='ocrx_word' id='word_1_387' title='bbox 2251 2780 2255 2788; x_wconf 74' lang='lat'><strong>¹</strong></span> 
     </span>
     <span class='ocr_line' id='line_1_35' title="bbox 230 2838 1053 2902; baseline 0 -16"><span class='ocrx_word' id='word_1_388' title='bbox 230 2844 315 2901; x_wconf 78' lang='grc' dir='ltr'><strong>θεῷ</strong></span> <span class='ocrx_word' id='word_1_389' title='bbox 343 2842 525 2901; x_wconf 76' lang='grc' dir='ltr'>μεγίστῳ</span> <span class='ocrx_word' id='word_1_390' title='bbox 549 2838 720 2902; x_wconf 84' lang='grc' dir='ltr'>Ἐρμάῳ</span> <span class='ocrx_word' id='word_1_391' title='bbox 752 2841 1053 2901; x_wconf 74' lang='grc' dir='ltr'>Παῦτνούφιδι.</span> 
     </span>
    </p>
   </div>
   <div class='ocr_carea' id='block_1_6' title="bbox 2280 3006 2314 3528">
    <p class='ocr_par' dir='ltr' id='par_1_9' title="bbox 2280 3006 2314 3528">
     <span class='ocr_line' id='line_1_36' title="bbox 2280 3006 2314 3528; baseline 0 0"><span class='ocrx_word' id='word_1_392' title='bbox 2280 3006 2314 3528; x_wconf 95' lang='lat' dir='ltr'><strong>     </strong></span> 
     </span>
    </p>
   </div>
   <div class='ocr_carea' id='block_1_7' title="bbox 231 3094 2294 3513">
    <p class='ocr_par' dir='ltr' id='par_1_10' title="bbox 231 3081 2294 3513">
     <span class='ocr_line' id='line_1_37' title="bbox 343 3094 2294 3165; baseline 0.001 -17"><span class='ocrx_word' id='word_1_393' title='bbox 343 3094 451 3149; x_wconf 78' lang='grc'><strong>132</strong></span> <span class='ocrx_word' id='word_1_394' title='bbox 505 3098 694 3148; x_wconf 89' lang='lat' dir='ltr'><strong>Tabula</strong></span> <span class='ocrx_word' id='word_1_395' title='bbox 738 3099 1008 3148; x_wconf 86' lang='lat' dir='ltr'><strong>marmoris</strong></span> <span class='ocrx_word' id='word_1_396' title='bbox 1056 3100 1268 3165; x_wconf 90' lang='lat' dir='ltr'><strong>calcarii,</strong></span> <span class='ocrx_word' id='word_1_397' title='bbox 1326 3101 1662 3152; x_wconf 83' lang='lat' dir='ltr'><strong>Alexandriae</strong></span> <span class='ocrx_word' id='word_1_398' title='bbox 1714 3103 1765 3151; x_wconf 92' lang='lat' dir='ltr'><strong>in</strong></span> <span class='ocrx_word' id='word_1_399' title='bbox 1815 3117 2006 3152; x_wconf 82' lang='lat' dir='ltr'><strong>museo,</strong></span> <span class='ocrx_word' id='word_1_400' title='bbox 2079 3101 2200 3151; x_wconf 89' lang='lat' dir='ltr'><strong>Edd.</strong></span> <span class='ocrx_word' id='word_1_401' title='bbox 2290 3102 2294 3158; x_wconf 67' lang='lat' dir='ltr'>J</span> 
     </span>
     <span class='ocr_line' id='line_1_38' title="bbox 234 3185 2292 3254; baseline 0.001 -20"><span class='ocrx_word' id='word_1_402' title='bbox 234 3185 289 3234; x_wconf 87' lang='lat' dir='ltr'><strong>G.</strong></span> <span class='ocrx_word' id='word_1_403' title='bbox 317 3186 453 3234; x_wconf 87' lang='lat' dir='ltr'><strong>Botti</strong></span> <span class='ocrx_word' id='word_1_404' title='bbox 509 3186 684 3235; x_wconf 85' lang='lat' dir='ltr'><strong>Notice</strong></span> <span class='ocrx_word' id='word_1_405' title='bbox 731 3186 820 3235; x_wconf 89' lang='lat' dir='ltr'><strong>des</strong></span> <span class='ocrx_word' id='word_1_406' title='bbox 864 3190 1189 3236; x_wconf 84' lang='lat' dir='ltr'><strong>monuments</strong></span> <span class='ocrx_word' id='word_1_407' title='bbox 1237 3189 1452 3253; x_wconf 74' lang='lat' dir='ltr'><strong>exposes</strong></span> <span class='ocrx_word' id='word_1_408' title='bbox 1490 3203 1557 3238; x_wconf 89' lang='lat' dir='ltr'><strong>au</strong></span> <span class='ocrx_word' id='word_1_409' title='bbox 1601 3189 1774 3238; x_wconf 77' lang='lat' dir='ltr'><strong>musee</strong></span> <span class='ocrx_word' id='word_1_410' title='bbox 1827 3189 2203 3254; x_wconf 76' lang='lat' dir='ltr'><strong>greco-romain</strong></span> <span class='ocrx_word' id='word_1_411' title='bbox 2289 3188 2292 3253; x_wconf 62' lang='lat' dir='ltr'><em>J</em></span> 
     </span>
     <span class='ocr_line' id='line_1_39' title="bbox 233 3268 2290 3344; baseline 0.002 -25"><span class='ocrx_word' id='word_1_412' title='bbox 233 3268 584 3321; x_wconf 84' lang='lat' dir='ltr'><strong>d&#39;Alexandrie</strong></span> <span class='ocrx_word' id='word_1_413' title='bbox 621 3287 669 3321; x_wconf 91' lang='lat' dir='ltr'><strong>n.</strong></span> <span class='ocrx_word' id='word_1_414' title='bbox 703 3272 820 3321; x_wconf 71' lang='lat'><strong>⁴32.</strong></span> <span class='ocrx_word' id='word_1_415' title='bbox 886 3273 948 3321; x_wconf 94' lang='grc' dir='ltr'><strong>Μ.</strong></span> <span class='ocrx_word' id='word_1_416' title='bbox 978 3273 1032 3321; x_wconf 93' lang='lat' dir='ltr'><strong>L.</strong></span> <span class='ocrx_word' id='word_1_417' title='bbox 1063 3272 1242 3323; x_wconf 88' lang='lat' dir='ltr'><strong>Strack</strong></span> <span class='ocrx_word' id='word_1_418' title='bbox 1287 3275 1447 3324; x_wconf 84' lang='lat' dir='ltr'><strong>Mitth.</strong></span> <span class='ocrx_word' id='word_1_419' title='bbox 1489 3275 1577 3325; x_wconf 88' lang='lat' dir='ltr'><strong>des</strong></span> <span class='ocrx_word' id='word_1_420' title='bbox 1616 3275 1754 3324; x_wconf 90' lang='lat' dir='ltr'><strong>arch.</strong></span> <span class='ocrx_word' id='word_1_421' title='bbox 1794 3276 1912 3324; x_wconf 87' lang='lat' dir='ltr'><strong>Inst.</strong></span> <span class='ocrx_word' id='word_1_422' title='bbox 1954 3276 2004 3323; x_wconf 93' lang='lat' dir='ltr'><strong>in</strong></span> <span class='ocrx_word' id='word_1_423' title='bbox 2041 3275 2203 3323; x_wconf 85' lang='lat' dir='ltr'><strong>Athen</strong></span> <span class='ocrx_word' id='word_1_424' title='bbox 2287 3278 2290 3344; x_wconf 47' lang='lat' dir='ltr'><em>j</em></span> 
     </span>
     <span class='ocr_line' id='line_1_40' title="bbox 231 3346 2289 3427; baseline 0.002 -23"><span class='ocrx_word' id='word_1_425' title='bbox 231 3358 343 3406; x_wconf 81' lang='lat' dir='ltr'><strong>xix</strong></span> <span class='ocrx_word' id='word_1_426' title='bbox 371 3356 544 3423; x_wconf 72' lang='lat'>(⁴894)</span> <span class='ocrx_word' id='word_1_427' title='bbox 584 3374 633 3424; x_wconf 87' lang='lat' dir='ltr'><strong>p.</strong></span> <span class='ocrx_word' id='word_1_428' title='bbox 658 3359 760 3409; x_wconf 72' lang='lat'><strong>229</strong></span> <span class='ocrx_word' id='word_1_429' title='bbox 800 3374 848 3408; x_wconf 87' lang='lat' dir='ltr'><strong>n.</strong></span> <span class='ocrx_word' id='word_1_430' title='bbox 878 3360 921 3408; x_wconf 91' lang='lat' dir='ltr'><strong>v</strong></span> <span class='ocrx_word' id='word_1_431' title='bbox 959 3359 1064 3425; x_wconf 79' lang='lat' dir='ltr'><strong>(Die</strong></span> <span class='ocrx_word' id='word_1_432' title='bbox 1090 3360 1331 3424; x_wconf 80' lang='lat' dir='ltr'><strong>Dynastie</strong></span> <span class='ocrx_word' id='word_1_433' title='bbox 1358 3362 1448 3410; x_wconf 81' lang='lat' dir='ltr'><strong>der</strong></span> <span class='ocrx_word' id='word_1_434' title='bbox 1474 3362 1760 3411; x_wconf 73' lang='lat' dir='ltr'><strong>Ptolemaer</strong></span> <span class='ocrx_word' id='word_1_435' title='bbox 1795 3377 1844 3427; x_wconf 87' lang='lat' dir='ltr'><strong>p.</strong></span> <span class='ocrx_word' id='word_1_436' title='bbox 1869 3359 1972 3411; x_wconf 74' lang='lat'><strong>257</strong></span> <span class='ocrx_word' id='word_1_437' title='bbox 2008 3377 2056 3410; x_wconf 85' lang='lat' dir='ltr'><strong>n.</strong></span> <span class='ocrx_word' id='word_1_438' title='bbox 2083 3361 2198 3409; x_wconf 74' lang='lat'><strong>409.</strong></span> <span class='ocrx_word' id='word_1_439' title='bbox 2231 3359 2238 3379; x_wconf 75' lang='lat'><strong><em>⁵</em></strong></span> <span class='ocrx_word' id='word_1_440' title='bbox 2286 3346 2289 3367; x_wconf 83' lang='lat'><em>&#39;</em></span> 
     </span>
     <span class='ocr_line' id='line_1_41' title="bbox 234 3430 2287 3513; baseline 0.002 -22"><span class='ocrx_word' id='word_1_441' title='bbox 234 3443 320 3492; x_wconf 88' lang='lat' dir='ltr'><strong>Ch.</strong></span> <span class='ocrx_word' id='word_1_442' title='bbox 350 3444 526 3494; x_wconf 90' lang='lat' dir='ltr'><strong>Michel</strong></span> <span class='ocrx_word' id='word_1_443' title='bbox 565 3445 765 3495; x_wconf 87' lang='lat' dir='ltr'><strong>Recueil</strong></span> <span class='ocrx_word' id='word_1_444' title='bbox 791 3444 991 3495; x_wconf 88' lang='lat' dir='ltr'><strong>d&#39;inscr.</strong></span> <span class='ocrx_word' id='word_1_445' title='bbox 1023 3445 1105 3496; x_wconf 89' lang='lat' dir='ltr'><strong>Gr.</strong></span> <span class='ocrx_word' id='word_1_446' title='bbox 1146 3463 1196 3512; x_wconf 89' lang='lat' dir='ltr'><strong>p.</strong></span> <span class='ocrx_word' id='word_1_447' title='bbox 1222 3447 1323 3495; x_wconf 82' lang='lat'><strong>858</strong></span> <span class='ocrx_word' id='word_1_448' title='bbox 1363 3463 1411 3496; x_wconf 90' lang='lat' dir='ltr'><strong>n.</strong></span> <span class='ocrx_word' id='word_1_449' title='bbox 1446 3446 1616 3509; x_wconf 73' lang='lat'><strong>⁴233).</strong></span> <span class='ocrx_word' id='word_1_450' title='bbox 1683 3447 1756 3498; x_wconf 91' lang='lat' dir='ltr'><strong>Cf.</strong></span> <span class='ocrx_word' id='word_1_451' title='bbox 1785 3463 1915 3513; x_wconf 86' lang='lat' dir='ltr'><strong>quae</strong></span> <span class='ocrx_word' id='word_1_452' title='bbox 1940 3446 2202 3497; x_wconf 86' lang='lat' dir='ltr'><strong>adnotavit</strong></span> <span class='ocrx_word' id='word_1_453' title='bbox 2284 3430 2287 3478; x_wconf 59' lang='grc' dir='ltr'>ἶ</span> 
     </span>
    </p>
   </div>
   <div class='ocr_carea' id='block_1_8' title="bbox 230 3529 2290 3601">
    <p class='ocr_par' dir='ltr' id='par_1_11' title="bbox 230 3529 2290 3601">
     <span class='ocr_line' id='line_1_42' title="bbox 230 3529 2290 3601; baseline 0.005 -24"><span class='ocrx_word' id='word_1_454' title='bbox 230 3529 272 3578; x_wconf 85' lang='lat' dir='ltr'><strong>J.</strong></span> <span class='ocrx_word' id='word_1_455' title='bbox 302 3530 356 3577; x_wconf 87' lang='lat' dir='ltr'><strong>P.</strong></span> <span class='ocrx_word' id='word_1_456' title='bbox 386 3529 607 3595; x_wconf 81' lang='lat' dir='ltr'><strong>Mahaffy</strong></span> <span class='ocrx_word' id='word_1_457' title='bbox 645 3531 750 3580; x_wconf 90' lang='lat' dir='ltr'><strong>The</strong></span> <span class='ocrx_word' id='word_1_458' title='bbox 789 3533 980 3597; x_wconf 87' lang='lat' dir='ltr'><strong>empire</strong></span> <span class='ocrx_word' id='word_1_459' title='bbox 1016 3532 1074 3582; x_wconf 91' lang='lat' dir='ltr'><strong>of</strong></span> <span class='ocrx_word' id='word_1_460' title='bbox 1104 3532 1192 3582; x_wconf 86' lang='lat' dir='ltr'><strong>the</strong></span> <span class='ocrx_word' id='word_1_461' title='bbox 1228 3533 1496 3583; x_wconf 86' lang='lat' dir='ltr'><strong>Ptolemies</strong></span> <span class='ocrx_word' id='word_1_462' title='bbox 1532 3551 1583 3601; x_wconf 85' lang='lat' dir='ltr'><strong>p.</strong></span> <span class='ocrx_word' id='word_1_463' title='bbox 1613 3535 1716 3583; x_wconf 84' lang='lat'><strong>394</strong></span> <span class='ocrx_word' id='word_1_464' title='bbox 1739 3549 1849 3599; x_wconf 90' lang='lat' dir='ltr'><strong>sqq.</strong></span> <span class='ocrx_word' id='word_1_465' title='bbox 2281 3541 2290 3599; x_wconf 64' lang='lat'><strong>3=</strong></span> 
     </span>
    </p>
   </div>
   <div class='ocr_carea' id='block_1_9' title="bbox 346 3693 1564 3750">
    <p class='ocr_par' dir='ltr' id='par_1_12' title="bbox 346 3693 1564 3750">
     <span class='ocr_line' id='line_1_43' title="bbox 346 3693 1564 3750; baseline 0.006 -18"><span class='ocrx_word' id='word_1_466' title='bbox 346 3693 537 3735; x_wconf 88' lang='lat' dir='ltr'><strong>Litterae</strong></span> <span class='ocrx_word' id='word_1_467' title='bbox 567 3697 819 3748; x_wconf 80' lang='grc' dir='ltr'>ΑῙΘΞΠΣ;</span> <span class='ocrx_word' id='word_1_468' title='bbox 861 3708 890 3737; x_wconf 91' lang='lat'><em>0</em></span> <span class='ocrx_word' id='word_1_469' title='bbox 927 3697 1113 3749; x_wconf 88' lang='lat' dir='ltr'><strong>reliquis</strong></span> <span class='ocrx_word' id='word_1_470' title='bbox 1144 3698 1372 3750; x_wconf 86' lang='lat' dir='ltr'><strong>aliquanto</strong></span> <span class='ocrx_word' id='word_1_471' title='bbox 1404 3700 1564 3740; x_wconf 87' lang='lat' dir='ltr'><strong>minor.</strong></span> 
     </span>
    </p>
   </div>
  </div>
 </body>
</html>
