2314 3970
99 216 196 269 200]
744 213 958 255 Aeizanas
987 213 1299 255 Axomitarum
1330 225 1422 254 rex.
1960 215 2059 267 301

238 383 368 440 κατὰ
414 386 588 457 καιρὸν
635 390 721 439 τοῦ
769 386 950 445 ἔθνους
995 389 1092 439 τῶν
1131 384 1464 457 ΒουγαειΙτῶν
1512 385 1909 455 ἀπεστ(ε)ίλαμεν
1955 385 2067 445 τοὺς

154 489 207 529 10
234 474 506 546 ἡμετέρους
554 473 559 543 Ι
609 472 857 544 ἀδελφοὺς
895 472 1216 532 Σαϊαζοινᾶ12
1279 472 1366 526 καὶ
1412 472 1494 526 τὸν
1536 469 1850 544 Ἀδηφᾶ[ν13]
1894 471 1910 542 ΙΙ
1956 472 2067 524 τού-

239 582 352 622 τους
423 563 724 631 πολεμῆσαι,
801 560 887 613 καὶ
958 559 1401 631 παραδεδωΙκότων
1418 562 1460 596 14
1525 560 1685 613 αὐτῶν
1748 557 2070 619 ὑποτάξαντες

243 649 420 709 αὐτοὺς
463 650 468 720 Ι
509 650 696 721 ἤγαγον
754 649 875 720 πρὸς
923 652 1057 720 ἡμᾶς
1107 645 1233 718 μετὰ
1271 648 1357 701 καὶ
1395 651 1491 701 τῶν
1529 647 1844 720 θρεμιμάτων
1890 649 2069 718 αὐτῶν,

244 746 373 815 βοῶν
430 764 484 797 τε
528 722 739 796 ἐῨΡΙΒ15
781 743 867 797 καὶ
915 738 1189 814 προΙβάτων
1237 734 1448 797 ὃῶΚΔ
1467 745 1508 778 16
1557 742 1643 795 καὶ
1688 746 1876 813 κτηνῶν
1921 763 2070 796 νωτο-

159 845 211 887 15
243 832 428 902 φόρω[ν
446 830 523 900 ¹⁷,]
568 829 584 901 ΙΙ
628 832 902 902 θρέψαντες
968 827 1146 888 αὐτοὺς
1210 827 1373 899 βόεσίν
1447 849 1500 881 τε
1572 828 1657 882 καὶ
1729 829 2071 901 ἐπισιτ[ισ]1μ.ᾦ

98 1086 314 1138 colligunt
344 1085 556 1139 editores,
587 1084 802 1126 A'izanam
833 1096 887 1125 ex
909 1083 1067 1125 eadem
1099 1084 1336 1124 etiamtum
1358 1083 1499 1136 stirpe
1520 1083 1642 1135 regia
1663 1086 1953 1135 procreatum
1975 1096 2074 1126 esse

98 1159 227 1200 cuius
244 1158 317 1199 ille
334 1158 545 1199 conditor
560 1158 740 1211 imperii
755 1156 1000 1197 Axomitici
1025 1156 1159 1196 cuius
1183 1166 1351 1196 nomen
1375 1156 1640 1207 ignoramus
1662 1155 1807 1197 fuerit.
1927 1160 1978 1196 42
2011 1157 2072 1198 Cf.

0 1228 7 1273 l
98 1233 191 1272 not.
215 1234 253 1270 4.
314 1231 428 1272 Cum
466 1230 656 1271 articulo
699 1231 849 1270 careat
888 1238 1056 1269 nomen
1097 1228 1203 1278 (not.
1228 1227 1309 1281 40),
1352 1223 1571 1275 Σαϊαζανᾶ
1607 1229 1895 1270 accusativus
1933 1231 2073 1270 meta-

6 1321 9 1354 l
96 1303 269 1356 plastus
300 1304 570 1344 nominativi
602 1302 757 1343 Graeci
789 1297 1028 1348 Σαϊαζανᾶς
1060 1311 1160 1342 esse
1190 1300 1383 1353 videtur,
1423 1311 1625 1353 quocum
1658 1301 1853 1342 conferri
1883 1304 2075 1354 possunt

96 1374 165 1416 τὸν
195 1372 332 1430 νάβλα
362 1387 403 1416 n.
426 1378 523 1428 475,
548 1378 571 1415 9
603 1376 648 1414 et
675 1369 819 1431 Νέροα
848 1370 1075 1425 (Nervam)
1099 1374 1128 1413 Ι.
1150 1373 1197 1413 G.
1219 1374 1338 1426 Sept.
1358 1374 1388 1426 I,
1413 1376 1508 1426 570,
1533 1376 1571 1414 2.
1748 1377 1800 1413 43
1843 1376 2073 1416 ΑΔΗΦΑΟ

39 1455 42 1477 ³
98 1448 272 1489 Saltius.
335 1447 420 1488 Sed
452 1449 552 1489 ΦΑΙ·
588 1447 742 1500 potius
773 1447 818 1486 in
849 1448 1015 1499 ectypo
1048 1447 1234 1497 agnovit
1263 1446 1310 1486 A.
1335 1445 1560 1486 Wilhelm.
1623 1445 1763 1494 Quem
1802 1458 1912 1487 cave
1942 1458 2073 1487 accu-

98 1521 294 1561 sativum
325 1520 570 1572 putaveris.
629 1518 745 1560 Nam
777 1518 994 1560 articulus
1026 1517 1148 1558 aliud
1178 1519 1415 1571 monstrat,
1447 1519 1714 1570 praesertim
1746 1519 1789 1558 in
1822 1519 2074 1560 arctissima

40 1638 43 1645 ,
98 1593 416 1634 coniunctione
446 1603 552 1633 cum
584 1592 725 1633 altero
757 1593 939 1633 nomine
966 1590 1094 1643 quod
1118 1602 1170 1632 eo
1192 1592 1354 1632 careat.
1406 1589 1552 1639 Quare
1582 1585 1763 1648 Ἀδηφᾶν
1795 1592 2074 1633 immobilem

41 1686 43 1706 z
97 1666 294 1706 nominis
325 1664 508 1706 barbari
538 1664 729 1706 formam
761 1675 860 1705 esse
891 1663 1183 1705 statuendum
1213 1665 1295 1704 est.
1356 1662 1417 1704 Cf.
1449 1665 1543 1704 not.
1568 1666 1635 1704 40.
1667 1667 1734 1704 42.
1910 1666 1963 1704 44
2006 1665 2073 1705 Sc.

13 1736 55 1790 3ῑῄ
97 1734 286 1784 ἑαυτούς.
330 1738 482 1778 Franz.
629 1740 681 1777 45
721 1736 885 1777 Omnes
924 1747 1223 1776 numerorum
1255 1737 1384 1776 notas
1423 1747 1447 1776 a
1479 1735 1615 1776 Saltio
1656 1737 1812 1788 eisque
1853 1737 1931 1788 qui
1969 1747 2074 1777 eum

45 1803 59 1838 ’ἲ
98 1811 352 1863 sequuntur
382 1821 473 1850 non
505 1810 600 1850 sine
630 1810 911 1862 gravissimis
942 1809 1118 1849 mendis
1139 1819 1377 1861 expressas
1399 1807 1614 1849 Miillerus
1639 1808 1824 1849 demum
1855 1820 1910 1849 ex
1932 1809 2075 1850 Bentii

98 1883 264 1935 ectypo
297 1883 506 1923 accurate
536 1881 691 1934 quales
722 1881 767 1922 in
798 1880 946 1934 lapide
976 1883 1082 1921 sunt
1111 1880 1331 1921 exhibuit.
1391 1879 1511 1928 Quas
1543 1882 1649 1933 quia
1681 1891 1735 1921 ex
1766 1882 1894 1933 parte
1926 1882 2075 1934 singu-

44 1949 52 1979 *
98 1954 213 1995 lares
244 1954 412 1995 formas
443 1955 488 1994 et
518 1964 738 2006 perquam
779 1952 1038 2006 ambiguam
1071 1953 1166 1993 vim
1204 1952 1384 2006 habent,
1427 1953 1554 1993 nolui
1591 1954 1859 1995 minusculis
1898 1964 2077 2007 reprae-

45 2019 47 2042 ³
99 2028 274 2068 sentare
305 2026 498 2080 (praeter
527 2014 565 2082 γ’
593 2037 637 2066 v.
662 2029 705 2066 34
755 2025 881 2078 quod
910 2025 1021 2066 nihil
1061 2025 1198 2066 habet
1240 2025 1493 2078 singulare),
1535 2026 1614 2067 sed
1652 2027 1870 2079 imagines
1900 2027 2075 2068 Miilleri

19 2122 22 2175 ἲ
99 2101 307 2141 accurate
337 2098 524 2140 reddidi.
572 2097 706 2146 Quod
735 2099 914 2151 signum
946 2099 1020 2139 hic
1050 2099 1251 2151 primum
1274 2098 1425 2140 locum
1449 2100 1584 2152 tenet,
1618 2100 1735 2141 notis
1766 2099 2077 2141 numeralibus

20 2201 23 2219 ,
99 2183 125 2213 a
153 2171 328 2225 reliqua
367 2172 592 2225 scriptura
623 2171 910 2224 segregandis
940 2172 1160 2212 inservire
1197 2182 1302 2212 cum
1342 2171 1528 2212 Franzio
1571 2172 1798 2224 (Miillerus
1839 2173 2022 2214 omnino
2052 2185 2077 2214 a

98 2244 218 2285 notis
249 2242 560 2285 numeralibus
590 2243 940 2297 interpretandis
961 2242 1192 2294 abstinuit)
1225 2245 1393 2296 statuo,
1426 2254 1532 2284 cum
1563 2245 1670 2296 quia
1700 2244 1866 2286 nullius
1898 2245 2075 2285 numeri

99 2315 254 2357 Graeci
285 2316 431 2357 simile
463 2317 543 2369 est,
576 2327 681 2357 cum
711 2317 863 2357 tamen
894 2315 1177 2368 reliquorum
1208 2315 1382 2357 formae
1414 2327 1506 2356 non
1538 2316 1734 2356 multum
1766 2329 1791 2358 a
1814 2317 2076 2370 volgaribus

98 2388 368 2442 discrepent,
405 2390 502 2429 tum
534 2389 645 2441 quia
674 2388 730 2429 de
759 2388 987 2429 eiusmodi
1018 2390 1228 2429 notarum
1259 2399 1348 2429 usu
1378 2389 1423 2428 in
1464 2388 1551 2429 hoc
1588 2389 1720 2429 titulo
1753 2391 1875 2431 certa
1906 2401 1977 2431 res
2009 2392 2078 2431 est

58 2482 67 2513 ·.
99 2462 288 2514 propter
317 2472 359 2501 v.
385 2464 451 2501 49.
513 2460 574 2502 Cf.
606 2459 670 2501 ibi
711 2462 802 2502 not.
827 2463 892 2501 24.
955 2461 1152 2502 Fuerunt
1189 2461 1327 2513 igitur
1368 2460 1509 2501 boves
1543 2464 1639 2502 442.
1816 2465 1869 2503 46
1911 2462 2076 2503 Saltius

98 2543 203 2574 cum
235 2534 377 2575 ΖΥΚΔ
409 2533 587 2587 legeret,
630 2535 740 2574 7424
774 2534 929 2574 ovium
962 2545 1204 2574 numerum
1236 2533 1375 2575 fuisse
1407 2534 1632 2587 opinatur.
1693 2534 1750 2574 At
1780 2534 1826 2575 id
1855 2534 2077 2576 refutatur

72 2627 74 2629 >
99 2608 309 2648 accurate
339 2606 530 2660 depictis
561 2606 698 2658 signis
729 2617 1038 2648 numerorum.
1090 2607 1326 2648 Franzium
1358 2607 1431 2647 hic
1453 2618 1636 2660 quoque
1656 2609 1779 2648 recte
1801 2608 1964 2660 opinor
1984 2609 2076 2661 pri-

99 2690 218 2720 mam
249 2680 403 2721 notam
434 2691 525 2720 non
557 2690 640 2732 pro
682 2679 902 2720 numerali
942 2680 1176 2732 habuisse;
1217 2679 1296 2720 sed
1335 2679 1459 2732 quod
1489 2683 1569 2720 224
1613 2680 1749 2722 modo
1791 2691 1900 2722 oves
1937 2680 2077 2722 fuisse

64 2745 71 2810 ἕ
98 2752 338 2805 existimat,
363 2753 458 2793 sine
478 2751 615 2793 dubio
636 2754 767 2794 errat.
815 2752 970 2805 Neque
996 2754 1115 2793 enim
1145 2763 1262 2805 quae
1286 2752 1478 2793 alterum
1496 2752 1652 2794 locum
1671 2754 1794 2794 tenet
1809 2754 1917 2794 nota
1940 2753 2076 2795 duce-

68 2813 210 2878 }narii
230 2824 412 2864 numeri
433 2827 470 2866 C
490 2833 588 2865 esse
609 2825 772 2877 potest,
794 2824 875 2865 sed
891 2824 1129 2866 manifesto
1155 2827 1292 2880 σαμπῖ
1316 2827 1397 2878 est,
1415 2824 1545 2877 quod
1565 2826 1819 2877 nongentos
1842 2825 2075 2878 significat.

32 2902 37 2952 l
68 2887 371 2955 {Numeratae
401 2897 537 2948 igitur
568 2897 675 2937 sunt
705 2907 815 2937 oves
846 2900 942 2937 924.
1119 2900 1170 2937 47
1214 2898 1380 2939 Pecora
1412 2909 1528 2950 quae
1568 2909 1705 2939 onera
1743 2898 1878 2939 dorso
1910 2898 2077 2938 ferrent

60 2958 84 3019 ἦ
95 2967 379 3021 interpretati
402 2970 509 3009 sunt
538 2969 715 3021 priores
737 2968 946 3022 editores,
978 2970 1073 3010 sine
1095 2969 1235 3011 dubio
1267 2974 1401 3011 recte.
1453 2969 1566 3011 Nam
1589 2970 1716 3023 quod
1746 2970 1961 3011 Miillerus
1984 2981 2075 3010 non

60 3034 334 3097 -ξὲ-νωτοφόρα,
365 3041 445 3082 sed
473 3038 698 3097 νωτόφορα
727 3041 956 3095 intellegit,
999 3042 1324 3095 supellectilem
1357 3054 1472 3095 quae
1504 3042 1639 3084 dorso
1679 3043 1894 3095 imposita
1924 3045 2075 3095 porte-

36 3091 185 3168 ¹‚f·'=tur,
232 3114 339 3166 quia
379 3114 424 3155 in
462 3113 728 3166 Aethiopico
769 3114 975 3168 exemplo
1016 3115 1074 3156 sit
1103 3109 1163 3155 ‘et
1195 3126 1302 3156 vasa
1333 3109 1585 3167 (Gardthe')
1625 3126 1786 3155 eorum
1827 3125 1943 3166 quae
1986 3126 2075 3155 non

61 3175 237 3238 &humo
269 3180 544 3238 adhaerent'‚
576 3185 622 3226 id
652 3185 846 3238 probare
875 3186 997 3228 nullo
1029 3186 1166 3228 modo
1197 3198 1399 3240 possum.
1452 3186 1627 3227 Etenim
1655 3186 1918 3238 Aethiopica
1949 3188 1999 3226 ut
2030 3187 2074 3226 in

64 3246 362 3302 '‚'²'-universum
393 3257 606 3298 Miillerus
646 3258 838 3298 testatur
872 3260 1052 3311 praeter
1081 3261 1172 3299 tres
1205 3260 1380 3311 primos
1411 3269 1586 3311 versus,
1626 3259 1703 3310 qui
1735 3259 2074 3299 accuratissime

83 3326 278 3382 {Graecis
308 3330 624 3382 respondeant,
655 3330 945 3373 multifariam
977 3331 1033 3372 ab
1060 3332 1124 3372 eis
1149 3332 1419 3384 discrepare,
1452 3331 1518 3371 sic
1547 3331 1635 3371 hoc
1664 3330 1764 3382 ipso
1796 3330 1899 3371 loco
1932 3330 2074 3372 boves

53 3413 57 3423 ²
87 3401 146 3440 et
175 3412 285 3442 oves
315 3401 372 3443 ab
403 3403 467 3443 eis
497 3403 629 3454 plane
662 3403 823 3455 omitti,
854 3404 906 3443 ut
934 3403 1044 3444 item
1075 3414 1220 3456 equos
1251 3406 1296 3443 et
1326 3403 1474 3444 mulos
1507 3403 1713 3454 omissos,
1747 3402 2071 3454 supellectilem

87 3475 277 3524 -praeter
307 3474 526 3515 Graecum
557 3475 816 3526 exemplum
848 3474 1047 3516 additam
1078 3476 1292 3517 credibile
1323 3476 1393 3516 sit.
1445 3474 1591 3527 Atque
1612 3476 1716 3514 utut
1739 3474 1825 3515 hoc
1856 3485 1904 3516 se
1925 3475 2073 3527 habet,

69 3553 244 3597 :neque
283 3545 419 3604 κτήνη
458 3548 703 3599 quicquam
742 3547 864 3588 aliud
904 3548 1155 3600 significare
1193 3549 1347 3601 potest
1387 3559 1438 3588 ac
1478 3558 1644 3599 pecora
1680 3548 1724 3587 et
1762 3543 1990 3602 θρέμματα
2028 3549 2074 3588 in

80 3609 187 3656 *iti-ia
215 3627 389 3671 genera,
421 3617 535 3674 βοῦς,
566 3616 771 3676 πρόβατα,
801 3617 938 3675 κτήνη
968 3618 1191 3676 νωτοφόρα
1223 3619 1361 3661 dividi
1385 3618 1674 3660 manifestum
1695 3620 1777 3659 est.
1829 3618 1889 3660 Cf.
1912 3620 2072 3672 Peripl.

48 3688 76 3742 3
102 3695 212 3730 mar.
233 3689 409 3742 Erythr.
434 3694 486 3732 24
519 3702 562 3744 p.
587 3694 683 3744 275,
707 3694 751 3732 8:
783 3687 906 3733 ἵπποι
934 3705 979 3733 τε
1008 3691 1080 3734 καὶ
1109 3690 1281 3747 ἡμίονοι
1308 3689 1505 3748 νωτηγοί.
