2314 3970
236 223 338 272 156
431 213 434 217 ’
910 220 958 260 II.
1004 221 1204 272 Regnum
1238 221 1516 274 Lagidarum.
2130 225 2195 276 [90

375 394 628 464 σιρίτηι72,
673 393 704 461 ἢ
745 391 805 461 ἦν
845 391 1215 461 κατειλημμένη
1263 390 1349 444 καὶ
1387 394 1696 464 ὠχυρωμένη
1746 394 1867 465 πρὸς
1912 397 2198 467 πολιορκίαν

372 482 536 533 ὅπλων
581 499 633 530 τε
679 478 961 548 παραθέσει
1007 479 1359 549 ὃαψιλεστέραι
1404 478 1490 531 καὶ
1538 485 1622 550 τῆι
1673 479 1825 550 ἄλληι
1868 483 2201 553 χορη(γί)αι73

370 564 548 634 πάσηι,
595 566 664 623 ὡς
703 562 762 617 ἂν
813 566 870 617 ἐκ
912 566 1099 617 πολλοῦ
1141 564 1145 635 Ι
1187 564 1406 636 χ(ρ)όνου
1423 568 1466 602 74
1511 567 1861 637 συνεστηκυίας
1905 573 1994 638 τῆς
2052 569 2201 622 ἀλλο-

371 653 626 723 τριότητος
663 651 766 710 τοῖς
805 652 1210 723 ἐπισυναχθεῖσιν
1250 654 1320 712 εἰς
1350 652 1501 723 αὐτὴν
1543 653 1770 725 ἀσεβέσιν
1785 657 1845 722 75,
1886 654 1935 706 οἳ
1971 655 2098 725 ἦσαν
2130 654 2200 715 εἴς

370 759 422 791 τε
479 734 540 790 τὰ
590 733 702 808 ἱερὰ
749 736 835 790 καὶ
879 736 994 798 τοὺς
1042 739 1094 790 ἐν
1144 737 1403 808 Αἰγύπτωι
1446 744 1795 800 κατοικοῦντας
1846 738 2008 793 πολλὰ
2064 739 2198 794 κακὰ

374 825 819 894 συντετελεσμένοι,
870 822 954 877 καὶ
992 824 1331 896 ἀνΙτικαθίσας
1375 826 1606 897 χώμασίν
1651 847 1703 879 τε
1741 827 1827 879 καὶ
1864 826 2074 898 τάφροις
2112 829 2200 881 καὶ

371 912 585 982 τείχεσιν
627 910 780 982 αὐτὴν
822 911 1096 982 ἀξιολόγοις
1134 913 1448 982 περιέλαβεν,
1498 916 1584 964 τοῦ
1629 933 1682 964 τε
1722 912 1909 966 Νείλου
1954 914 2041 983 τὴν
2082 913 2202 966 ἀνά-

370 999 512 1069 βασιν
554 995 775 1068 μεγάλην
813 998 1154 1068 ποιησαμένου
1195 1001 1244 1050 ἐν
1271 1001 1362 1051 τῶι
1389 999 1574 1068 ὁγδόωι
1610 998 1768 1051 ἔτει76
1805 999 1889 1052 καὶ
1915 1001 2200 1070 εἰθισμένου

283 1098 334 1138 25
369 1083 697 1143 κατακλύζειν
744 1080 807 1136 τὰ
853 1083 868 1156 ΙΙ
909 1084 1058 1137 πεδία
1104 1085 1345 1155 κατέσχεν
1390 1087 1447 1137 ἐκ
1483 1087 1679 1138 πολλῶν
1725 1087 1886 1139 τόπων
1938 1088 2200 1158 ὀχυρώσας

367 1168 431 1223 τὰ
481 1172 704 1241 στόματα
749 1174 844 1224 τῶν
892 1175 1128 1241 ποταμῶν
1145 1174 1203 1239 ⁷⁷,
1258 1173 1551 1242 χορηγήσας
1608 1173 1679 1231 εἰς
1737 1169 1866 1225 αὐτὰ
1922 1172 2199 1244 χρημάτων

342 1379 393 1416 72
434 1355 608 1417 Nomus
647 1375 842 1428 Aegypti
883 1374 1106 1416 inferioris
1148 1371 1314 1427 (Δέλτα)
1357 1376 1476 1417 circa
1515 1376 1694 1417 Busirin
1725 1377 1944 1429 oppidum
1976 1377 2114 1418 situm
2147 1378 2201 1418 ad

226 1449 463 1490 brachium
492 1448 579 1490 Nili
611 1444 915 1506 (Βουσιριτικὸς
947 1446 1152 1503 ποταμός)
1184 1448 1307 1501 quod
1329 1459 1410 1501 per
1441 1449 1610 1490 ostium
1642 1449 1970 1490 Phatmeticum
2001 1450 2047 1490 in
2080 1461 2202 1490 mare

223 1521 480 1562 effunditur.
517 1521 672 1573 Ipsum
694 1532 882 1562 nomum
905 1523 1266 1561 commemorant
1286 1520 1540 1562 Herodotus
1562 1522 1722 1574 11,⁴65.
1765 1521 1924 1563 Strabo
1946 1522 2133 1575 XV11,⁴‚
2149 1525 2200 1563 ⁴9

223 1606 266 1648 p.
292 1597 387 1635 802.
440 1593 606 1634 Plinius
635 1592 687 1634 N.
710 1593 752 1633 h.
774 1592 825 1645 V,
851 1594 916 1632 49.
979 1591 1110 1640 Quod
1131 1593 1377 1646 Lycopolin
1406 1594 1658 1646 Stephanus
1689 1595 1734 1634 in
1767 1606 1902 1635 nomo
1934 1594 2200 1649 Sebennyte,

223 1665 381 1707 Strabo
413 1665 469 1706 ad
498 1665 663 1706 ostium
698 1664 1047 1717 Sebennyticum
1081 1665 1215 1706 sitam
1245 1664 1393 1718 refert,
1425 1665 1535 1706 nihil
1563 1665 1700 1707 habet
1729 1665 2015 1707 difficultatis.
2066 1666 2202 1708 Nam-

223 1750 311 1792 que
340 1738 530 1779 finitima
560 1738 744 1779 fuerunt
771 1738 888 1778 inter
918 1748 966 1778 se
997 1738 1108 1778 haec
1139 1737 1250 1790 loca,
1283 1739 1327 1778 et
1358 1749 1600 1780 nomorum
1622 1739 1867 1780 divisiones
1891 1739 2202 1792 terminosque

222 1811 345 1852 haud
375 1822 474 1852 raro
508 1811 682 1851 mutata
714 1821 812 1850 esse
844 1811 1031 1851 constat.
1167 1813 1218 1849 73
1258 1812 1526 1852 ΧΟΡΗΠΛΙ.
1658 1814 1707 1852 74
1747 1813 1933 1853 ΧοΝοΥ.
2064 1814 2115 1852 75
2147 1811 2203 1851 Et

223 1884 297 1924 hic
328 1885 371 1924 et
402 1895 444 1924 v.
469 1886 521 1923 26
553 1880 718 1938 ἀσεβεῖς
750 1883 970 1924 vocantur
1001 1883 1080 1935 qui
1111 1882 1381 1923 seditionem
1411 1883 1621 1924 fecerant.
1683 1884 1806 1932 Quae
1844 1895 1916 1925 res
1957 1895 2050 1924 non
2080 1885 2201 1924 recte
2282 1914 2288 1947 f

223 1955 279 1997 ad
299 1955 346 1997 id
368 1967 524 2009 unum,
551 1955 673 2008 quod
695 1955 864 2008 templa
884 1955 1179 1996 violavissent
1194 1956 1239 1995 et
1259 1955 1582 2008 expilavissent
1609 1956 1748 1997 relata
1777 1957 1847 1997 est
1874 1967 1899 1996 a
1924 1956 2199 1997 Drumanno.
2280 1950 2290 1989 ἶ

222 2029 367 2069 Immo
406 2027 514 2081 quia
550 2038 631 2068 rex
671 2027 783 2068 deus
820 2026 1028 2080 habetur,
1067 2027 1298 2080 quaelibet
1334 2027 1521 2069 rebellio
1560 2029 1606 2069 in
1646 2029 1894 2082 impietatis
1933 2030 2104 2070 crimen
2134 2029 2200 2069 in-

223 2101 377 2141 currit.
497 2102 549 2140 76
591 2100 788 2140 Octavus
820 2099 1067 2152 Epiphanis
1098 2110 1242 2140 annus
1274 2102 1343 2141 est
1373 2097 1503 2155 ⁴98l7
1535 2113 1572 2142 a.
1598 2100 1698 2141 Chr.
1730 2113 1786 2154 n.‚
1827 2101 2068 2154 proximus
2098 2102 2200 2142 ante

223 2173 359 2214 huius
391 2173 560 2213 decreti
590 2174 784 2225 tempus.
846 2172 960 2212 Tum
991 2172 1130 2224 igitur
1159 2174 1292 2226 capta
1321 2174 1392 2213 est
1420 2173 1676 2226 Lycopolis,
1718 2184 1824 2214 cum
1865 2174 2008 2214 multo
2051 2174 2202 2226 priore

222 2247 427 2298 tempore
460 2245 526 2298 (cf.
558 2257 599 2285 v.
623 2248 690 2285 22.
715 2248 767 2284 23
800 2243 850 2286 ἐκ
879 2242 1042 2286 πολλοῦ
1073 2243 1243 2303 χρόνου.
1291 2248 1344 2285 27
1379 2242 1447 2286 ἐπὶ
1474 2248 1548 2287 τοῦ
1581 2243 1733 2287 ἑαυτοῦ
1755 2245 1926 2301 πατρός.
1967 2246 2074 2287 ibid.
2099 2244 2201 2286 ἐπα·
2278 2242 2286 2290 ‘J

224 2315 366 2372 μύνων
396 2316 459 2374 τῷ
487 2315 613 2374 πατρὶ
642 2315 714 2358 καὶ
743 2315 798 2374 τῇ
829 2314 979 2358 ἑαυτοῦ
1014 2315 1217 2374 βασιλείᾳ)
1250 2329 1275 2358 a
1307 2318 1535 2359 seditiosis
1559 2321 1779 2372 occupata
1800 2321 1931 2360 esset.
1982 2319 2201 2361 Videntur
2268 2301 2289 2334 ῥ’·

223 2391 342 2431 enim
373 2390 457 2431 hae
489 2401 577 2431 non
609 2389 747 2431 fuisse
778 2390 865 2431 nisi
885 2389 1117 2442 relliquiae
1146 2390 1312 2443 prioris
1339 2389 1573 2432 seditionis
1605 2390 1708 2443 (not.
1734 2391 1813 2442 69).
1864 2391 1984 2432 Bello
2016 2393 2200 2445 Syriaco
2269 2383 2289 2454 .-

222 2464 267 2502 et
298 2463 467 2515 Scopae
498 2461 745 2503 defectione
774 2473 856 2515 per
887 2463 1060 2515 primos
1092 2473 1231 2503 annos
1261 2463 1440 2515 imperii
1471 2463 1729 2515 prohibitus
1760 2465 1856 2504 erat
1887 2475 1965 2504 rex
1995 2465 2200 2506 homines
2267 2493 2281 2526 γι

223 2535 302 2587 qui
332 2535 433 2575 loco
464 2535 626 2575 natura
656 2535 830 2575 munito
861 2534 1158 2576 consederant
1189 2546 1463 2587 oppugnare.
1525 2535 1654 2584 Quod
1685 2547 1792 2577 vero
1823 2536 2053 2589 quondam
2074 2537 2201 2578 Bossi
2264 2541 2276 2566 =·'

224 2607 604 2659 expugnationem
635 2606 874 2659 Lycopolis
905 2606 962 2647 ad
992 2607 1135 2648 multo
1166 2607 1418 2648 recentiora
1448 2609 1655 2661 tempora
1683 2608 1868 2662 rettulit,
1907 2608 1955 2649 id
1981 2610 2201 2650 Druman-
2256 2645 2273 2663 ἱ,
2307 2656 2309 2663 y

222 2689 308 2719 nus
340 2678 452 2719 vidit
481 2679 629 2719 totum
660 2678 854 2731 pendere
885 2690 910 2719 a
936 2690 1078 2731 prava
1098 2678 1274 2732 Polybii
1294 2679 1675 2733 interpretatione,
1707 2681 1786 2733 qui
1817 2681 1871 2722 de
1902 2681 1986 2722 hac
2016 2681 2199 2734 quidem
2258 2690 2275 2733 ‚²-
2307 2671 2309 2718 Ξ

226 2749 463 2791 obsidione
507 2750 616 2791 nihil
660 2750 797 2791 habet
841 2750 927 2791 nisi
963 2751 1074 2792 haec
1112 2751 1247 2805 XXII,
1273 2755 1310 2804 7,
1345 2755 1382 2792 4.
1416 2755 1462 2792 2:
1518 2749 1581 2793 ὅτι
1626 2749 1894 2808 Πτολεμαῖος
1938 2750 1960 2794 ὁ
2006 2751 2200 2809 βασιλεὺς
2255 2771 2270 2808 j:

225 2819 438 2879 Αἰγύπτου
472 2820 540 2863 ὅτε
568 2820 645 2877 τὴν
677 2817 829 2863 Λύκων
862 2819 983 2863 πόλιν
1016 2820 1310 2879 ἐπολιόρκησε,
1350 2821 1689 2880 καταπλαγέντες
1723 2823 1770 2866 τὸ
1807 2823 1976 2883 γεγονὸς
2007 2823 2048 2866 οἱ
2078 2823 2200 2867 δυνά·
2261 2834 2270 2882 ζ
2306 2816 2309 2849 3

225 2907 316 2936 σται
344 2899 426 2936 τῶν
458 2889 700 2951 Αἰγυπτίων
733 2891 896 2935 ἔδωκαν
931 2897 1038 2950 σφᾶς
1070 2893 1222 2942 αὐτοὺς
1253 2893 1312 2942 εἰς
1343 2895 1419 2952 τὴν
1440 2898 1515 2937 τοῦ
1547 2893 1755 2951 βασιλέως
1781 2894 1930 2938 πίστιν.
1964 2895 2026 2943 οἷς
2053 2902 2199 2944 κακῶς
2262 2903 2266 2929 ἶ

225 2964 437 3024 ἐχρήσατο
468 2964 540 3008 καὶ
570 2964 630 3013 εἰς
659 2963 878 3013 κινδύνους
908 2963 1092 3012 πολλοὺς
1125 2963 1332 3008 ἐνέπεσεν.
1392 2967 1474 3009 Ηίο
1504 2968 1675 3010 nullam
1697 2968 1823 3010 vides
1850 2980 1949 3011 esse
1979 2970 2199 3023 temporis
2251 2982 2269 3019 ,ε
2305 2952 2307 2964 ⁴

225 3039 514 3080 notationem.
573 3037 631 3079 At
660 3049 775 3092 quae
806 3037 967 3079 deinde
998 3038 1134 3092 addit,
1177 3050 1230 3080 ea
1263 3039 1412 3081 verbis
1453 3037 1743 3098 παραπλήσιον
1785 3039 1832 3083 δέ
1866 3056 1908 3082 τι
1946 3040 2096 3100 συνέβη
2128 3040 2200 3084 καὶ
2252 3027 2264 3084 ζ’

223 3108 334 3152 κατὰ
361 3108 458 3156 τοὺς
488 3107 676 3167 καιρούς,
707 3107 834 3166 ἡνίκα
855 3106 1134 3168 Πολυκράτης
1163 3109 1261 3158 τοὺς
1292 3109 1532 3159 ἀποστάτας
1553 3110 1812 3172 ἐχειρώσατο
1843 3114 2199 3156 luculentissime
2255 3143 2266 3169 ,-

225 3183 562 3224 demonstratur
600 3182 656 3224 ad
695 3183 780 3225 alia
810 3184 1017 3236 tempora
1047 3185 1092 3223 et
1121 3184 1253 3224 aliam
1286 3184 1584 3226 defectionem
1616 3188 1831 3239 spectare.
1892 3187 2018 3227 Illam
2048 3187 2197 3240 igitur,

226 3267 315 3297 non
337 3255 578 3309 Lycopolis
611 3256 1007 3309 oppugnationem,
1039 3256 1235 3308 scriptor
1266 3257 1335 3307 §7
1369 3257 1588 3310 significat
1618 3259 1663 3298 in
1689 3259 1957 3311 vigesimum
1988 3261 2197 3311 quintum

226 3328 344 3368 vitae
375 3328 621 3381 Epiphanis
652 3339 817 3369 annum
852 3328 945 3379 (484
978 3339 1016 3368 a.
1039 3327 1139 3369 Chr.
1163 3327 1218 3379 n.)
1261 3329 1470 3370 incidere.
1649 3333 1699 3370 77
1744 3331 1927 3377 Canales
1969 3329 2195 3387 (διώρυγες)

226 3399 300 3439 hic
328 3398 512 3454 ποταμοὶ
543 3402 768 3442 vocantur
788 3402 839 3441 ut
859 3401 1065 3453 n.5!‡‚23.
1102 3399 1312 3441 Herodot.
1332 3401 1463 3454 11,93.
1500 3402 1895 3456 Diodor.1‚33,42.
1948 3403 2011 3443 Cf.
2043 3399 2197 3444 amnis

222 3467 501 3513 Ptolemaeus
530 3472 637 3513 Plin.
658 3472 711 3514 N.
733 3473 836 3513 hist.
855 3472 926 3525 VI,
951 3475 1047 3513 467.
1099 3471 1195 3520 Quo
1228 3473 1415 3513 consilio
1447 3485 1525 3514 rex
1557 3485 1715 3515 eorum
1739 3475 1853 3516 ostia
1883 3475 2195 3526 obstruxisset,

227 3542 305 3583 diu
336 3542 634 3596 disceptatum
672 3546 754 3586 est.
815 3545 1012 3585 Fuerunt
1056 3544 1135 3598 qui
1172 3555 1278 3585 eum
1319 3544 1531 3587 obsessos
1564 3558 1706 3600 aquae
1735 3558 1823 3587 usu
1854 3546 1910 3588 ad
1950 3546 2194 3588 bibendum

226 3615 419 3667 privare,
459 3614 638 3656 fuerunt
678 3617 755 3668 qui
795 3616 1011 3657 auxilium
1053 3628 1077 3657 a
1115 3617 1229 3657 mari
1268 3616 1493 3658 seditiosis
1533 3629 1588 3658 ne
1627 3619 1819 3660 serretur
1862 3619 2081 3671 impedire
2117 3629 2194 3658 vo-

226 3686 365 3727 luisse
396 3687 657 3727 statuerent.
719 3688 801 3728 Sed
843 3699 1000 3729 verum
1043 3688 1254 3730 viderunt
1282 3689 1570 3731 Drumannus
1611 3692 1656 3731 et
1685 3691 1961 3732 LetronniuS.
2026 3689 2194 3742 Nempe
