2314 3970
149 208 220 262 34]
677 207 868 250 Arsinoe
899 207 1143 249 Ptolemaei
1175 207 1451 262 Philadelphi
1483 219 1613 250 uxor.
2070 208 2135 258 59

290 378 602 433 Βασίλισσαν
657 375 909 451 Ἀρσινόην
966 375 1112 449 {it-:nib
1169 377 1497 452 Φιλάδελφον
1512 379 1565 449 1,]
1616 378 1623 451 Ι
1672 379 1761 450 τὴν
1821 377 2136 450 Πτολεμαίου

290 464 378 521 καὶ
414 465 701 538 Βερενίκης,
743 467 892 536 [θεῶν
934 465 1254 538 Σωτήρων2,]
1295 466 1301 537 Ι
1341 469 1374 538 ἡ
1415 467 1641 537 π(ό)λις3.

263 645 280 682 4
334 641 570 695 Supplevit
618 640 774 682 Strack
823 642 869 682 in
917 641 1186 682 universum
1234 640 1420 693 quidem
1469 642 1652 682 secutus
1700 641 2010 694 Letronnium,
2061 641 2140 693 qui

151 716 302 756 tamen
331 708 535 770 Ἀδελφήν
566 714 769 766 scripsit3
803 715 848 755 at
878 723 999 755 nunc
1028 714 1218 766 constat,
1254 713 1596 766 Philadelphum
1627 715 1672 754 et
1701 724 1893 755 uxorem
1925 712 2138 754 coniunc-

147 789 218 828 tos
256 786 441 839 quidem
479 787 586 838 post
626 787 821 827 mortem
857 782 971 828 θεῶν
1001 779 1212 840 Ἀδελφῶν
1252 785 1435 826 nomine
1472 786 1622 826 cultos
1661 796 1774 838 esse,
1817 785 1897 826 sed
1935 786 2138 838 reginam

150 859 292 900 solam
326 869 407 911 per
443 869 503 911 se,
550 858 647 899 sive
684 857 877 899 addatur
914 854 995 899 θεά
1027 856 1108 910 (34,
1142 856 1182 908 2)
1221 856 1319 898 sive
1360 868 1448 898 non
1488 858 1542 909 (n.
1569 860 1636 910 32,
1662 861 1698 899 4.
1733 860 1800 899 34.
1863 857 2021 898 Strack
2059 857 2140 897 Die

150 930 366 984 Dynastie
407 929 487 971 der
526 929 778 971 Ptolemaer
815 941 857 971 n.
888 931 956 970 24.
988 931 1055 970 25.
1089 928 1158 980 34)
1197 939 1380 982 semper
1417 924 1685 985 Φιλάδελφον
1733 929 2019 982 appellatam.
2084 928 2141 969 At

147 1003 412 1056 Droysenus
450 1003 632 1054 negavit
676 1001 799 1043 illam
839 1001 1061 1043 Arsinoen
1102 999 1340 1054 designari,
1381 1000 1436 1041 de
1478 1000 1722 1042 Ptolemaei
1751 1000 1810 1041 IV
1841 1000 2140 1054 Philopatoris

148 1076 390 1126 (224-205
423 1086 460 1116 a.
491 1074 607 1126 Chr.)
641 1075 795 1128 potius
826 1085 970 1115 uxore
1001 1073 1251 1126 eademque
1283 1083 1440 1114 sorore
1472 1073 1696 1125 cogitans;
1735 1084 1877 1125 quare
1918 1073 1992 1114 hic
2021 1070 2139 1124 θεὰ[ν

147 1143 435 1203 Φιλοπάτορα]
466 1147 661 1200 scripsit.
723 1145 808 1187 Sed
840 1157 931 1199 qua
960 1157 1051 1187 una
1082 1146 1256 1187 ratione
1288 1146 1448 1186 nititur
1478 1145 1590 1186 haec
1631 1146 1800 1198 opinio,
1841 1145 1966 1197 quod
1995 1145 2139 1186 Phila-

148 1218 339 1272 delphus
370 1219 569 1272 Cyrenas
599 1229 834 1272 nunquam
865 1218 1062 1259 tenuerit
1090 1216 1287 1270 ideoque
1318 1217 1408 1258 illic
1429 1218 1529 1259 eius
1549 1218 1707 1259 uxoris
1738 1218 1888 1258 statua
1908 1217 2020 1270 erigi
2050 1228 2141 1258 non

151 1292 367 1345 potuerit,
401 1303 501 1333 eam
532 1291 699 1333 refutat
719 1291 950 1332 Strackius
982 1301 1171 1332 monens
1203 1290 1258 1331 de
1290 1301 1401 1343 pace
1422 1291 1539 1331 inter
1560 1290 1867 1331 Ptolemaeum
1900 1291 1946 1330 et
1965 1290 2141 1341 Magam

150 1363 267 1406 facta
296 1364 525 1417 huiusque
555 1363 646 1405 filia
676 1364 796 1404 illius
827 1363 919 1404 filio
955 1363 1180 1417 desponsa
1211 1363 1267 1415 (n.
1291 1362 1403 1415 221).
1465 1362 1597 1411 Quod
1636 1363 1855 1415 quoniam
1886 1372 1969 1415 per
2007 1372 2055 1403 se
2086 1362 2141 1403 de

150 1438 344 1490 utraque
375 1437 529 1489 regina
566 1436 763 1490 cogitare
801 1436 946 1489 liceat,
987 1437 1140 1477 tamen
1183 1435 1411 1488 permulto
1452 1434 1760 1488 frequentiora
1798 1445 1898 1476 esse
1927 1434 2141 1477 Arsinoes

151 1511 259 1551 natu
291 1510 479 1551 maioris
511 1510 807 1550 monumenta
837 1509 1095 1562 honoraria,
1127 1509 1179 1549 ut
1209 1508 1283 1549 hic
1313 1519 1497 1561 quoque
1517 1508 1639 1549 illam
1664 1518 1907 1560 agnoscere
1929 1508 2140 1560 praestet.

149 1581 268 1624 Haec
305 1582 461 1635 nupsit
503 1582 631 1623 fratri
662 1593 876 1634 germano
908 1593 1024 1622 anno
1056 1583 1138 1622 274
1170 1593 1207 1622 a.
1242 1581 1344 1622 Chr.
1377 1582 1456 1622 aut
1494 1580 1648 1633 paullo
1688 1581 1830 1634 prius,
1871 1590 2140 1633 supremum

149 1653 269 1696 diem
300 1664 410 1696 vero
444 1653 559 1695 obiit
589 1665 706 1696 anno
729 1657 810 1694 270
834 1665 872 1694 a.
897 1653 998 1695 Chr.
1021 1665 1062 1695 ιι.
1115 1653 1177 1695 Cf.
1210 1664 1250 1694 n.
1275 1656 1327 1693 27
1339 1651 1370 1694 3.
1421 1653 1625 1694 Mortuae
1646 1653 1799 1706 potius
1821 1664 1959 1705 quam
1978 1662 2141 1705 super-

149 1726 244 1767 stiti
274 1726 387 1768 haec
416 1727 565 1768 statua
595 1727 746 1779 posita
777 1725 967 1767 videtur.
1117 1729 1141 1766 2
1182 1725 1419 1778 Supplevit
1439 1725 1674 1768 Letronne.
1719 1721 1848 1778 [θεῶν
1877 1720 2142 1782 Εὐεργετῶν]

149 1798 368 1852 Droysen.
431 1797 492 1840 Cf.
525 1799 655 1840 not.⁴
696 1800 741 1840 et
772 1809 812 1839 n.
837 1797 931 1839 221.
1082 1800 1103 1837 3
1147 1798 1339 1839 ΓΙΘΛΙΣ.

258 2011 332 2067 34
383 2016 526 2066 Basis
575 2016 708 2066 infra
764 2020 946 2066 ornata
992 2016 1236 2082 margine,
1285 2030 1443 2082 supra
1489 2015 1667 2082 fracta,
1724 2016 1775 2065 in
1823 2016 1936 2066 vico
1971 2006 2138 2084 Ἄγιος

149 2099 188 2153 T
193 2101 328 2172 ύχων
375 2103 567 2153 insulae
614 2102 767 2170 Cypri
821 2104 917 2153 sito
969 2117 1132 2169 prope
1187 2102 1512 2167 Amathunta,
1572 2106 1690 2153 ante
1743 2103 1953 2152 domum
1998 2103 2141 2152 Ianni

148 2189 500 2256 Pappagiorgi.
567 2190 656 2240 Ed.
698 2190 753 2240 P.
782 2190 1043 2240 Perdrizet
1079 2190 1203 2239 Bull.
1232 2190 1294 2239 de
1321 2203 1450 2239 corr.
1480 2189 1602 2239 Hell.
1633 2189 1724 2237 XX
1751 2187 1928 2256 (4896)
1954 2205 2003 2255 p.
2035 2189 2138 2238 358

149 2290 196 2325 n.
230 2273 260 2324 7
302 2272 381 2343 (M.
411 2277 466 2327 L.
495 2275 677 2328 Strack
712 2276 902 2327 Archiv
928 2276 1010 2326 fiir
1035 2275 1552 2343 Papyrusforschung
1577 2276 1598 2323 I
1628 2275 1763 2325 ⁴900
1791 2291 1840 2341 p.
1866 2276 1967 2327 203
1997 2290 2044 2326 n.
2070 2274 2138 2340 5).

777 2414 1037 2489 Ἀρσινόης
1079 2417 1085 2487 Ι
1126 2417 1454 2488 Φιλαδέλφου
1469 2420 1500 2468 1.

265 2594 457 2635 Litterae
487 2593 694 2646 volgares
725 2594 906 2646 praeter
937 2584 980 2648 ᾤ
1010 2594 1055 2632 et
1086 2594 1126 2634 Ο
1159 2592 1334 2633 minore
1366 2590 1556 2633 modulo
1589 2593 1833 2633 exaratam.
1963 2595 1978 2632 4
2016 2591 2138 2633 Arsi-

150 2671 268 2708 noen
299 2665 542 2707 Ptolemaei
573 2664 850 2717 Philadelphi
892 2675 1100 2706 sororem
1132 2663 1414 2717 eandemque
1453 2663 1692 2716 coniugem
1731 2662 1955 2716 designari
1993 2675 2140 2716 neque

151 2738 335 2779 titulum
366 2738 499 2780 tertio
531 2739 629 2780 eius
661 2737 968 2791 matrimonio,
1009 2736 1129 2790 quod
1163 2747 1280 2778 anno
1313 2738 1395 2777 274
1429 2748 1466 2778 a.
1499 2735 1600 2777 Chr.
1632 2736 1798 2777 initum
1828 2745 1928 2777 esse
1959 2735 2140 2776 videtur

152 2810 220 2862 (cf.
242 2822 285 2851 n.
308 2808 403 2863 273)
435 2811 737 2863 antiquiorem
769 2820 868 2851 esse
889 2819 1026 2863 posse
1057 2809 1157 2850 luce
1178 2809 1345 2850 clarius
1367 2810 1448 2850 est.
1500 2808 1557 2849 At
1578 2818 1851 2861 magnopere
1876 2807 2141 2848 dissentitur

151 2882 207 2923 de
237 2883 522 2924 monumenti
551 2884 725 2924 natura.
785 2882 964 2923 Etenim
995 2881 1167 2935 lapides
1199 2892 1303 2922 cum
1335 2880 1495 2922 eodem
1528 2880 1660 2933 plane
1690 2880 1824 2921 titulo
1855 2880 2026 2933 passim
2059 2890 2140 2932 per

151 2965 310 2997 omnes
339 2956 548 3008 regiones
579 2966 696 3008 quae
734 2956 861 2996 extra
890 2954 1149 3008 Aegyptum
1181 2954 1545 2995 Ptolemaeorum
1583 2953 1777 3006 imperio
1818 2951 2036 3005 parebant
2073 2952 2139 2992 in·

151 3027 274 3068 venti
305 3029 423 3069 sunt.
484 3028 534 3068 In
565 3027 712 3069 insula
742 3026 893 3080 Cypro
925 3028 1143 3079 quattuor
1172 3028 1353 3080 praeter
1383 3026 1507 3067 hunc
1537 3025 1662 3077 (Bull.
1696 3024 1750 3065 de
1781 3034 1900 3065 corr.
1926 3023 2140 3065 He11.XX

151 3110 193 3151 p.
218 3103 299 3141 358
332 3111 374 3141 ιι.
399 3103 437 3141 8.
460 3102 499 3140 9.
526 3103 592 3140 40.
642 3098 1113 3152 Lehas-Waddington
1134 3100 1270 3140 Inscr.
1294 3099 1365 3152 ΙΙΙ,
1388 3098 1529 3151 2824),
1561 3098 1730 3138 Therae
1751 3106 1870 3136 unus
1892 3095 2043 3147 (Inscr.
2067 3096 2139 3137 Gr.

153 3182 262 3212 mar.
285 3171 390 3224 Aeg.
412 3171 483 3224 111,
509 3170 618 3224 462),
657 3171 757 3212 Pari
786 3181 909 3212 unus
951 3171 1076 3223 (Bull.
1106 3171 1161 3212 de
1193 3182 1307 3212 corr.
1341 3170 1449 3211 Hell.
1477 3169 1581 3210 XXI
1616 3171 1722 3209 4897
1756 3178 1797 3220 p.
1834 3166 1914 3219 47),
1952 3167 2141 3220 Amorgi

153 3243 243 3285 duo
276 3243 431 3295 (Mitth.
465 3243 543 3284 des
573 3243 694 3285 arch.
715 3244 821 3285 Inst.
850 3245 896 3285 in
926 3243 1109 3285 Athenl
1141 3247 1251 3285 4876
1285 3255 1327 3296 p.
1354 3245 1434 3284 336
1466 3253 1507 3282 ιι.
1533 3246 1570 3283 5.
1595 3240 1645 3293 6),
1677 3239 1966 3292 Methymnae
1998 3240 2042 3280 in
2074 3241 2140 3281 in-

153 3316 254 3358 sula
283 3315 427 3358 Lesbo
458 3326 578 3357 uuus
611 3316 762 3367 (Inscr.
786 3317 858 3357 Gr.
880 3327 992 3358 mar.
1020 3315 1124 3369 Aeg.
1147 3316 1199 3370 11,
1223 3315 1333 3367 543).
1394 3315 1489 3356 Iam
1531 3324 1634 3354 cum
1666 3311 1857 3352 Weilius
1896 3311 1953 3353 ad
1983 3312 2139 3354 titulos

151 3388 390 3441 Amorgios
422 3388 696 3442 adnotasset,
728 3387 858 3430 donis
890 3388 947 3430 ab
978 3388 1168 3430 Arsinoa
1198 3388 1352 3429 missis
1383 3387 1435 3427 ut
1466 3386 1512 3426 in
1540 3384 1612 3426 dei
1633 3384 1889 3437 cuiuspiam
1919 3385 2041 3426 illius
2072 3386 2138 3425 in-

155 3461 279 3502 sulae
311 3460 499 3502 delubro
531 3461 810 3513 erigerentur
839 3461 951 3502 haec
973 3460 1234 3513 subscripta
1256 3459 1408 3511 fuisse,
1441 3458 1515 3498 cui
1539 3457 1740 3509 opinioni
1772 3456 2003 3509 astipulati
2034 3459 2142 3499 sunt

153 3532 209 3572 M.
231 3532 278 3572 L.
300 3531 456 3573 Strack
496 3531 636 3572 Mitth.
670 3531 748 3573 des
780 3533 899 3574 arch.
933 3533 1038 3573 Inst.
1071 3542 1129 3572 zu
1158 3531 1304 3571 Athen
1334 3528 1437 3569 XIX
1466 3539 1509 3581 p.
1535 3530 1631 3570 235.
1691 3528 1726 3569 J.
1750 3528 1792 3568 P.
1816 3526 2012 3580 Mahaffy
2049 3528 2141 3569 The

155 3605 327 3657 empire
363 3604 411 3645 of
444 3604 520 3644 the
561 3604 799 3646 Ptolemies
837 3616 879 3658 p.
904 3607 1001 3645 436.
1062 3605 1102 3645 S.
1127 3602 1322 3643 Reinach
1365 3601 1512 3642 Traite
1545 3599 1729 3653 d’epigr.
1762 3611 1805 3653 p.
1837 3603 1932 3653 394,
1973 3599 2029 3640 ab
2069 3600 2141 3640 his

157 3674 368 3718 dissensit
399 3675 639 3729 Perdrizet‚
677 3677 857 3729 reginae
888 3687 1005 3729 quae
1037 3675 1203 3716 divinis
1242 3671 1494 3715 honoribus
1526 3671 1754 3714 coleretur
1783 3672 1856 3712 hic
1893 3683 1918 3712 a
1948 3672 2139 3725 privatis
