2314 3970
97 202 168 255 56]
583 202 827 243 Ptolemaei
856 203 914 243 111
946 205 1297 244 monumentum
1329 203 1592 256 Canopium.

1924 279 1934 282 ,
1965 207 2075 283 LO}

237 374 346 433 ταῖς
384 377 467 426 νῦν
508 373 850 445 ὑπαρχούσαις
888 374 1123 445 τέσσαρσι
1161 375 1345 446 φυλαῖς
1383 378 1471 428 τοῦ
1507 375 1732 446 πλήθους
1769 378 1866 428 τῶν
1907 377 2079 447 ἱερέων

151 469 205 510 25
236 463 333 513 τῶν
371 461 426 513 ἐν
464 457 686 513 ἑκάστωι
726 461 866 531 ἱερῶι
902 459 988 513 καὶ
1028 460 1202 530 ἄλλην,
1243 462 1842 532 ἣπροσονομασθήσεται
1867 461 2077 533 πέμΙΙπτη

239 546 370 618 φυλὴ
411 548 507 599 τῶν
543 544 892 617 Εὖεργετῶν45
930 548 1079 616 θεῶν,
1120 546 1228 600 ἐπεὶ
1266 545 1412 599 καὶ46
1451 546 1536 601 σὺν
1576 553 1660 618 τῆι
1699 548 1893 618 ἀγαθῆι
1930 548 2081 619 τύχηι

236 629 320 685 καὶ
364 635 452 703 τὴν
500 631 690 703 γένεσιν
739 634 986 704 βασιλέως
1026 632 1343 701 Πτολεμαίου
1383 637 1468 686 τοῦ
1516 636 1612 687 τῶν
1663 634 1794 687 θεῶν
1827 631 2079 705 Ἀδελφῶν

241 718 554 790 συμβέβηκεν
597 718 603 788 Ι
644 719 885 789 γενέσθαι
930 723 1016 788 τῆι
1057 719 1334 788 πέμπτην*7
1370 723 1456 771 τοῦ
1496 719 1632 789 Δίου,
1682 723 1714 791 ἣ
1761 718 1846 773 καὶ
1882 723 2080 774 πολλῶν

240 805 446 875 ἀγαθῶν
486 805 619 876 ἀρχὴ
661 806 859 875 γέγονεν
899 808 1048 857 πᾶσιν
1090 805 1403 875 ἀνθρώποις·
1445 807 1515 864 εἰς
1556 805 1610 858 δὲ
1647 807 1736 878 τὴν
1772 807 1935 879 φυλὴν
1962 808 2082 861 ταύ-

234 911 322 960 την
361 891 802 962 καταλεχθῆναι48
837 889 951 950 τοὺς
992 889 1089 943 ἀπὸ
1134 889 1138 961 Ι
1180 894 1266 944 τοῦ
1304 891 1503 962 πρώτου
1542 890 1683 952 ἔτους
1721 895 2080 964 γεγενημένους

240 978 386 1048 ἱερεῖς
433 976 520 1030 καὶ
565 976 680 1037 τοὺς
727 978 1418 1049 προσκαταταγησομένους49
1467 979 1562 1037 ἕως
1616 978 1769 1048 μηνὸς
1811 978 2018 1051 Μεσορῆ
2036 983 2081 1016 ⁵⁰

234 1067 321 1116 τοῦ
360 1066 410 1117 ἐν
449 1066 538 1116 τῶι
577 1062 760 1117 ἐνάτωι
796 1063 915 1130 ἔτει,
954 1062 1040 1116 καὶ
1078 1062 1192 1123 τοὺς
1231 1063 1417 1116 τούτων
1458 1060 1688 1134 ἐκγόνους
1727 1066 1799 1124 εἰς
1838 1064 1919 1118 τὸν
1962 1064 2041 1118 ἀεὶ
2073 1066 2078 1137 Ι

233 1146 442 1222 χρόνον·
499 1149 613 1210 τοὺς
660 1149 714 1203 δὲ
761 1148 1182 1222 προϋπάρχοντας
1237 1151 1384 1221 ἱερεῖς
1433 1151 1528 1210 ἕως
1579 1154 1666 1203 τοῦ
1705 1152 1902 1222 πρώτου
1941 1151 2081 1211 ἔτους

234 1235 368 1290 εἶναι
414 1237 654 1297 ὡσαύτως
702 1239 754 1290 ἐν
799 1237 909 1296 ταῖς
959 1238 1132 1297 αὐταῖς
1172 1238 1371 1308 φυλαῖς,
1421 1239 1472 1291 ἐν
1522 1235 1600 1296 αἷς
1648 1234 1885 1309 πρότερον
1924 1238 2080 1309 ἦσαν·

238 1324 422 1394 ὁμοίως
471 1323 526 1377 δὲ
570 1323 656 1376 καὶ
702 1322 815 1383 τοὺς
859 1323 863 1394 Ι
905 1320 1137 1393 ἐκγόνους
1187 1325 1348 1376 αὐτῶν
1399 1322 1495 1376 ἀπὸ
1546 1328 1633 1376 τοῦ
1673 1328 1756 1377 νῦν
1796 1325 2083 1397 καταχωρί-

236 1411 413 1468 ζεσθαι
453 1412 524 1470 εἰς
562 1407 653 1470 τὰς
693 1407 848 1470 αὐτὰς
889 1407 1070 1482 φυλάς,
1111 1412 1162 1463 ἐν
1204 1409 1284 1469 αἷς
1323 1411 1370 1463 οἱ
1407 1411 1617 1481 πατέρες
1656 1411 1797 1463 εἰσίν.
1878 1410 1985 1464 ἀντὶ
2025 1412 2080 1465 δὲ

150 1505 205 1546 30
235 1499 333 1550 τῶν
381 1493 543 1550 εἴκοσι
580 1497 857 1567 βουλευτῶν
901 1497 1073 1567 ἱερέων
1089 1499 1134 1533 ⁵¹
1170 1500 1267 1549 τῶν
1308 1497 1615 1567 αἱρουμένων
1655 1496 1671 1566 ΙΙ
1707 1494 1807 1550 κατ’
1856 1497 2080 1551 ἐνιαυτὸν

235 1586 292 1637 ἐκ
348 1587 446 1635 τῶν
502 1587 935 1654 προϋπαρχουσῶν
993 1581 1248 1654 τεσσάρων
1308 1585 1495 1655 φυλῶν,
1557 1585 1606 1641 ἐξ
1664 1586 1731 1636 ὧν
1789 1585 1933 1637 πέντε
1992 1580 2074 1655 ἀφ’

235 1667 450 1739 ἑκάστης
466 1671 511 1706 5²
549 1671 710 1739 φυλῆς
748 1667 1104 1741 λαμβάνονται,
1147 1667 1308 1723 εἴκοσι
1345 1668 1432 1722 καὶ
1456 1670 1601 1723 πέντε
1627 1668 1740 1730 τοὺς
1768 1668 2042 1741 βουλευτὰς
2071 1670 2079 1735 Ι

237 1757 385 1827 ἱερεῖς
440 1755 595 1823 εἶναι,
652 1757 1178 1826 προσλαμβανομένων
1236 1759 1294 1810 ἐκ
1350 1761 1438 1826 τῆς
1493 1757 1720 1825 πέμπτης
1771 1758 1934 1828 φυλῆς
1982 1762 2080 1809 τῶν

234 1841 522 1913 Εὐεργετῶν
561 1843 692 1894 θεῶν
733 1841 899 1894 ἄλλων
933 1842 1092 1895 πέντε.
1149 1842 1374 1914 μετέχειν
1415 1841 1470 1895 δὲ
1497 1841 1583 1894 καὶ
1621 1841 1735 1902 τοὺς
1763 1844 1819 1895 ἐκ
1844 1849 1932 1914 τῆς
1958 1845 2083 1913 πέμ-

233 1949 357 1998 πτης
399 1930 404 1999 Ι
447 1932 609 2000 φυλῆς
647 1931 743 1981 τῶν
785 1926 1074 1999 Εὐεργετῶν
1115 1929 1245 1981 θεῶν
1284 1932 1380 1981 τῶν
1425 1929 1636 1998 ἁγνειῶν
1669 1928 1755 1982 καὶ
1789 1933 1885 1982 τῶν
1914 1929 2080 1983 ἄλλων

238 2012 473 2068 ἁπάντων
511 2018 607 2067 τῶν
637 2017 687 2068 ἐν
714 2016 817 2075 τοῖς
847 2016 1016 2086 ἱεροῖς,
1056 2013 1141 2067 καὶ
1168 2015 1428 2087 φύλαρχον
1458 2016 1612 2085 αὐτῆς
1639 2014 1784 2083 εἶναι,
1826 2013 1967 2069 καθὰ
1995 2017 2081 2069 καὶ

236 2100 317 2154 ἐπὶ
355 2105 450 2155 τῶν
491 2100 659 2155 ἄλλων
698 2099 967 2172 τεσΙσάρων
995 2105 1167 2173 φυλῶν
1196 2100 1430 2173 ὑπάρχει.
1480 2102 1566 2155 καὶ
1594 2102 1767 2173 ἐπειδὴ
1809 2100 1926 2156 καθ’
1962 2104 2081 2156 ἕκα-

88 2291 260 2345 proprii
304 2284 571 2347 Ἱερεωτέλης
611 2292 755 2333 Mitth.
794 2291 835 2332 d.
876 2292 995 2333 arch.
1035 2292 1141 2332 Inst.
1183 2292 1230 2331 in
1267 2290 1411 2332 Athen
1444 2293 1461 2331 I
1502 2294 1613 2331 4876
1653 2303 1696 2344 p.
1732 2294 1811 2331 337
1846 2303 1886 2332 n.
1925 2295 2006 2345 7ιι,
2042 2296 2078 2333 3.

91 2366 141 2405 44
185 2365 348 2406 ΡΡΟΙΣ
378 2361 422 2406 Α
441 2360 493 2406 Β.
557 2363 797 2416 Utriusque
827 2363 1023 2416 exempli
1055 2374 1346 2405 communem
1383 2374 1585 2405 errorem
1618 2363 1757 2404 habes
1790 2365 1927 2405 etiam
1959 2377 2001 2405 v.
2027 2368 2078 2406 59

88 2435 192 2487 (not.
227 2436 344 2486 409).
551 2438 601 2475 45
646 2436 930 2477 ΕΥΡΓΕΤΩΝ
968 2432 1024 2477 A.
1088 2436 1152 2476 De
1193 2436 1395 2488 quinque
1434 2435 1648 2476 tribubus
1688 2436 1978 2477 sacerdotum
2025 2436 2078 2477 cf.

88 2507 230 2549 Greek
269 2509 434 2561 papyri
473 2509 520 2548 in
563 2507 640 2548 the
684 2507 851 2548 British
896 2508 1104 2548 Museum
1135 2508 1173 2547 II
1213 2518 1256 2560 p.
1292 2510 1372 2547 442
1413 2519 1454 2548 n.
1490 2506 1700 2560 CCCLIII,
1734 2511 1757 2548 7
1802 2507 1900 2560 [τῶν
1940 2506 2080 2560 πέν]τε

89 2577 234 2636 ἱερέων
257 2576 540 2635 πενταφυλίας
563 2575 851 2632 ΣοκνοΙπαίου
873 2576 989 2632 Sko&
1011 2576 1214 2635 [μεγάλου
1238 2576 1454 2635 μεγάλου].
1494 2590 1538 2632 p.
1557 2583 1631 2620 494
1663 2589 1706 2621 n.
1731 2579 1955 2633 CLXVIII,
1980 2583 2016 2621 4.
2041 2584 2079 2621 5.

85 2655 170 2692 τῶν
198 2639 237 2698 ς’
254 2647 506 2706 ἡγουμένων
527 2653 605 2706 τῆς
627 2638 660 2691 ε’
681 2647 831 2707 φυλίας
859 2650 899 2702 (i.
922 2662 960 2692 e.
983 2647 1279 2708 πενταφυλίας)
1305 2646 1574 2692 Σοκνοπαίου
1598 2648 1701 2693 θεοῦ
1736 2648 1920 2708 μεγάλου
1946 2650 2078 2708 μεγά-

86 2718 178 2764 λου.
230 2722 430 2763 Berliner
460 2734 522 2775 gr.
555 2723 653 2763 Urk.
687 2724 705 2763 I
745 2733 785 2775 p.
816 2726 870 2762 27
908 2735 949 2763 n.
987 2726 1039 2763 46
1077 2727 1163 2764 τῶν
1201 2710 1235 2763 ε’
1264 2720 1558 2778 πρεσβυτέρων
1602 2720 1747 2781 ἱερέων
1793 2721 2079 2780 πενταφυλίας

86 2790 188 2836 θεοῦ
242 2790 507 2836 Σοκνοπαίου
560 2805 603 2847 p.
643 2797 724 2835 463
776 2806 818 2835 n.
857 2796 954 2847 ⁴49,
995 2798 1017 2834 6
1082 2792 1235 2849 ἱερεῦσι
1286 2791 1602 2849 πενταφυλᾶας)
1657 2791 1923 2836 Σοκνοπαίου
1977 2792 2078 2837 θεοῦ

89 2863 276 2923 μεγάλου
319 2863 519 2923 μεγάλου.
728 2869 779 2907 46
820 2867 1043 2909 ΕΓΕΙΚΑΙ
1091 2863 1151 2919 B,
1211 2867 1432 2908 ΕΡΕΙΚΑΙ
1480 2863 1535 2907 Α.
1587 2865 1660 2907 καὶ
1709 2868 1838 2908 uncis
1892 2867 2076 2907 inclusit

87 2937 296 2992 Mahaffy,
341 2949 490 2992 neque
526 2939 781 2992 negandum
827 2940 896 2979 est
940 2939 1134 2980 otiosam
1181 2949 1280 2979 esse
1326 2939 1610 2991 particulam.
1773 2941 1823 2978 47
1867 2940 2077 2991 Ineptum

88 3010 210 3052 hunc
246 3010 398 3052 lusum
437 3011 517 3063 qui
556 3022 581 3051 a
621 3021 811 3052 numero
851 3011 1058 3063 quinario
1099 3010 1405 3063 proficiscitur
1445 3011 1633 3063 Lepsius
1664 3022 1706 3063 p.
1734 3014 1783 3050 40
1829 3010 1884 3051 ad
1931 3021 2077 3051 sacer-

89 3080 217 3123 dotes
245 3081 496 3135 Aegyptios
527 3082 676 3135 refert,
709 3093 908 3135 quorum
932 3082 1110 3135 ingenio
1141 3082 1252 3123 mihi
1284 3093 1392 3124 sane
1421 3082 1533 3123 tales
1565 3082 1766 3134 argutiae
1787 3082 1950 3122 melius
1973 3093 2079 3122 con-

89 3154 242 3194 venire
262 3154 475 3196 videntur
505 3166 641 3207 quam
666 3155 943 3196 Graecorum
975 3155 1127 3195 menti.
1276 3157 1327 3196 48
1368 3155 1646 3196 ΛΕΧΘΗΝΛΙ
1679 3153 1727 3193 A.
1878 3155 1928 3193 49
1968 3153 2078 3194 Ver-

90 3223 200 3266 bum
231 3225 590 3284 προσκατατάσσω
620 3227 667 3267 in
696 3226 852 3268 lexicis
881 3239 974 3269 non
1004 3228 1244 3280 recenseri,
1291 3226 1370 3267 sed
1402 3226 1546 3266 multa
1592 3224 1741 3265 afferri
1787 3234 1922 3277 posse
1954 3226 2077 3266 simi-

89 3296 191 3338 liter
220 3299 487 3351 composita,
518 3300 571 3339 ut
600 3296 970 3355 προσκαταντλάω,
1002 3296 1359 3354 προσκατερείὸω,
1389 3292 1738 3353 προσκατορθόω,
1769 3294 2075 3352 προσκαθέψω,

91 3368 487 3426 προσκαταγωνίζω,
509 3368 853 3428 προσκατανεύω,
877 3369 1190 3425 προσκαταξέω,
1222 3366 1608 3428 προσκαταρραὶνω,
1633 3366 1946 3424 προσκαταφύω
1977 3381 2075 3410 mo-

90 3439 189 3480 nuit
217 3441 370 3482 Miller.
509 3445 559 3482 50
602 3442 910 3484 Duodecimus
940 3443 1045 3484 anni
1064 3442 1330 3494 Aegyptiaci
1360 3440 1541 3492 mensiS‚
1574 3440 1653 3492 qui
1683 3451 1804 3481 nono
1827 3440 2075 3493 Euergetae

92 3520 205 3553 anno
237 3524 262 3553 a
292 3512 363 3554 die
390 3516 442 3552 22
468 3524 527 3554 m.
550 3513 828 3566 Septembris
860 3515 917 3556 ad
938 3514 979 3556 d.
1011 3517 1056 3555 24
1087 3526 1145 3554 m.
1177 3512 1386 3553 Octobris
1417 3523 1455 3552 a.
1486 3514 1568 3551 238
1603 3523 1640 3553 a.
1674 3511 1775 3554 Chr,
1805 3525 1845 3553 n.
1879 3514 2075 3566 pertine-

91 3579 180 3622 bat.
328 3588 372 3625 54
421 3585 667 3636 Collegium
699 3586 823 3638 quod
854 3586 910 3627 de
941 3586 1077 3627 rebus
1099 3585 1325 3636 cuiusque
1356 3582 1532 3624 delubri
1565 3583 1933 3628 administrandis
1966 3596 2074 3625 con-

92 3653 299 3695 sultabat.
468 3659 520 3697 52
562 3658 825 3699 ΞΚΑΣΤΗΣ
859 3655 913 3699 Α.
