2314 3970
61 231 158 284 427]
536 231 816 273 Ptolemaeus
839 231 915 272 VII
947 233 1148 285 Eupator
1179 233 1274 283 (446
1298 244 1335 273 a.
1359 231 1462 273 Chr.
1490 231 1557 282 n.).
1929 230 2033 281 205

165 402 274 458 125
322 407 465 455 Basis
502 406 709 456 inventa
746 408 877 457 inter
902 408 1090 457 rudera
1114 409 1289 473 templi
1319 407 1370 455 in
1395 407 1508 457 vico
1533 403 1713 473 Apollo
1751 407 1848 456 sito
1873 422 2035 473 prope

61 494 264 543 Curium
313 492 480 558 Cypri.
557 493 680 542 Edd.
731 492 1034 543 Sakellarios
1073 489 1344 562 Κυπριακά
1385 492 1435 542 Ι2
1473 510 1523 559 p.
1549 492 1614 542 72
1663 493 1742 558 (M.
1771 494 1825 543 L.
1856 493 2037 543 Straok

60 581 148 630 Die
174 580 415 644 Dynastie
450 580 541 628 der
565 580 851 630 Ptolemaer
888 596 936 646 p.
959 581 1061 631 253
1097 595 1146 629 ιι.
1170 578 1305 644 404).
1371 581 1641 645 Leyeester
1679 581 2037 630 Transactions

59 667 116 717 of
146 666 234 717 the
260 667 317 716 R.
347 667 538 731 society
565 667 622 716 of
653 668 745 717 litt.
775 668 862 716 VII
898 683 948 733 p.
979 668 1098 716 388.
1165 667 1378 716 Pieridis
1416 667 1534 716 ibid.
1575 683 1625 733 p.
1657 667 1776 717 396.
1841 668 1919 716 Ex
1943 683 2036 717 suo

59 753 355 820 apographo
393 755 471 802 W.
501 754 562 803 H.
591 755 934 819 Waddington
972 768 1055 819 ap.
1096 754 1259 803 Lebas
1297 754 1451 803 Inscr.
1479 755 1545 803 III
1572 755 1728 806 2809.

201 893 428 948 Βασιλέα
463 895 795 966 Πτολεμαῖον,
834 894 953 949 θεὸν
992 891 1265 966 Εὐπάτορα
1279 898 1311 963 ¹,
1355 894 1362 965 Ι
1400 894 1483 948 τὸν
1524 897 1579 966 ἐγ
1623 896 1869 967 βασιλέως
1909 896 2038 950 Πτο-

199 981 408 1052 λεμαίου
464 980 549 1036 καὶ
604 984 898 1055 βασιλίσσης
955 980 963 1053 Ι
1012 979 1356 1052 Κλεοπάτρας,
1413 982 1546 1034 θεῶν
1605 983 1987 1055 Φιλομητόρων,
2030 985 2036 1054 1

171 1216 366 1258 Litterae
396 1217 603 1270 volgares
635 1218 814 1270 praeter
845 1218 943 1258 ΘΣ.
1006 1215 1124 1257 Infra
1154 1227 1196 1255 v.
1223 1219 1245 1254 3
1277 1217 1494 1268 quattuor
1525 1226 1686 1257 versus
1724 1216 1931 1258 consulto
1965 1217 2038 1259 de-

59 1288 146 1330 leti.
293 1292 309 1329 4
350 1289 457 1331 Post
486 1290 608 1330 hunc
638 1289 821 1329 titulum
843 1291 1073 1342 repertum
1106 1299 1199 1329 non
1220 1288 1416 1341 amplius
1441 1287 1610 1340 ambigi
1632 1290 1795 1342 potest,
1828 1290 2037 1343 quisnam

58 1360 192 1403 fuerit
221 1361 504 1403 Ptolemaeus
536 1362 749 1414 Eupator.
800 1361 902 1402 Sine
933 1360 1072 1403 dubio
1104 1361 1195 1402 hoc
1225 1372 1391 1402 nomen
1422 1371 1528 1403 eum
1552 1361 1794 1403 Ptolemaei
1814 1362 1871 1402 VI
1893 1363 2038 1404 Philo-

58 1434 244 1474 metoris
272 1433 415 1475 filium
447 1433 617 1475 indicat
646 1434 725 1487 qui
763 1444 868 1474 cum
899 1435 1005 1486 post
1034 1433 1178 1486 patris
1210 1435 1405 1475 mortem
1436 1433 1686 1488 paullisper
1726 1435 1843 1487 regis
1874 1446 2039 1477 nomen

57 1505 282 1560 gessisset,
321 1518 346 1546 a
383 1508 548 1559 patruo
580 1506 835 1548 Ptolemaeo
866 1505 963 1546 VIII
995 1505 1217 1559 Euergeta
1247 1506 1285 1546 II
1331 1506 1509 1547 occisus
1550 1508 1620 1547 est
1657 1503 1803 1562 (446]45
1835 1519 1874 1548 a.
1907 1507 2037 1560 Chr.).

58 1576 180 1626 Quae
210 1578 258 1619 R.
280 1578 468 1631 Lepsius
497 1577 611 1619 Abh.
635 1578 715 1619 der
738 1578 818 1619 Ak.
840 1589 898 1618 zu
919 1577 1066 1619 Berlin
1088 1578 1325 1620 Phil.-hist.
1349 1578 1410 1619 Cl.
1435 1581 1547 1619 4852
1579 1589 1622 1631 p.
1646 1581 1726 1620 464
1746 1589 1843 1633 sqq.
1895 1580 2038 1622 Briefe

58 1661 140 1691 aus
169 1651 403 1704 Aegypten
433 1662 476 1703 p.
498 1653 578 1691 409
597 1661 695 1704 sqq.
737 1651 929 1692 coniecit
960 1650 1014 1691 de
1045 1651 1300 1692 Ptolemaeo
1333 1650 1562 1704 Eupatore
1593 1651 1837 1693 Ptolemaei
1864 1652 1903 1692 V
1935 1653 2037 1706 Epi-

56 1722 218 1776 phanis
247 1721 339 1764 filio
370 1724 479 1764 natu
509 1723 708 1765 maximo
739 1724 822 1776 qui
851 1724 969 1764 inter
988 1724 1163 1776 patrem
1194 1725 1239 1764 et
1259 1723 1443 1764 fratrem
1467 1723 1772 1765 Philometore
1796 1735 1879 1778 per
1899 1724 2039 1766 breve

56 1797 238 1847 tempus
271 1797 512 1848 regnasset,
544 1807 596 1836 ea
626 1796 710 1836 etsi
741 1806 847 1836 cum
870 1795 1063 1836 aliorum
1092 1798 1190 1836 tum
1211 1795 1379 1837 Alfredi
1399 1795 1454 1837 de
1478 1796 1745 1837 Gutschmid
1776 1808 1848 1850 ap.
1869 1798 2040 1851 Sharpe

0 1907 1 1920 ¹
58 1866 214 1908 Gesch.
244 1867 501 1921 Aegyptens
532 1868 551 1907 1
589 1879 632 1920 p.
656 1869 738 1908 242
778 1870 870 1908 not.
899 1872 933 1908 4.
979 1879 1022 1920 p.
1046 1870 1127 1909 255
1170 1869 1303 1908 not.4
1350 1878 1588 1909 assensum
1628 1868 1844 1923 tulerunt,
1885 1871 2037 1911 tamen

0 1943 2 1993 ζ
56 1941 161 1992 post
190 1939 310 1980 hunc
340 1939 524 1980 titulum
555 1940 790 1982 inventum
822 1940 1017 1993 amplius
1048 1941 1191 1981 teneri
1217 1942 1461 1994 nequeunt,
1493 1942 1762 1994 praesertim
1794 1953 1900 1983 cum
1932 1943 2040 1982 titu-

0 2022 4 2078 ῃ
57 2010 124 2053 Ios
157 2014 251 2053 426.
284 2014 382 2065 427,
412 2012 496 2053 etsi
528 2014 736 2065 parentes
767 2024 857 2054 non
879 2012 1125 2066 nominent,
1156 2015 1307 2054 tamen
1333 2012 1390 2054 ad
1410 2013 1604 2054 eundem
1625 2025 1679 2055 ae
1710 2026 1750 2055 n.
1774 2017 1856 2055 425
1890 2014 2038 2055 Philo-

2 2082 5 2126 Ι
58 2084 245 2125 metoris
274 2082 421 2125 filium
451 2086 658 2137 spectare
687 2086 877 2138 propter
907 2086 1140 2137 geminum
1169 2085 1331 2126 liturae
1362 2095 1503 2138 genus
1534 2087 1711 2128 certum
1742 2087 1814 2128 sit.
1873 2085 2038 2129 Nullus

4 2137 6 2190 ἶ
57 2155 193 2208 igitur
222 2155 308 2197 fult
335 2158 516 2209 praeter
546 2157 667 2198 hunc
699 2168 778 2198 rex
801 2157 1082 2198 Ptolemaeus
1103 2156 1317 2211 Eupator.
1467 2161 1492 2199 2
1532 2159 1596 2199 De
1626 2159 1697 2200 his
1719 2159 1931 2202 versibus
1962 2171 2038 2201 ex-

4 2201 9 2319 ¹¹
59 2228 164 2270 cisis
194 2227 246 2270 cf.
278 2240 321 2270 n.
344 2227 467 2269 ⁴232.

7 2334 9 2375 1

169 2428 278 2482 126
327 2434 480 2499 Lapis
541 2435 776 2483 inventus
838 2435 888 2483 in
943 2435 1206 2500 parietinis
1268 2433 1433 2501 Paphi
1495 2436 1698 2501 veteris,
1762 2438 2038 2487 translatus

10 2514 14 2544 *
60 2518 412 2569 vindobonam
451 2521 503 2569 in
539 2535 773 2570 museum
810 2521 1086 2586 imperiale.
1159 2521 1247 2570 Ed.
1288 2521 1391 2571 JOS.
1435 2522 1496 2571 de
1535 2522 1780 2573 Hammer
1816 2524 2033 2590 Topogr.

13 2658 15 2661 ,
60 2603 331 2656 Ansichten
369 2606 462 2656 auf
494 2607 632 2657 einer
669 2608 816 2658 Reise
854 2609 907 2657 in
944 2607 1024 2658 die
1061 2609 1286 2658 Levante
1322 2624 1371 2674 p.
1406 2606 1506 2658 479
1546 2624 1595 2657 n.
1627 2610 1691 2659 49
1743 2614 1793 2660 et
1829 2611 1879 2659 in
1918 2625 2037 2661 aere

13 2693 18 2738 ἰ
62 2691 126 2741 ad
160 2708 211 2758 p.
242 2692 334 2741 454
394 2691 619 2761 (Boeckh
656 2693 707 2744 C.
736 2695 770 2743 Ι.
803 2694 858 2745 G.
888 2694 1044 2746 2648.
1111 2694 1414 2745 Sakellarios
1453 2689 1725 2764 Κυπριακά
1761 2696 1814 2744 Ι2
1850 2713 1899 2763 p.
1934 2698 2025 2746 404

15 2791 18 2821 s
61 2791 109 2827 ιι.
138 2779 219 2829 84.
294 2779 357 2829 Μ.
386 2780 441 2831 L.
470 2779 649 2831 Strack
694 2782 786 2832 Die
824 2782 1067 2848 Dynastie
1112 2782 1203 2832 der
1246 2783 1533 2832 Ptolemaer
1577 2798 1626 2849 p.
1664 2783 1766 2833 253
1816 2799 1863 2834 ιι.
1898 2782 2032 2851 402).

17 2863 133 2915 Cf
173 2867 424 2917 Letronne
461 2868 780 2919 Recherohes
819 2885 908 2920 sur
943 2858 1178 2936 l'Egypte
1215 2886 1265 2936 p.
1297 2870 1352 2919 44
1369 2871 1415 2920 6.

202 3005 431 3063 Βασιλέα
491 3009 820 3082 Πτολεμαῖον,
880 3014 886 3083 Ι
946 3011 1064 3065 θεὸν
1121 3009 1397 3083 Εὐπάτορα
1413 3015 1447 3081 ¹,
1508 3012 1515 3083 l
1572 3042 2003 3052 -------------
2016 3015 2038 3049 2

194 3090 496 3167 Ἀφροδίτηι.

176 3255 368 3297 Litterae
398 3257 606 3310 volgares
636 3259 815 3310 praeter
847 3259 938 3301 ΠΣ.
1075 3261 1092 3299 4
1133 3258 1194 3300 Cf.
1227 3270 1269 3299 ιι.
1293 3262 1373 3299 425
1386 3259 1415 3299 ².
1554 3262 1578 3298 2
1616 3259 1680 3300 De
1711 3258 1872 3300 liturae
1898 3269 2036 3301 causa

28 3327 33 3361 Ι
67 3322 118 3364 cf.
149 3336 263 3378 quae
291 3330 482 3382 'exposui
513 3341 554 3371 n.
578 3328 701 3371 4232.

175 3524 278 3581 127
329 3533 472 3583 Basis
510 3534 783 3583 marmoris
819 3534 962 3584 rubri
998 3536 1204 3583 inventa
1241 3535 1291 3581 in
1322 3534 1532 3583 delubro
1559 3535 1766 3584 Veneris
1791 3536 2033 3602 Paphiae.

23 3566 29 3672 4
69 3610 189 3664 Edd.
236 3616 288 3666 E.
322 3619 379 3668 A.
417 3618 662 3685 Gardner,
720 3620 778 3670 D.
816 3620 872 3670 G.
911 3620 1158 3686 Hogarth,
1217 3620 1278 3669 M.
1308 3620 1364 3670 R
1393 3620 1562 3670 James
1598 3622 1773 3672 Journ.
1815 3622 1874 3672 of
1909 3624 2031 3673 Hell

26 3682 32 3752 l
70 3699 254 3752 studies
289 3703 357 3752 1x
393 3702 570 3772 (⁴888)
609 3721 658 3771 p.
689 3706 791 3757 235
829 3722 878 3756 n.
910 3708 993 3756 34.

28 3811 33 3843 l

29 3848 33 3890 l

30 3929 36 3970 Ι
