2314 3970
83 220 152 273 90]
561 217 806 259 Ptolemaei
836 217 874 257 V
906 217 1252 258 monumentum
1284 217 1592 258 Rosettanum.
1955 217 2053 267 143

224 390 411 458 Διός12,
465 390 573 443 υἱοῦ
625 393 712 443 τοῦ
746 386 999 458 ‘HMoo1³,
1046 388 1364 459 Πτολεμαίου
1413 387 1420 459 Ι
1475 387 1739 460 αἰωνοβίου
1755 390 1811 456 1⁴,
1857 389 2058 458 ἠγαπη-

224 479 373 548 μένου
412 476 504 529 ὑπὸ
543 480 630 530 τοῦ
670 478 792 531 Φθᾶ
807 480 865 546 1⁵,
915 476 1056 537 ἔτους
1095 475 1332 531 ἐνάτου16
1377 472 1459 548 ἐφ’
1507 477 1734 548 ἱερέως17
1766 471 1933 528 Ἀέτου
1970 477 2057 527 τοῦ

218 562 382 618 Ἀέτου
403 566 446 600 1⁸
478 559 800 635 Ἀλεξάνδρου
836 563 923 618 καὶ
960 565 1092 617 θεῶν
1119 563 1369 635 Σωτήρων
1406 562 1494 617 καὶ
1529 564 1662 617 θεῶν
1685 558 1934 634 Ἀδελφῶν
1972 560 2059 614 καὶ

83 798 104 841 ὁ
135 795 391 854 Φιλοπάτωρ
422 794 528 853 ἡμῖν
560 793 828 853 Πτολεμαῖος
860 794 992 838 ἔστω·
1028 793 1058 852 ὴ
1092 794 1168 851 μὲν
1198 793 1308 838 κατὰ
1336 790 1549 855 Ἀντιόχου
1586 793 1685 853 νίκη
1717 794 1791 837 σὺν
1823 792 1937 852 αὐτῷ
1966 792 2058 852 ἐγέ-

79 884 187 924 νετο,
225 867 340 913 θύων
372 867 420 911 δὲ
450 867 638 912 ἐπινίκια
667 867 739 910 καὶ
771 866 1016 925 ἱλεούμενος
1045 867 1117 910 τὸν
1142 859 1296 910 υΗλιον
1330 866 1351 909 ὁ
1382 864 1653 924 Πτολεμαῖος
1682 867 1734 927 τῇ
1765 882 1810 909 τε
1840 865 1952 926 ἄλλῃ
1986 883 2060 925 με·

80 941 359 1002 γαλοπρεπῶς
397 939 546 984 ἔθυσεν
586 940 658 984 ’καὶ
688 940 761 984 οὖν
790 941 863 984 καὶ
891 939 1091 998 τέτταρας
1131 938 1365 998 ἐλέφαντας
1397 938 1567 998 μεγέθει
1598 938 1820 997 μεγίστους
1850 939 2060 998 παρέστη-

81 1029 147 1057 σεν
179 1013 324 1070 ἱερεῖα.
384 1014 479 1056 Etsi
508 1013 635 1068 illud,
673 1015 801 1068 quod
830 1014 1051 1068 Polybius
1081 1014 1126 1055 in
1157 1015 1368 1055 accurata
1405 1013 1526 1054 illius
1563 1013 1723 1066 proelii
1760 1014 2063 1067 descriptione

80 1088 132 1142 V,
149 1091 202 1130 82
219 1098 285 1141 sq.
318 1087 374 1129 de
403 1088 489 1128 hac
518 1099 567 1128 re
597 1089 729 1141 tacet,
760 1088 872 1129 mihi
902 1088 1170 1139 neutiquam
1191 1086 1327 1127 fidem
1348 1086 1619 1127 narrationis
1650 1085 1919 1127 labefactare
1938 1086 2062 1128 vide-

80 1164 167 1214 tur,
200 1162 352 1202 tamen
375 1160 422 1202 id
446 1171 552 1202 sane
575 1172 683 1202 vere
705 1160 974 1202 observasse
1002 1160 1214 1201 existimo
1236 1159 1566 1212 Drumannum,
1598 1170 1688 1200 non
1718 1169 1817 1200 esse
1847 1170 1929 1200 cur
1958 1170 2063 1212 pro-

81 1235 233 1287 pterea
264 1243 447 1286 semper
477 1235 522 1274 et
557 1233 729 1286 ubique
759 1233 1038 1275 Ptolemaeos
1080 1232 1137 1274 ad
1177 1232 1300 1273 hunc
1337 1232 1632 1285 potissimum
1671 1231 1807 1272 deum
1848 1232 2062 1272 victorias

81 1316 186 1347 suas
215 1306 444 1347 rettulisse
483 1307 799 1347 statueremus.
860 1305 946 1346 Sed
976 1306 1224 1358 quominus
1264 1304 1408 1345 filium
1450 1304 1593 1357 patris
1624 1303 1884 1356 exemplum
1915 1303 2063 1344 imita-

81 1380 179 1419 tum
225 1378 538 1420 existimemus
586 1378 697 1419 nihil
742 1378 944 1432 impedit.
1005 1378 1137 1419 Illum
1176 1389 1285 1419 vero
1332 1377 1626 1430 antiquorum
1666 1387 1825 1429 regum
1869 1375 2064 1429 Aegypti

81 1451 269 1503 vestigia
312 1451 534 1504 pressisse
573 1451 755 1503 colligas
799 1462 855 1492 ex
890 1450 1114 1492 Ammian.
1154 1450 1286 1504 XVII,
1327 1453 1366 1504 4,
1407 1453 1481 1491 22:
1527 1441 1679 1496 Ἥλιος
1718 1446 1816 1495 θεὸς
1855 1446 2064 1504 δεσπότης

81 1521 259 1578 οὐρανοῦ
292 1516 506 1579 Ῥαμέστῃ
546 1521 713 1580 βασιλεῖ
742 1521 988 1579 δεδώρημαι
1026 1522 1074 1565 τὸ
1113 1522 1270 1578 κράτος
1308 1521 1382 1564 καὶ
1410 1521 1488 1579 τὴν
1519 1519 1630 1563 κατὰ
1659 1518 1828 1563 πάντων
1861 1518 2064 1570 ἐξουσίαν.

81 1598 133 1636 42
174 1594 500 1649 Aegyptiorum
519 1593 678 1638 Amun
708 1608 734 1638 a
755 1596 936 1638 Graecis
957 1596 1078 1637 idem
1110 1607 1216 1637 cum
1246 1596 1454 1649 ipsorum
1484 1596 1590 1636 Iove
1620 1594 1892 1647 habebatur;
1926 1604 2063 1647 quem

81 1667 154 1708 hic
175 1679 358 1721 quoque
379 1668 603 1720 designari
624 1669 818 1710 testatur
833 1669 984 1710 versio
1008 1668 1246 1721 demotica,
1265 1668 1435 1721 quippe
1456 1678 1573 1720 quae
1593 1667 1706 1708 illud
1725 1667 1876 1720 ipsum
1898 1677 2064 1707 nomen

81 1739 256 1781 habeat.
296 1739 504 1794 Mahaffy.
672 1744 723 1780 43
765 1740 826 1782 Cf.
858 1741 1080 1782 Ammian.
1101 1741 1236 1794 XVII,
1262 1743 1300 1794 4,
1321 1743 1374 1781 48
1415 1736 1613 1795 βασιλεὺς
1641 1733 1885 1795 Ῥαμέστης
1916 1732 2062 1780 Ἡλίου

81 1815 182 1859 παῖς
213 1809 438 1868 αἰωνόβιος
470 1813 583 1865 (sim.
615 1813 641 1864 ἓ
663 1815 731 1854 24.
755 1813 838 1866 22).
889 1814 1062 1866 Fragm.
1085 1813 1187 1854 hist.
1213 1813 1284 1853 Gr.
1307 1812 1365 1852 IV
1396 1822 1439 1865 p.
1463 1815 1537 1854 354
1578 1811 1627 1852 fr.
1653 1814 1698 1853 5:
1731 1807 1843 1853 οὕτω
1874 1807 1989 1853 Βίων
2021 1808 2065 1851 ἐν

79 1883 236 1940 πρώτῳ
266 1881 555 1927 Αἰθιοπικῶν
595 1882 802 1932 Αἰθίοπες
839 1883 938 1933 τοὺς
979 1882 1185 1941 βασιλέων
1221 1883 1404 1942 πατέρας
1442 1882 1521 1926 οὐκ
1559 1882 1844 1941 ἐκφαίνουσιν,
1882 1877 1970 1925 ἀλλ’
2006 1882 2065 1930 ὡς

80 1953 203 2003 ὄντας
233 1953 350 2003 υἱοὺς
375 1950 527 1998 Ἡλίου
558 1955 876 2013 παραδιδόασιν.
937 1957 1035 2006 Qua
1076 1957 1131 1998 de
1169 1968 1218 1998 re
1256 1968 1347 1998 non
1386 1956 1644 2010 discrepare
1679 1955 1736 1998 ab
1766 1955 2064 2009 Aethiopibus

79 2027 324 2082 Aegyptios
356 2028 572 2070 observat
600 2029 890 2072 E.Revi110ut
920 2030 1074 2071 Revue
1096 2031 1217 2071 arch.
1242 2029 1387 2072 Nouv.
1412 2034 1498 2072 ser.
1523 2029 1708 2071 XXXIV
1738 2041 1782 2083 p.
1802 2032 1874 2070 344
1915 2030 2005 2070 not.
2025 2031 2064 2070 2.

83 2100 225 2150 Quem
244 2101 572 2155 Aegyptiorum
602 2114 779 2144 morem
810 2103 884 2143 hic
915 2114 1021 2144 sane
1053 2104 1223 2144 mirum
1253 2103 1299 2144 in
1321 2102 1511 2144 modum
1533 2102 1775 2144 confusum
1797 2101 1937 2144 habes
1958 2112 2064 2142 cum

83 2173 250 2214 Graeco
282 2174 386 2226 (not.
411 2173 464 2226 9).
610 2177 663 2215 44
703 2174 827 2216 Idem
859 2175 1093 2228 epitheton
1122 2176 1318 2216 recurrit
1347 2174 1461 2216 infra
1492 2186 1533 2216 n.
1558 2178 1655 2228 468,
1681 2176 1732 2215 48
1775 2171 1915 2227 [θ]εῶν
1947 2188 2065 2230 νικη-

84 2243 224 2302 φόρων
255 2243 327 2286 καὶ
357 2243 593 2301 αἰωνοβίων
626 2247 924 2299 (Ptolemaeus
955 2248 997 2288 X
1027 2249 1156 2289 Soter
1186 2248 1223 2287 II
1255 2249 1301 2288 et
1330 2247 1428 2288 elus
1460 2248 1606 2288 mater
1636 2246 1874 2300 Cleopatra
1902 2246 1988 2299 III),
2020 2247 2066 2286 et

82 2317 282 2359 Ramessi
311 2319 405 2371 regi
445 2319 667 2360 tribuitur
706 2320 751 2360 in
790 2320 922 2361 titulo
964 2320 1086 2374 apud
1116 2320 1407 2361 Ammianum
1438 2319 1746 2360 Marcellinum
1775 2318 1908 2373 XVII,
1933 2321 1972 2372 4,
1997 2321 2063 2359 48.

85 2393 150 2430 20.
174 2393 241 2431 24.
302 2390 363 2432 Cf.
395 2392 532 2433 etiam
564 2392 706 2433 Greek
737 2393 901 2446 papyri
932 2393 979 2433 in
1010 2393 1087 2433 the
1117 2393 1285 2433 British
1314 2403 1527 2433 museum
1558 2392 1575 2431 I
1608 2402 1650 2444 p.
1676 2394 1726 2432 46
1759 2403 1800 2432 11.
1824 2391 1895 2443 ΙΙΙ,
1918 2394 1986 2431 48.
2009 2393 2062 2430 49

83 2458 127 2503 ἐν
156 2467 235 2504 τῶι
263 2451 331 2510 λς’
360 2461 457 2517 ἔτει,
490 2457 652 2519 [“Αθ]ὺρ
685 2461 755 2505 ἐπὶ
786 2462 992 2519 βασιλέως
1025 2462 1250 2519 αἰωνοβίου
1285 2465 1580 2516 (Ptolemaeus
1600 2463 1659 2503 VI
1680 2463 1959 2504 Philometor
1987 2464 2066 2503 aut

0 2558 1 2571 ¹
83 2534 363 2577 Ptolemaeus
390 2536 487 2576 VIII
518 2536 762 2589 Euergetes
792 2537 858 2588 II).
918 2537 983 2578 De
1023 2536 1107 2578 deo
1138 2537 1363 2578 Mercurio
1394 2537 1515 2578 idem
1560 2538 1810 2589 usurpatur
1853 2536 1900 2576 in
1945 2535 2063 2575 libro

83 2608 255 2660 magico
287 2609 367 2661 qui
398 2609 547 2650 editus
579 2610 650 2650 est
678 2608 848 2650 ibidem
879 2620 923 2662 p.
948 2613 998 2650 70
1033 2621 1074 2650 n.
1096 2609 1244 2663 XLVI,
1268 2612 1364 2650 476.
1523 2612 1574 2649 45
1618 2607 1679 2650 Cf.
1712 2610 1803 2649 not.
1837 2612 1874 2649 6.
1936 2608 2066 2648 Simi-

83 2678 183 2720 liter
233 2681 287 2721 de
333 2680 527 2722 deorum
572 2692 677 2734 erga
727 2693 878 2734 regem
930 2692 1084 2723 amore
1131 2681 1298 2722 dicitur
1341 2682 1387 2722 in
1431 2681 1563 2723 titulo
1611 2680 1734 2734 apud
1772 2680 2064 2721 Ammianum

83 2751 215 2805 XVII,
238 2754 277 2804 4,
302 2756 367 2793 48.
391 2755 459 2792 49.
483 2756 558 2794 20:
601 2751 646 2794 ὃν
672 2744 824 2800 ζἨλιος
855 2751 982 2811 φιλεῖ.
1028 2755 1054 2806 ἓ
1077 2757 1129 2794 22
1163 2750 1243 2795 ὑπὸ
1265 2748 1415 2795 Ἡλίου
1439 2750 1710 2810 φιλούμενος.
1762 2754 1787 2805 5
1810 2756 1861 2793 ΞΟ
1896 2751 1941 2795 ὃν
1964 2748 2064 2808 Ἄμ-

86 2837 176 2878 μων
207 2821 362 2880 ἀγαπᾷ.
422 2824 595 2873 Quibus
627 2825 800 2867 collatis
838 2837 930 2867 non
962 2826 1141 2868 videtur
1179 2826 1370 2867 dubium
1403 2837 1503 2867 esse
1534 2826 1644 2878 quin
1682 2826 1707 2876 ς
1730 2828 1782 2865 23
1814 2825 2065 2867 rescriben-

0 2917 7 2966 ]=
81 2894 193 2938 (dum
223 2897 282 2937 sit
313 2894 358 2938 ὃν
389 2888 542 2945 Ἥλιος
571 2896 794 2954 ἠγάπησεν
827 2898 1064 2957 (ἠγώγησεν
1097 2899 1212 2952 cod„
1255 2897 1477 2956 ἠρώγησεν
1510 2899 1765 2940 Gronovius
1796 2898 2062 2951 perperam).

88 2969 139 3008 46
174 2967 332 3010 Nonus
364 2969 607 3011 Ptolemaei
636 2970 882 3023 Epiphanis
914 2982 1058 3012 annus
1090 2983 1116 3013 a
1146 2971 1218 3012 die
1250 2975 1399 3012 44.111.
1423 2970 1631 3012 Octobris
1662 2982 1700 3012 a.
1733 2974 1813 3011 497
1838 2982 1875 3011 a.
1899 2971 1999 3011 Chr.
2022 2981 2063 3010 n.

87 3039 143 3080 ad
171 3040 212 3081 d.
237 3043 303 3081 40.
326 3052 385 3082 m.
409 3042 616 3083 Octobris
647 3054 685 3083 a.
710 3046 789 3084 496
822 3055 860 3084 a.
884 3043 985 3084 Chr.
1018 3044 1226 3096 pertinet.
1287 3042 1402 3084 Nam
1434 3043 1701 3095 Cousineryi
1732 3044 1777 3082 et
1807 3043 1866 3082 St.
1888 3042 2065 3082 Martini

8 3112 11 3167 ἦ
88 3111 332 3166 opIniones,
372 3125 427 3154 ex
458 3113 626 3167 quibus
657 3114 731 3155 ille
761 3115 851 3156 iam
883 3115 1055 3168 aliquot
1093 3116 1222 3157 annis
1253 3117 1356 3156 ante
1396 3114 1573 3156 obitum
1611 3115 1753 3167 patris
1785 3114 2062 3166 Epiphanem

87 3181 132 3222 ln
162 3185 423 3226 societatem
453 3186 578 3238 regni
609 3187 816 3241 ascitum,
847 3188 921 3228 hic
950 3199 1041 3228 non
1072 3200 1098 3228 a
1127 3199 1264 3240 regno
1297 3188 1421 3240 inito,
1454 3187 1534 3228 sed
1564 3199 1590 3227 a
1621 3187 1790 3239 nuptiis
1818 3186 2064 3238 Epiphanis

10 3267 13 3273 ¹
89 3253 170 3296 hos
200 3268 363 3298 novem
395 3269 539 3299 annos
569 3261 798 3300 numerari
829 3261 1061 3313 statuerat,
1093 3260 1308 3301 refutavit
1329 3260 1578 3311 Drumann,
1610 3260 1688 3310 qui
1716 3258 1953 3299 verissime
1985 3257 2064 3299 ob-

0 3336 15 3360 ‘·-
91 3330 239 3369 servat
266 3330 414 3370 totum
445 3330 630 3370 titulum
660 3332 817 3372 testari
847 3343 1000 3384 regem
1031 3344 1136 3373 cum
1175 3333 1286 3373 haec
1318 3332 1668 3372 decernerentur
1697 3331 1935 3370 etiamtum
1966 3341 2064 3372 cae-

89 3397 225 3440 libem
255 3400 406 3442 fuisse.
542 3405 595 3441 47
637 3403 702 3443 De
731 3404 818 3445 hoc
849 3404 1103 3446 sacerdotio
1136 3404 1188 3445 cf.
1223 3416 1263 3445 n.
1288 3403 1384 3444 565.
1531 3406 1582 3442 48
1623 3402 1888 3444 Letronnius
1919 3404 2063 3444 nomi-

0 3532 1 3539 *
91 3471 291 3512 nativum
320 3468 463 3529 Ἀέτης
494 3484 593 3515 esse
624 3476 848 3529 opinatur,
879 3477 1168 3518 Drumannus
1201 3477 1318 3516 inter
1348 3488 1414 3520 -ος
1446 3477 1491 3515 et
1519 3488 1593 3530 -ης
1624 3474 1865 3527 ambiguus
1896 3476 2063 3528 haeret,

0 3550 20 3620 'l
93 3542 170 3582 sed
197 3545 310 3585 mihi
339 3557 429 3586 non
460 3546 650 3587 dubium
682 3548 874 3602 videtur,
914 3551 1024 3602 quin
1053 3545 1194 3595 Ἄετος
1226 3559 1333 3589 vera
1363 3547 1509 3588 forma
1547 3548 1619 3600 sit,
1658 3548 1926 3600 praesertim
1957 3549 2064 3600 quia

18 3622 19 3634 ¹
94 3613 335 3657 admodum
371 3618 628 3671 frequentes
669 3622 774 3661 sunt
814 3622 1080 3663 animalium
1120 3621 1442 3674 appellationes
1488 3620 1723 3661 nominum
1770 3621 2062 3674 propriorum

93 3683 390 3729 humanorum
423 3690 602 3731 vicibus
633 3690 879 3745 fungentes.
