2314 3970
234 210 302 261 98
915 210 964 250 11.
1011 209 1212 260 Regnum
1244 208 1526 259 Lagidarum.
2137 208 2206 261 [56

377 382 521 433 εἰπαν
534 384 600 416 2⁰·
642 379 814 448 ἐπειδὴ
860 376 1093 440 βασιλεὺς
1124 376 1435 446 Πτολεμαῖος
1472 376 1788 447 Πτολεμαίου
1822 377 1908 430 καὶ
1940 374 2208 448 Ἀρσινόης,

376 467 508 518 θεῶν
557 462 833 534 Ἀδελφῶν,
876 463 881 533 Ι
930 461 1015 515 καὶ
1069 462 1335 533 βασίλισσα
1383 460 1624 533 Βερενίκη
1673 465 1704 533 ἡ
1757 463 1950 533 ἀδελφὴ
1967 464 2013 499 ²¹
2059 463 2210 515 αὐτοῦ

377 551 462 604 καὶ
517 552 656 621 γυνή,
711 548 821 602 θεοὶ
876 547 1224 620 Εὐεργέταιῖἳ,
1285 551 1593 602 διατελοῦσιν
1648 546 1812 602 πολλὰ
1868 548 1955 601 καὶ
2013 547 2212 619 μεγάλα

377 638 745 708 εὐεργετοῦντες
801 633 864 687 τὰ
914 632 1046 688 κατὰ
1092 635 1181 706 τὴν
1227 635 1400 706 χώραν
1452 631 1564 705 ἱερὰ
1611 633 1698 688 καὶ
1737 634 1744 707 Ι
1784 632 1875 695 τὰς
1919 631 2068 704 τιμὰς
2115 639 2211 687 τῶν

376 724 507 774 θεῶν
556 721 638 774 ἐπὶ
686 722 855 775 πλεῖον
870 724 916 758 ²3
963 721 1205 789 αὔξοντες,
1250 724 1337 774 τοῦ
1383 741 1436 773 τε
1462 715 1634 781 Ἄπιος
1678 721 1765 774 καὶ
1801 725 1887 774 τοῦ
1928 719 2213 791 Μνηόιος24

379 807 462 861 καὶ
506 812 601 860 τῶν
652 810 837 860 λοιπῶν
887 808 1160 878 ἐνλογίμων
1213 808 1356 878 ἱερῶν
1404 808 1565 866 ζώιων
1613 811 1708 860 τῶν
1758 809 1809 860 ἐν
1859 812 1941 877 τῆι
1987 808 2214 878 χώραι25

233 996 289 1037 ab
320 998 419 1049 ipso
452 996 706 1037 Ptolemaeo
737 996 959 1047 Euergeta
989 997 1034 1036 et
1063 995 1275 1036 Berenice
1306 995 1538 1036 conditum
1561 1005 1674 1048 esse,
1705 1005 1845 1048 quare
1866 995 2072 1037 hocloco
2106 993 2213 1051 ἱερὸν

231 1074 315 1110 τῶν
347 1065 592 1125 Εὐεργετῶν
625 1068 803 1122 dicitur,
835 1069 914 1120 qui
945 1068 1041 1109 sine
1073 1067 1212 1108 dubio
1235 1068 1280 1108 in
1312 1078 1366 1108 eo
1401 1065 1603 1113 συννάους
1635 1065 1762 1113 θεοὺς
1793 1067 1981 1109 Osiridis
2012 1078 2061 1108 sc
2091 1068 2216 1120 ipsos

233 1141 575 1182 constituerant.
723 1143 774 1180 20
814 1139 1012 1192 Antiquo
1044 1150 1174 1180 more
1211 1139 1468 1180 civitatium
1499 1139 1772 1180 Graecarum
1813 1150 1932 1180 unus
1970 1140 2108 1181 homo
2142 1151 2217 1180 ro·

233 1213 460 1265 gationem
498 1212 613 1253 ferre
653 1212 784 1264 solet,
824 1212 878 1252 de
917 1223 1007 1264 qua
1045 1211 1206 1252 deinde
1248 1211 1445 1264 populus
1476 1211 1702 1263 suffragiis
1743 1212 1839 1252 suis
1870 1212 2083 1252 decernit.
2143 1212 2218 1252 In-

232 1286 478 1325 veniuntur
508 1295 615 1325 sane
645 1284 782 1325 etiam
813 1284 1034 1336 exempla,
1065 1283 1145 1324 ubi
1176 1283 1330 1336 plures
1361 1285 1439 1324 aut
1469 1285 1617 1325 totum
1648 1284 1888 1335 collegium
1918 1284 1989 1324 his
2010 1283 2217 1336 partibus

233 1356 493 1408 mnguntur‚
535 1357 592 1396 ut
625 1354 752 1408 Syll.2
782 1359 877 1407 226,
905 1358 941 1395 4.
975 1358 1020 1395 2:
1064 1353 1105 1396 οἱ
1145 1352 1349 1411 ἄρχοντες
1385 1354 1458 1396 καὶ
1489 1354 1530 1396 οἱ
1568 1353 1675 1396 ἑπτὰ
1706 1353 1841 1396 εἶπαν.
1902 1356 1959 1396 At
1988 1366 2218 1408 nusquam

233 1427 379 1467 eidem
400 1429 506 1468 sunt
527 1428 607 1479 qui
639 1427 695 1467 ad
725 1426 970 1468 concilium
997 1426 1183 1479 aliquod
1213 1426 1363 1467 ferunt
1391 1428 1437 1468 et
1466 1427 1546 1479 qui
1576 1427 1672 1468 suis
1699 1426 1923 1480 suffragiis
1955 1438 2053 1468 rem
2074 1429 2218 1468 trans-

234 1500 375 1552 igunt,
417 1500 632 1551 quoniam
664 1498 711 1539 id
742 1498 838 1538 sine
868 1498 1008 1539 dubio
1040 1509 1176 1539 sensu
1207 1509 1389 1540 cassum
1419 1500 1500 1540 est.
1553 1499 1638 1540 Sed
1663 1499 1738 1540 hic
1769 1510 1927 1540 omnes
1958 1499 2218 1540 sacerdotes

234 1572 396 1622 rogant
426 1569 574 1622 (εἶπαν)
607 1571 809 1622 itemque
840 1580 999 1611 omnes
1031 1570 1292 1611 decernunt.
1354 1569 1487 1618 Quod
1519 1571 1647 1612 aliter
1682 1571 1898 1624 explicari
1938 1572 2098 1624 nequit
2133 1571 2219 1612 nisi

233 1654 288 1682 ex
319 1643 615 1694 praepostera
646 1641 947 1682 formularum
979 1644 1302 1683 consuetarum
1332 1642 1568 1695 memoria,
1611 1654 1728 1695 quae
1769 1654 1859 1684 non
1897 1643 2018 1684 cadit
2057 1643 2143 1684 nisi
2174 1644 2219 1683 in

234 1714 466 1754 hominem
483 1714 704 1754 Graecum
723 1713 788 1765 (cf.
811 1716 905 1754 not.
922 1713 973 1765 9).
1085 1717 1130 1754 24
1171 1713 1232 1755 Cf.
1250 1726 1292 1755 n.
1305 1717 1355 1755 60
1367 1712 1398 1755 3.
1509 1717 1561 1754 22
1594 1713 1655 1755 Cf.
1673 1716 1817 1758 not.5.
1928 1717 1981 1754 23
2016 1711 2144 1756 πλέον
2161 1711 2218 1756 Α.

236 1788 287 1825 24
329 1785 486 1826 Eidem
507 1785 653 1826 boves
682 1786 799 1826 sacri
820 1785 957 1826 etiam
978 1797 1020 1826 v.
1046 1788 1112 1828 53.
1138 1787 1190 1825 54
1212 1787 1258 1826 et
1278 1796 1321 1826 n.
1344 1789 1412 1837 90,
1437 1789 1481 1825 34
1515 1786 1646 1838 quasi
1667 1787 1897 1839 principes
1928 1787 2046 1827 inter
2068 1787 2221 1828 omnia

235 1857 458 1911 animalia,
497 1868 615 1909 quae
662 1858 708 1897 in
749 1857 940 1897 deorum
977 1867 1060 1909 per
1100 1857 1362 1910 Aepyptum
1405 1857 1606 1898 delubris
1655 1857 1904 1911 alebantur,
1951 1859 2218 1900 nominatim

234 1928 495 1970 efferuntur.
556 1929 620 1969 De
649 1928 735 1981 Api
765 1928 869 1970 inde
906 1928 963 1970 ab
994 1929 1221 1970 Herodoto
1253 1930 1304 1982 ΙΙ,
1335 1932 1432 1970 453.
1474 1930 1545 1982 ΙΙΙ,
1570 1932 1621 1970 27
1642 1940 1740 1982 sqq.
1773 1933 1838 1970 33.
1864 1932 1916 1970 64
1954 1931 2220 1983 pervulgata
2289 1954 2294 1957 Δ

234 2003 304 2041 est
335 2001 451 2041 iuter
482 2001 676 2042 Graecos
715 1999 846 2054 fama,
883 2001 1148 2053 proximum
1185 2011 1296 2042 vero
1340 2003 1444 2053 post
1482 2012 1588 2042 eum
1624 2001 1811 2042 honoris
1849 2002 2002 2042 locum
2039 2002 2221 2044 tenebat
2287 2006 2293 2022 “·

235 2074 406 2114 Mnevis
437 2073 810 2125 Heliopolitanus.
871 2072 932 2113 Cf.
965 2073 1077 2113 Plut.
1110 2073 1166 2114 de
1196 2073 1313 2114 Iside
1344 2075 1389 2114 et
1419 2073 1594 2114 Osiride
1625 2083 1661 2114 c.
1687 2077 1739 2113 33
1771 2084 1815 2126 p.
1841 2074 1994 2114 3643:
2045 2073 2067 2116 ὁ
2109 2069 2139 2114 δ’
2175 2074 2218 2116 ἐν

228 2140 383 2187 ιΗλίου
416 2142 539 2185 πόλει
567 2143 823 2202 τρεφόμενος
854 2142 968 2199 βοῦς,
1010 2142 1055 2185 ὃν
1086 2140 1247 2187 Μνεῦιν
1286 2143 1486 2186 καλοῦσιν
1528 2139 1753 2203 (Ὀσίριδος
1792 2139 1822 2186 δ’
1860 2143 1986 2203 ἱερόν,
2029 2144 2134 2188 ἔνιοι
2173 2144 2220 2188 δὲ

233 2216 306 2258 καὶ
335 2219 409 2257 τοῦ
438 2211 609 2261 Ἄπιδος
640 2215 804 2272 πατέρα
833 2213 1077 2270 νομίζουσι),
1115 2213 1248 2271 μέλας
1279 2215 1365 2257 ἐστὶ
1395 2215 1468 2257 καὶ
1498 2214 1695 2272 δευτέρας
1733 2215 1823 2275 ἔχει
1852 2215 1979 2272 τιμὰς
2010 2216 2118 2272 μετὰ
2146 2217 2217 2259 τὸν

224 2279 360 2331 Ἆπιν.
422 2288 582 2329 Strabo
604 2287 738 2340 XVII,
763 2291 802 2340 4,
823 2290 876 2328 27
907 2298 952 2340 Ρ.
971 2291 1051 2328 805
1074 2288 1192 2329 Cas.:
1227 2285 1412 2330 ἐνταῦθα
1442 2282 1472 2328 δ’
1510 2286 1616 2329 ἐστὶν
1648 2286 1676 2343 ἡ
1707 2292 1782 2330 τοῦ
1807 2282 1966 2330 εΗλίου
1999 2287 2119 2336 πόλις
2150 2287 2220 2331 ἐπὶ

233 2361 437 2419 χώματος
468 2357 689 2416 ἀξιολόγου
719 2358 915 2415 κειμένη,
945 2358 993 2400 τὸ
1028 2357 1134 2415 ἱερὸν
1158 2357 1318 2417 ἔχουσα
1345 2362 1420 2401 τοῦ
1446 2354 1600 2401 Ἡλίου
1630 2359 1704 2401 καὶ
1733 2359 1803 2402 τὸν
1836 2359 1937 2416 βοῦν
1967 2360 2039 2402 τὸν
2062 2356 2218 2403 Μνεῦιν

237 2430 279 2473 ἐν
313 2431 434 2488 σηκῷ
463 2446 547 2473 τινι
575 2430 850 2488 τρεφόμενον,
891 2429 936 2477 ὃς
968 2425 1060 2487 παρ’
1087 2429 1232 2477 αὐτοῖς
1262 2430 1508 2486 νενόμισται
1538 2429 1652 2484 θεός,
1694 2431 1836 2487 ὥσπερ
1867 2431 1940 2474 καὶ
1970 2431 2012 2473 ἐν
2043 2429 2220 2490 Μέμφει
2267 2423 2275 2435 ‘⁵

237 2501 259 2544 ὁ
278 2493 416 2550 Ἆπις.
475 2503 641 2544 Aelian.
668 2503 776 2544 Hist.
804 2503 938 2544 anim.
969 2502 1044 2556 XI,
1071 2506 1113 2542 44
1154 2513 1196 2555 p.
1220 2506 1317 2556 275,
1341 2505 1417 2544 24:
1460 2500 1573 2544 ἀλλὰ
1601 2499 1762 2545 Μνεῦιν
1797 2501 1896 2559 βοῦν
1928 2534 1940 2546 .
1970 2503 2043 2546 καὶ
2071 2508 2218 2546 τοῦτον

236 2572 459 2632 Αἰγύπτιοι
483 2569 632 2616 Ἠλίου
662 2574 785 2631 φασὶν
819 2573 943 2630 ἱερόν,
985 2573 1075 2615 ἐπεὶ
1105 2573 1176 2615 τόν
1210 2589 1256 2632 γε
1277 2564 1405 2616 ἵΑπιν
1438 2572 1644 2631 ἀνάθημα
1674 2572 1782 2617 εἶναι
1812 2571 1982 2633 Σελήνῃ
2014 2574 2218 2633 λέγουσιν.

236 2648 469 2687 Drumann
498 2647 579 2686 Die
599 2646 810 2686 Inschrift
829 2657 920 2687 von
942 2646 1124 2686 Rosettc
1154 2657 1198 2698 p.
1224 2649 1318 2687 484.
1344 2650 1438 2688 486.
1557 2651 1609 2687 25
1651 2647 2078 2689 Commemorantur
2098 2648 2219 2701 apud

237 2719 483 2770 scriptores
514 2720 746 2770 praeterea
776 2717 920 2758 boves
952 2718 1082 2770 sacri,
1123 2717 1244 2770 apud
1274 2717 1541 2759 Strabonem
1571 2719 1706 2773 XVII,
1741 2723 1780 2773 4,
1805 2723 1858 2760 22
1890 2731 1934 2773 p.
1959 2723 2060 2761 803:
2103 2719 2143 2761 οἱ
2172 2718 2219 2760 δὲ
2266 2766 2277 2771 ,

236 2786 534 2845 Μωμεμφῖται
563 2787 639 2844 τὴν
670 2783 912 2846 Ἀφροδίτην
942 2794 1108 2843 τιμῶσι,
1147 2788 1220 2830 καὶ
1249 2787 1451 2846 τρέφεται
1481 2787 1635 2844 θήλεια
1668 2789 1768 2845 βοῦς
1802 2790 1907 2847 ἱεροί,
1950 2790 2144 2847 καθάπερ
2175 2790 2217 2833 ἐν
2258 2773 2286 2859 ἰ

237 2858 413 2918 Μέμφει
444 2853 632 2914 ὁτΑπις,
672 2858 715 2900 ἐν
745 2852 893 2901 Ἡλίου
927 2859 974 2901 δὲ
1003 2857 1130 2901 πόλει
1160 2857 1182 2901 ὁ
1213 2855 1389 2906 Μνεῦις.
1436 2864 1475 2913 4,
1500 2864 1550 2901 35
1583 2872 1628 2913 Ρ.
1653 2865 1734 2902 809
1766 2857 1842 2904 εἷθ’
1874 2861 1896 2903 ὁ
1926 2858 2219 2920 Ἀφροδιτοπο-
2260 2855 2278 2900 3¹·

237 2931 357 2989 λίτης
385 2932 516 2988 νομὸς
545 2931 617 2974 καὶ
645 2929 674 2987 ἡ
709 2929 935 2987 ὁμώνυμος
964 2929 1089 2978 πόλις
1119 2929 1162 2972 ἐν
1194 2931 1248 2988 τῇ
1278 2927 1461 2987 Ἀραβίᾳ,
1503 2930 1547 2973 ἐν
1577 2925 1606 2989 ᾗ
1638 2930 1772 2989 λευκὴ
1806 2934 1907 2990 βοῦς
1950 2933 2043 2990 ἱεροὶ
2070 2933 2219 2992 τρέφε·
2250 2892 2279 2992 ὲ
2308 2977 2314 2988 Γ

237 3019 319 3046 ται.
368 3009 406 3059 4,
431 3007 480 3045 47
515 3015 558 3057 p.
583 3007 662 3045 847
697 3004 813 3045 Cas.:
853 3002 960 3057 μετὰ
991 3001 1038 3044 δὲ
1069 3000 1215 3058 Θήβας
1240 2997 1478 3058 Ἑρμωνθὶς
1512 3002 1634 3050 πόλις
1664 3027 1723 3035 -
1750 3004 1944 3062 τρέφεται
1976 3004 2023 3047 δὲ
2051 3005 2125 3048 καὶ
2154 3006 2218 3048 ἐν-

237 3075 377 3120 ταῦθα
415 3074 515 3132 βοῦς
559 3078 604 3117 et
647 3076 880 3116 Aelianum
922 3075 1032 3116 Hist.
1072 3086 1140 3116 an.
1178 3075 1272 3128 XII,
1305 3079 1349 3116 44
1389 3087 1433 3128 Ρ.
1465 3079 1563 3129 298,
1593 3079 1645 3118 29
1686 3077 1903 3119 Hercher:
1961 3076 2130 3133 σέβουσι
2172 3077 2219 3120 δὲ
2251 3071 2255 3078 “

240 3145 465 3206 Αἰγύπτιοι
500 3146 572 3189 καὶ
610 3146 773 3203 μέλανα
806 3150 973 3202 ταῦρον,
1013 3145 1087 3188 καὶ
1127 3145 1330 3189 καλοῦσιν
1352 3143 1562 3205 Ὄνουφιν
1602 3147 1728 3190 αὐτόν
1753 3179 1762 3190 .
1784 3148 1856 3190 καὶ
1893 3148 1941 3191 τὸ
1980 3147 2114 3205 ὄνομα
2142 3152 2215 3191 τοῦ
2244 3134 2251 3187 ¹.
2275 3203 2278 3205 ,
2304 3139 2314 3165 '³

237 3221 383 3277 χώρου
416 3218 521 3263 ἔνθα
547 3218 748 3276 τρέφεται
767 3215 991 3275 Αἰγύπτιοι
1021 3217 1255 3276 λεγέτωσαν
1276 3216 1382 3274 ἡμῖν
1412 3216 1552 3274 λόγοι·
1582 3218 1717 3277 τραχὺ
1746 3219 1838 3277 γάρ.
1888 3222 2120 3262 Drumann
2140 3222 2167 3262 l.
2187 3221 2215 3262 l.

241 3293 304 3331 De
335 3292 432 3333 aliis
464 3291 703 3344 generibus
738 3293 918 3344 praeter
943 3291 1086 3332 boves
1117 3291 1170 3332 cf.
1192 3291 1373 3332 Diodor.
1395 3291 1426 3344 1,
1450 3293 1517 3345 84,
1542 3294 1589 3332 4:
1631 3290 1685 3333 τὰ
1716 3291 1763 3333 δὲ
1792 3291 1995 3348 γινόμενα
2024 3292 2118 3350 περὶ
2146 3291 2215 3334 τὸν
2244 3327 2247 3329 .
2300 3277 2304 3285 ³

230 3352 362 3404 ³Antv
392 3363 461 3404 τὸν
484 3362 525 3404 ἐν
547 3360 723 3419 Μέμφει
751 3362 825 3405 καὶ
852 3363 924 3404 τὸν
952 3359 1110 3405 Μνεῦιν
1140 3362 1211 3403 τὸν
1244 3360 1288 3403 ἐν
1312 3356 1459 3403 Ἡλίου
1490 3361 1629 3416 πόλει,
1658 3363 1730 3405 καὶ
1759 3363 1811 3405 τὰ
1841 3363 1936 3420 περὶ
1964 3363 2034 3406 τὸν
2063 3358 2235 3421 τράγον
2296 3373 2303 3397 -“

239 3433 310 3474 τὸν
343 3431 386 3473 ἐν
417 3430 619 3491 Μένδητι,
650 3433 753 3493 πρὸς
784 3433 831 3476 δὲ
865 3433 1033 3480 τούτοις
1059 3433 1130 3476 τὸν
1161 3431 1431 3492 κροκόδειλον
1461 3433 1532 3475 τὸν
1563 3433 1674 3477 κατὰ
1701 3434 1779 3491 τὴν
1810 3431 2018 3490 Μοίριδος
2061 3433 2230 3492 λίμνην,
2296 3423 2297 3426 ¹

239 3502 314 3545 καὶ
342 3503 412 3544 τὸν
432 3502 584 3546 λέοντα
611 3505 681 3547 τὸν
709 3505 968 3563 τρεφόμενον
999 3506 1043 3548 ἐν
1065 3504 1116 3564 τῇ
1146 3503 1394 3561 καλουμένη
1414 3502 1609 3548 Λέοντων
1632 3505 1767 3560 πόλει,
1797 3505 2029 3548 καὶπολλὰ
2048 3499 2230 3549 τοιαῦθ’“

244 3573 377 3631 ἕτερα,
415 3574 699 3632 διηγήσασθαι
733 3577 808 3632 μὲν
846 3576 1031 3635 εὐχερές,
1071 3574 1381 3634 ἀπαγγείλαντα
1412 3575 1457 3618 δὲ
1488 3576 1763 3634 πιστευθῆναι
1793 3576 1907 3636 παρὰ
1935 3581 2026 3625 τοῖς
2059 3577 2119 3636 μὴ
2149 3588 2231 3622 'te-¹
2292 3625 2296 3634 Ἰ,

246 3643 468 3703 θεαμένοις
499 3645 717 3690 δύσκολον.
