2314 3970
102 219 206 271 235]
547 218 794 260 Antiochus
826 219 882 259 III
915 219 1099 271 Magnus
1131 218 1371 269 (223-487
1395 229 1432 258 a.
1454 216 1555 258 Chr.
1578 216 1649 267 n.).
1983 217 2086 268 389

103 393 440 445 Pausimachus,
499 392 591 434 ulla
649 392 823 435 ratione
878 404 984 435 cum
1035 393 1120 435 hac
1168 392 1539 446 interpretatione
1589 391 1818 433 conciliari
1878 393 2086 445 possunt.

103 469 156 506 22
198 465 284 514 Qui
326 464 527 506 decernit
555 466 607 505 ut
638 465 809 518 aliquid
838 465 928 519 fiat,
967 465 1307 519 perfrequenter
1338 476 1420 518 per
1456 465 1865 518 breviloquentiam
1904 465 2002 517 ipse
2042 465 2086 506 id

101 538 248 581 facere
279 537 462 589 dicitur;
504 538 657 590 itaque
686 537 1016 580 infinitivorum
1047 535 1286 594 ἀναγράψαι
1316 538 1362 578 01
1391 534 1640 579 ἀποστεῖλαι
1681 537 1940 579 subiectum
1982 538 2090 578 sunt

101 610 455 663 Amphictiones,
496 609 553 650 ad
591 621 707 662 quos
747 609 942 652 refertur
981 610 1171 663 pluralis
1211 607 1592 666 σφραγισαμένους.
1653 609 1777 658 Quae
1821 610 1935 651 ratio
1975 610 2088 650 mihi

8 667 11 733 ἶ
100 683 245 724 11111110
276 682 660 724 accommodatior
681 682 864 725 videtur
884 684 1090 724 actorum
1111 681 1401 735 publicorum
1424 683 1637 736 sermoni,
1670 694 1808 736 quam
1828 682 2087 736 Baunackii,

101 756 180 809 qui
211 752 572 812 σφραγισαμένους
602 767 685 809 pro
719 753 1055 813 σφραγισάμενον
1087 753 1176 795 dici
1207 754 1432 808 opinatur,
1473 756 1558 796 etsi
1596 766 1716 797 unus
1754 756 1892 797 modo
1937 755 2087 797 scriba

10 850 13 891 3
103 828 240 869 fuerit
270 827 326 881 (v.
350 827 403 881 9),
436 828 543 881 quia
573 828 612 869 is
641 840 732 869 una
763 839 868 869 cum
900 827 986 869 alio
1019 827 1202 868 homine
1233 827 1307 867 cui
1337 827 1471 879 legati
1502 827 1548 868 id
1580 828 1896 870 mandaverint
1925 840 1978 870 eo
2010 839 2087 870 ne-

11 922 13 955 1
101 901 222 953 gotio
254 899 436 941 functus
467 900 538 941 sit.
686 903 739 940 23
780 900 1032 940 statuarius
1063 899 1295 951 ceteroqui
1325 899 1519 953 ignotus,
1552 901 1631 952 qui
1660 902 1857 942 statuam
1877 900 2085 943 Antiochi

101 973 219 1024 regis
251 972 306 1024 (v.
331 972 399 1024 26)
431 972 697 1026 confecerat,
736 971 869 1013 cuius
899 971 998 1025 basi
1035 971 1123 1012 1100
1152 971 1386 1012 decretum
1416 972 1697 1024 insculptum
1729 974 1798 1014 est
1828 973 1886 1025 (v.
1912 977 1977 1014 32.
2005 974 2085 1024 33).

210 1187 322 1243 235
373 1193 596 1242 Marmor
621 1192 807 1258 album,
842 1192 1110 1257 integrum,
1150 1192 1288 1257 quod
1314 1192 1572 1258 quondam
1600 1191 1850 1242 efficiebat
1883 1196 2084 1258 partem

16 1288 19 1346 ζ
101 1279 358 1329 sinistram
385 1279 616 1345 epistylii,
658 1278 1032 1329 inaedificatum
1056 1277 1316 1343 Amyzone
1343 1274 1818 1345 (Maxyn-Kalessi)
1859 1280 1911 1328 in
1936 1294 2083 1329 muro

18 1390 19 1430 3
101 1366 379 1432 Byzantino
417 1366 485 1415 ad
522 1366 816 1415 orientalem
848 1366 979 1415 arcis
1016 1369 1231 1432 partem.
1296 1365 1338 1414 A
1377 1366 1558 1416 dextra
1597 1366 1697 1416 duo
1736 1367 1960 1417 eiusdem
1996 1382 2085 1432 ge-

18 1485 21 1498 .
101 1455 236 1504 neris
272 1453 467 1520 lapides
505 1454 727 1503 adiuncti
767 1453 986 1520 fuerunt,
1025 1468 1118 1519 per
1151 1468 1280 1519 quos
1318 1454 1447 1506 tituli
1486 1454 1924 1504 continuabantur.
1989 1454 2079 1504 Ed.

19 1612 22 1627 Ι
102 1541 156 1592 Ε.
184 1540 444 1591 Fabricius
482 1540 944 1606 Sitzungsberichte
983 1541 1072 1591 der
1109 1542 1216 1606 Kgl.
1259 1540 1535 1591 Akademie
1572 1542 1662 1591 der
1699 1544 1779 1592 W.
1816 1558 1880 1592 zu
1917 1542 2083 1592 Berlin

108 1628 242 1678 4894
283 1644 334 1695 p.
366 1627 468 1678 945
507 1643 557 1678 11.
586 1628 621 1677 Ι.

186 1775 208 1823 Ι
238 1767 445 1842 Ἱδριεὺς
472 1767 819 1841 Ἑκατό[μνω1
854 1801 1115 1810 --------
1154 1769 1435 1840 ἀνέθηκεν].

164 1860 207 1910 11
245 1856 416 1916 Ζεῦξις
476 1855 711 1928 Κυνάγου
764 1856 1050 1911 Μακεδὼν2
1098 1855 1213 1916 τοὺς
1271 1854 1454 1928 ἀγροὺς
1504 1858 1615 1925 τῶ[ι
1666 1857 1795 1910 θεῶι
1805 1887 2083 1896 --------

243 1943 676 2014 &uexarent-quw}

212 2105 386 2148 Titulus
417 2100 645 2160 antiquior
675 2105 720 2158 (Ι)
751 2106 913 2147 litteris
934 2104 1251 2159 grandioribus
1272 2104 1443 2158 volgari
1470 2105 1639 2146 saeculi
1670 2117 1708 2146 a.
1732 2103 1834 2147 Chr.
1857 2117 1899 2147 n.
1932 2107 2083 2158 quarti

98 2178 242 2221 forma
271 2179 454 2222 incisus.
506 2179 556 2220 In
584 2179 716 2220 titulo
746 2179 998 2221 recentiore
1021 2178 1085 2231 (ΙΙ)
1117 2178 1225 2220 110111
1249 2178 1456 2231 volgares
1482 2177 1737 2219 litterarum
1758 2178 1930 2220 formae
1952 2190 2081 2232 prae-

28 2227 31 2305 ⁸3
98 2253 167 2294 ter
195 2253 292 2306 ΞΣ,
324 2252 404 2294 sed
434 2252 610 2294 minore
640 2252 829 2294 modulo
859 2253 1070 2294 exaratae
1092 2253 1137 2292 et
1156 2251 1202 2292 in
1223 2250 1390 2293 finibus
1411 2251 1647 2293 hastarum
1668 2252 1884 2293 tenuibus
1906 2252 2082 2294 lineolis

30 2316 32 2371 ἶ
97 2325 371 2366 transversis
403 2326 602 2366 ornatae.
779 2328 795 2365 4
835 2324 1008 2365 Idrieus
1039 2323 1307 2365 Hecatomni
1344 2322 1479 2377 filius,
1517 2324 1747 2365 Maussolli
1785 2323 1936 2378 frater,
1976 2326 2084 2378 post

96 2396 364 2439 Artemisiae
379 2398 575 2439 mortem
596 2408 714 2439 anno
741 2400 813 2438 354
837 2409 876 2438 3.
888 2397 989 2439 Chr.
1002 2408 1044 2438 n.
1070 2398 1252 2450 satrapa
1273 2396 1428 2438 Cariae
1449 2395 1595 2438 factus
1620 2408 1736 2438 anno
1762 2399 1843 2438 344
1867 2409 1904 2438 3.
1924 2396 2024 2439 Chr.
2039 2410 2081 2442 n.

99 2469 305 2512 decessit.
377 2469 438 2511 Cf.
480 2468 608 2523 Syll.2
641 2469 763 2510 5731.
829 2469 897 2511 W.
928 2469 1118 2511 Judeich
1161 2469 1532 2511 Kleinasiatische
1580 2469 1765 2510 Studien
1810 2481 1852 2523 p.
1880 2472 1963 2510 226
1982 2481 2081 2523 sqq.

98 2545 123 2582 2
162 2542 295 2597 Apud
325 2542 567 2596 Polybium
599 2542 857 2595 frequenter
886 2542 933 2583 in
952 2541 1163 2584 Antiochi
1183 2542 1241 2582 111
1271 2542 1418 2595 Magni
1449 2541 1587 2584 rebus
1618 2541 1880 2583 enarrandis
1911 2543 2080 2583 mentio

98 2614 149 2656 fit
178 2614 385 2656 zeuxidis
416 2616 672 2669 cuiuspiam
693 2615 974 2656 exercituum
1007 2614 1150 2669 ducis,
1182 2626 1320 2667 quem
1342 2615 1453 2668 quin
1482 2616 1558 2656 hic
1587 2615 1822 2656 teneamus
1854 2625 1908 2656 eo
1929 2615 2082 2657 minus

98 2687 295 2730 dubitari
325 2687 442 2742 licet,
483 2688 591 2742 quia
620 2688 666 2729 et
694 2687 831 2729 huius
860 2687 985 2728 tituli
1015 2688 1060 2728 et
1089 2687 1288 2741 proximi
1319 2699 1361 2728 n.
1393 2690 1474 2728 236
1516 2687 1771 2729 litteratura
1807 2686 2006 2740 perbene
2036 2689 2082 2729 in

98 2760 173 2803 illa
201 2762 410 2814 tempora
439 2760 643 2815 quadrat.
694 2759 778 2809 Qui
809 2771 916 2802 cum
946 2771 1064 2802 anno
1089 2763 1169 2800 220
1193 2772 1232 2801 3.
1250 2759 1351 2802 Chr.
1374 2772 1416 2800 n.
1447 2760 1494 2802 in
1517 2759 1638 2801 bello
1662 2760 1882 2802 adversus
1902 2761 2083 2802 Molona

98 2834 327 2888 satrapam
355 2834 434 2888 qui
463 2832 762 2875 rebellaverat
790 2844 942 2886 regem
971 2833 1147 2875 fortiter
1177 2844 1230 2875 ac
1259 2834 1442 2874 strenue
1471 2832 1723 2875 adiuvisset
1753 2832 1855 2884 (Pol.
1873 2833 1925 2887 V,
1949 2835 2016 2886 45,
2043 2836 2081 2874 4.

100 2907 167 2959 46,
192 2909 256 2948 44.
298 2908 366 2960 47,
388 2909 428 2947 5.
470 2907 536 2959 48,
561 2908 628 2947 40.
650 2909 718 2947 42.
759 2909 826 2959 54,
850 2908 888 2947 5.
932 2908 1000 2959 52,
1023 2908 1062 2947 4.
1105 2908 1173 2959 53,
1198 2909 1236 2946 6.
1276 2907 1345 2959 54,
1370 2905 1407 2957 4)
1447 2916 1500 2947 30
1540 2905 1702 2947 deinde
1732 2905 1960 2946 Seleuciae
2000 2905 2080 2946 ob-

40 3006 41 3011 1
98 2977 264 3020 sidioni
294 2978 572 3020 interfuisset
603 2978 708 3031 (Pol.
730 2978 781 3032 V,
806 2981 873 3031 60,
897 2977 950 3032 4),
981 2980 1144 3032 postea
1164 2990 1190 3020 a
1211 2989 1316 3032 rege
1335 2977 1504 3032 Lydiae
1525 2979 1772 3032 satrapiam
1803 2978 2079 3032 impetravit,

40 3065 42 3074 ’
100 3049 154 3095 cf.
174 3051 264 3092 Pol.
285 3050 402 3104 XXI,
426 3054 493 3104 46,
518 3052 540 3090 4
573 3047 722 3100 Ζεῦξις
753 3048 776 3092 ὁ
807 3047 1012 3107 πρότερον
1044 3047 1249 3108 ὑπάρχων
1271 3047 1431 3097 Λυδίας
1462 3048 1692 3108 σατράπης.
1744 3050 1838 3092 Liv.
1861 3049 2079 3103 XXXVII,

42 3131 45 3156 2
100 3123 168 3176 45,
190 3126 215 3165 5
255 3119 420 3166 Zeumis
456 3120 539 3178 qui
568 3120 824 3178 praefectus
862 3119 1036 3178 Lydiae
1070 3121 1234 3177 fuerat.
1296 3123 1361 3164 Ex
1399 3123 1487 3163 1100
1516 3122 1649 3164 titulo
1692 3122 1910 3163 discimus
1941 3122 2079 3163 etiam

98 3192 328 3249 Amyzona
357 3197 477 3238 intra
507 3195 605 3237 eius
627 3196 851 3248 satrapiae
870 3196 1092 3237 terminos
1112 3195 1264 3237 fuisse.
1316 3195 1507 3236 Omnino
1530 3196 1711 3248 praeter
1731 3193 1920 3248 Lydiam
1942 3195 2079 3236 etiam

44 3319 45 3324 ¹
101 3268 424 3311 occidentalem
455 3268 608 3310 Cariae
638 3268 816 3322 partem
846 3268 1030 3310 Zeuxidi
1059 3269 1265 3322 paruisse
1286 3267 1413 3308 Fabr.
1446 3268 1568 3308 recte
1598 3267 1702 3308 inde
1732 3266 1924 3320 collegit,
1956 3267 2081 3320 quod

99 3337 330 3394 Philippus
360 3341 577 3383 Demetrii
607 3340 634 3381 f.
666 3339 961 3382 Macedonum
991 3351 1084 3395 rex,
1124 3352 1231 3382 cum
1265 3351 1380 3381 anno
1413 3336 1536 3394 2⁰2l⁴
1568 3351 1605 3381 a.
1636 3338 1738 3380 Chr.
1773 3350 1816 3380 n.
1857 3338 2078 3380 adversus

98 3409 296 3453 Attalum
325 3414 344 3453 I
374 3413 544 3454 bellum
576 3423 733 3466 gerens
763 3413 996 3467 Bargyliae
1026 3414 1262 3466 hiemaret,
1300 3412 1623 3464 commeatum,
1666 3411 1746 3464 qui
1777 3422 1833 3451 ex
1871 3412 2006 3464 pacto
2037 3412 2079 3452 ei

101 3481 159 3524 ab
185 3482 404 3527 Antiocho
437 3484 699 3539 debebatur,
731 3497 758 3527 a
787 3486 980 3527 Zeuxide
1007 3486 1302 3540 potissimum
1330 3484 1478 3537 exegit
1512 3483 1684 3536 (Polyb.
1695 3482 1910 3537 XV1,⁴,8.
1943 3483 2076 3537 24,6).

47 3533 54 3608 i
103 3553 268 3597 Tamen
301 3568 405 3599 eum
446 3560 595 3600 animo
632 3559 896 3611 neutiquam
933 3559 1132 3613 propitio
1173 3569 1279 3610 erga
1317 3557 1576 3610 Philippum
1615 3555 1754 3597 fuisse
1794 3557 1983 3610 apparet
2022 3567 2077 3597 ex

49 3614 53 3668 ⁵:
100 3625 279 3683 ,Polybii
305 3631 561 3676 narratione
603 3630 730 3684 (XVI,
754 3634 791 3684 4,
814 3634 839 3672 9
877 3629 900 3674 ὁ
932 3629 979 3673 δὲ
1008 3628 1162 3680 Ζεῦξις
1204 3626 1449 3688 ὑπεκρίνετο
1492 3627 1569 3685 μὲν
1608 3631 1743 3670 ποιεῖν
1772 3626 1826 3670 τὰ
1861 3626 1973 3671 κατὰ
2001 3626 2076 3674 τὰς

105 3695 332 3756 συνθήκας,
368 3699 447 3744 οὐκ
477 3700 674 3758 ἐβούλετο
707 3701 754 3744 δὲ
784 3706 1097 3758 σωματοποιεῖν
1135 3700 1352 3759 ἀληθινῶς
1389 3700 1462 3743 τὸν
1495 3697 1720 3754 Φίλιππον)
1762 3700 1954 3754 ideoque
1985 3712 2074 3742 11011
