2314 3970
255 219 359 270 290
934 218 1004 257 111.
1048 216 1196 257 NubIa
1228 219 1273 257 et
1302 216 1548 270 Aethiopia.
2120 217 2219 269 [⁴99

355 388 507 458 ταμὸν
618 383 799 456 διαβὰς
909 386 1127 444 ὑπέταξα
1154 428 1164 438 .
1192 385 1365 439 ἔπειτα
1418 386 1688 455 †0[w]13m
1711 386 1835 458 ἔθνη
1865 388 1995 456 [ἕω]ς
2020 387 2145 457 τῆ[ς]
2176 388 2265 456 σή-

357 472 665 536 Λασινὲῖὅ-Ὴῦ
720 471 805 524 καὶ
868 470 1040 525 Ζαοί26
1095 472 1179 524 καὶ
1221 472 1225 542 Ι
1270 471 1366 525 Γα-
1500 473 1684 544 με[ρον]
1727 474 1882 533 οὕτως
1919 475 2187 526 καλοῦνται
2222 476 2268 524 R

358 558 490 631 βαλά
505 561 564 623 ²⁷,
623 559 877 618 οἰκοῦντας
938 553 1051 629 παρ’
1119 558 1367 629 ὅρε-;<ι·3>ι28
1421 554 1480 623 †‘¹
1502 557 1647 628 [το]ὺς
1720 557 1990 630 Βλέμμυας
2005 561 2049 595 3²
2111 557 2268 629 ,ωσὶχ

353 647 552 716 θερμῶν
630 644 823 697 ὑδάτων
894 645 1147 715 βλύοντι29
1207 644 1292 697 καὶ
1359 645 1363 714 Ι
1496 645 1730 698 καλοῦσιν
1766 646 1813 698 οἱ
1839 642 2268 714 ΑἰθίοπεςζΤαγ-

354 731 648 802 καταρρύτῳ
662 733 722 798 30,
755 727 981 800 Ἀταλμὼ
995 729 1108 796 31†‘¹
1145 730 1231 783 καὶ
1270 729 1367 784 Βε-
1497 728 1704 800 [γαΐτα]ς
1746 732 1890 784 καλεῖ
1926 730 2040 790 τοὺς
2060 728 2196 782 Ἀτια
2216 768 2229 781 .
2250 767 2264 782 .

352 814 419 887 γᾶ
434 819 478 854 33
545 815 631 870 καὶ
706 813 770 868 τὰ
844 815 930 869 σὺν
1006 818 1171 876 αὐτοῖς
1240 816 1364 886 ἔθνη
1496 815 1583 868 καὶ
1620 814 1734 876 τοὺς
1764 814 1914 888 Ἀδρα
1940 859 1950 869 .
1981 858 1992 869 .
2025 839 2046 876 ς
2085 820 2123 868 F

251 1022 472 1074 intellego.
535 1022 745 1063 Ceterum
778 1022 931 1062 omnia
968 1032 1084 1074 quae
1113 1032 1259 1074 usque
1300 1021 1356 1062 ad
1386 1022 1507 1062 hunc
1543 1021 1696 1062 locum
1735 1023 2072 1074 enumerantur,
2110 1022 2226 1062 intra

252 1095 482 1147 regionem
504 1105 620 1147 quae
650 1094 785 1135 hodie
810 1091 939 1149 Tiyre
969 1094 1220 1147 appellatur
1240 1094 1430 1146 eiusque
1450 1093 1710 1146 proximam
1732 1093 1943 1134 viciniam
1965 1095 2082 1134 sunt.
2132 1094 2225 1134 Iam

252 1178 357 1208 cum
399 1167 490 1208 fere
520 1177 677 1208 omnes
707 1168 804 1207 eius
835 1168 1000 1219 partes,
1041 1167 1177 1207 etiam
1218 1166 1316 1207 illas
1347 1176 1463 1218 quae
1504 1166 1711 1219 proxime
1748 1165 2026 1218 attingebant
2067 1177 2225 1218 agrum

253 1239 409 1292 oppidi
438 1239 765 1291 Axomitarum,
798 1238 1056 1290 singillatim
1087 1238 1160 1278 hic
1191 1250 1216 1278 a
1246 1249 1295 1279 se
1325 1237 1509 1278 demum
1541 1237 1752 1278 subactas
1779 1239 1972 1278 testetur
2002 1249 2094 1290 rex,
2125 1248 2226 1290 per-

250 1311 441 1364 spicitur
471 1311 593 1363 quod
623 1311 696 1351 ille
728 1323 753 1351 a
782 1309 1017 1363 prioribus
1047 1310 1215 1362 regulis
1247 1310 1301 1361 (v.
1326 1310 1392 1361 30)
1424 1311 1659 1362 acceperat
1688 1310 1932 1362 imperium
1963 1311 2228 1362 angustissi-

251 1395 351 1425 mos
381 1383 491 1424 fines
523 1382 748 1424 habuisse.
799 1382 1037 1424 Dillmann.
1204 1385 1256 1423 25
1300 1384 1504 1434 Ignotam
1541 1392 1641 1423 esse
1680 1382 1795 1423 hanc
1828 1383 2007 1434 gentem
2039 1382 2225 1435 profite-

249 1458 327 1496 tur
364 1456 645 1497 Dillmannus
697 1455 877 1496 reiectis
927 1455 1235 1508 antiquiorum
1279 1453 1571 1507 opinionibus
1620 1466 1644 1496 a
1687 1454 1980 1495 similitudine
2023 1456 2219 1496 nominis

250 1528 514 1580 neutiquam
559 1526 877 1580 probabilibus
916 1524 1088 1578 (Baxen
1128 1527 1187 1567 St.
1220 1527 1395 1580 Martin,
1441 1523 1582 1569 Lasia
1621 1529 1666 1567 et
1702 1523 1830 1568 Ama
1868 1538 1959 1568 von
1999 1527 2224 1579 Kloeden).

252 1603 304 1640 26
344 1601 530 1641 Flumen
573 1596 740 1641 Tsocha
776 1599 822 1640 in
865 1600 1071 1640 orientali
1106 1599 1305 1651 regionis
1335 1596 1576 1654 Beyemder
1616 1601 1744 1651 parte
1781 1599 1945 1639 iniuria
1981 1599 2071 1640 huc
2109 1601 2226 1640 trahi
2313 1639 2314 1642 ,

250 1685 274 1713 a
306 1672 534 1725 prioribus
567 1671 782 1713 observat
808 1671 1047 1712 Dillmann.
1195 1674 1248 1711 27
1287 1671 1406 1712 Haec
1436 1682 1620 1723 quoque
1646 1681 1754 1723 gens
1784 1671 1856 1711 vel
1894 1671 2017 1724 regio
2047 1672 2226 1724 ignora·
2313 1679 2314 1725 ᾖ

249 1747 337 1785 tur.
388 1744 474 1786 Sed
502 1745 624 1785 hunc
663 1745 816 1784 totum
854 1743 1007 1786 locum
1044 1743 1164 1784 tituli
1203 1742 1259 1783 ad
1289 1744 1433 1784 terras
1465 1754 1581 1796 quae
1615 1740 1745 1798 Tiyre
1782 1755 1807 1784 a
1844 1744 2226 1796 septentrionibus
2312 1731 2314 1784 ἑ

250 1817 469 1868 attingant
523 1817 727 1868 spectare
780 1826 960 1856 summa
1014 1827 1119 1856 cum
1173 1814 1495 1868 probabilitate
1554 1816 1712 1856 statuit
1760 1815 1999 1856 Dillmann.
2067 1815 2226 1868 Utique

248 1889 418 1929 erravit
449 1888 613 1941 Glaser,
646 1888 725 1940 qui
754 1888 866 1928 haec
895 1887 993 1928 loca
1023 1888 1068 1928 in
1089 1887 1254 1928 Arabia
1275 1888 1513 1940 quaesivit.
1563 1886 1678 1929 Nam
1709 1898 1764 1928 ex
1794 1887 1948 1928 verbis
1977 1886 2065 1928 καὶ
2094 1886 2225 1945 πέραν

250 1959 305 2001 δὲ
335 1964 412 2016 τῆς
438 1954 651 2018 Ἐρυθρᾶς
682 1957 900 2016 θαλάσσης
930 1972 972 2001 v.
997 1962 1049 2001 25
1083 1961 1338 2001 necessario
1370 1961 1498 2013 sequi
1536 1961 1688 2001 omnia
1718 1971 1834 2013 quae
1864 1962 1966 2001 ante
1997 1961 2227 2002 nominata
2310 1989 2314 2001 .

249 2035 399 2074 essent
428 2034 474 2073 in
502 2031 651 2073 Africa
681 2043 781 2073 esse
811 2032 1048 2074 verissime
1079 2034 1354 2074 monuerunt
1384 2032 1582 2084 Lagarde
1612 2034 1657 2073 et
1687 2032 1858 2073 Miiller.
2017 2036 2070 2073 28
2112 2030 2227 2088 ὄρεσι
2307 2003 2314 2091 [

249 2106 390 2147 codex
427 2107 632 2158 uterque.
693 2105 970 2157 Singularem
1009 2106 1269 2146 coniectura
1314 2105 1512 2146 restituit
1550 2105 1748 2157 Lagarde
1792 2106 1979 2158 propter
2018 2116 2071 2146 ea
2110 2117 2227 2158 quae
2311 2086 2314 2156 ]

248 2179 338 2219 not.
363 2181 430 2218 29.
455 2181 505 2217 30
544 2179 840 2230 exponentur.
903 2177 987 2218 Sed
1018 2178 1238 2230 originem
1268 2177 1550 2230 corruptelae
1587 2188 1640 2218 eo
1683 2176 1831 2230 refert,
1872 2177 1998 2230 quod
2036 2177 2226 2219 fortasse
2306 2094 2314 2242 ‘¹

249 2251 413 2291 ΟΡΕΘΙ
454 2250 676 2302 scriptum
716 2248 850 2290 fuerit
887 2250 931 2290 in
969 2249 1130 2302 lapide,
1180 2251 1232 2289 ut
1270 2251 1437 2291 ΑΡΘΘΙ
1478 2260 1520 2290 v.
1555 2251 1621 2289 36.
1657 2252 1708 2290 38
1759 2248 1855 2290 Ηοο
1899 2249 2082 2302 quidem
2120 2261 2224 2303 pro·
2306 2250 2308 2310 3

192 2373 198 2379 ·
249 2322 357 2363 bare
398 2333 587 2375 nequeo.
648 2321 763 2363 Nam
802 2321 913 2363 illud
941 2317 1086 2380 Ἅρεει,
1125 2333 1209 2374 pro
1250 2333 1341 2375 quo
1380 2322 1410 2362 F
1440 2321 1685 2374 utrobique
1725 2323 1847 2362 recte
1875 2317 1990 2380 Ἄρεϊ
2029 2322 2223 2375 exhibet,
2268 2347 2273 2360 2
2304 2313 2307 2361 J

247 2393 451 2447 profecto
483 2405 631 2447 neque
662 2395 839 2436 auctori
881 2394 1000 2435 tituli
1038 2393 1358 2448 imputandum
1396 2395 1465 2435 est
1501 2404 1647 2446 neque
1686 2393 1887 2447 Cosmae,
1924 2394 2001 2435 sed
2039 2394 2223 2436 librario

247 2467 419 2507 codicis
435 2466 651 2519 Vaticani,
683 2468 761 2520 qui
790 2477 1122 2520 usquequaque
1142 2467 1325 2508 vocales
1354 2467 1399 2507 et
1429 2466 1734 2519 diphthongos
1755 2467 1800 2507 in
1830 2467 1860 2506 F
1891 2468 2012 2508 recte
2033 2468 2224 2520 scriptas
2272 2515 2274 2517 ,
2303 2473 2305 2515 3

247 2538 482 2580 confundit
510 2541 555 2579 et
585 2540 837 2592 corrumpit
868 2539 923 2591 (v.
956 2540 1122 2592 supra).
1271 2542 1323 2580 29
1363 2539 1434 2580 Sic
1464 2539 1521 2591 R;
1560 2539 1605 2579 in
1636 2539 1665 2579 F
1699 2536 1894 2594 βλύζουσι
1926 2539 2110 2592 quidem
2141 2541 2222 2593 est,
2302 2572 2304 2574 ,

247 2611 326 2651 sed
356 2611 517 2652 litteris
550 2609 649 2659 ζουσ
679 2623 704 2652 a
735 2612 883 2664 prima
914 2623 1052 2653 manu
1081 2613 1127 2653 in
1158 2612 1295 2653 litura
1325 2612 1552 2664 repositis,
1583 2612 1636 2651 ut
1664 2612 1787 2652 recte
1812 2611 2058 2664 Lagardius
2088 2612 2223 2653 colle-

247 2683 360 2734 gerit
390 2683 463 2723 hic
494 2695 679 2736 quoque
706 2684 954 2736 antiquitus
977 2685 1250 2737 singularem
1281 2684 1433 2737 fuisse,
1466 2684 1544 2725 sed
1575 2685 1765 2737 propter
1795 2684 2063 2725 mendosum
2094 2682 2222 2740 ὄρεσι,
2300 2708 2301 2729 ι

247 2754 370 2807 quod
400 2755 611 2796 librarius
641 2756 731 2796 iam
764 2757 808 2796 in
839 2756 1046 2809 exemplo
1080 2756 1204 2809 quod
1234 2756 1510 2798 exscriberet
1539 2757 1798 2809 invenisset,
1834 2758 2093 2798 coniectura
2122 2757 2222 2809 plu·
2267 2741 2269 2748 Α
2299 2787 2301 2792 .

246 2827 386 2867 ralem
419 2827 733 2868 substitutum.
881 2832 931 2867 30
972 2829 1043 2869 Sic
1074 2829 1124 2869 R.
1176 2826 1453 2883 καταρρύτοις
1484 2829 1537 2882 F,
1569 2828 1649 2870 sed
1670 2828 1827 2870 dextra
1847 2831 1974 2882 parte
1993 2829 2168 2870 litterae
2198 2844 2220 2870 ο

247 2900 292 2939 et
322 2900 507 2951 integris
537 2913 571 2945 ις
600 2900 645 2940 in
672 2909 830 2941 rasura
860 2900 1106 2953 rescriptis.
1159 2900 1219 2941 Cf.
1243 2902 1334 2942 not.
1360 2904 1427 2941 29.
1555 2904 1600 2941 34
1639 2901 1880 2954 Regionem
1902 2902 2101 2954 ignotam
2123 2912 2221 2942 esse

246 2972 558 3024 pronuntiavit
587 2971 866 3013 Dillmannus
906 2973 1084 3014 reiectis
1123 2974 1395 3014 coniecturis
1433 2973 1707 3026 quibusdam
1737 2975 1943 3027 priorum
1973 2974 2106 3027 plane
2136 2975 2220 3014 im·
2296 2970 2299 2992 ³

245 3042 574 3096 probabilibus.
725 3047 775 3083 32
817 3044 881 3084 De
910 3044 1199 3097 Blemmyum
1221 3047 1349 3097 gente
1380 3045 1432 3086 cf.
1456 3045 1569 3087 infra
1589 3057 1632 3086 n.
1656 3049 1751 3098 204,
1776 3049 1812 3088 3.
1837 3049 1904 3086 46.
1954 3045 2049 3086 Illic
2078 3046 2220 3098 scrip-

244 3117 396 3156 turam
428 3111 623 3169 Βλέμυες
653 3127 736 3168 per
755 3115 1007 3168 simplicem
1039 3131 1070 3171 μ
1100 3116 1253 3170 habes,
1285 3128 1401 3169 quae
1432 3117 1552 3170 apud
1584 3128 1740 3159 omnes
1762 3119 1923 3171 poetas
1943 3119 2090 3158 metro
2114 3129 2218 3159 con-

246 3187 465 3228 firmatur.
531 3187 581 3228 V.
614 3188 745 3228 Sethe
790 3199 860 3241 ap.
906 3188 1298 3240 Pauly-Wissowa
1341 3189 1776 3243 Realencyklopadie
1811 3190 1868 3230 III
1902 3193 1918 3230 4
1972 3201 2014 3243 p.
2044 3193 2125 3231 566
2150 3201 2216 3242 sq.

245 3260 517 3312 Praecipuae
547 3271 705 3300 eorum
737 3260 866 3301 sedes
905 3261 949 3300 in
978 3260 1127 3302 Nubia
1165 3261 1375 3302 inferiore
1412 3262 1468 3303 ad
1497 3262 1651 3303 Nilum
1690 3262 1926 3303 meridiem
1963 3272 2123 3303 versus
2162 3262 2218 3302 ab

245 3331 449 3387 Aegypto
481 3331 674 3386 fuerunt,
716 3332 795 3374 sed
825 3333 946 3373 certe
977 3332 1164 3374 Cosmae
1196 3335 1340 3374 aetate
1371 3345 1451 3375 eos
1481 3334 1586 3376 inde
1614 3345 1697 3387 per
1725 3334 1955 3375 desertum
1985 3345 2131 3386 usque
2162 3333 2218 3375 ad

245 3403 372 3444 littus
410 3405 548 3445 maris
586 3403 715 3445 rubri
755 3415 780 3445 e
817 3405 999 3458 regione
1033 3404 1223 3446 Arabiae
1268 3406 1540 3458 pertinuisse
1579 3406 1742 3448 docent
1781 3407 1953 3448 scholia
1996 3403 2078 3447 lm
2116 3417 2218 3446 ver-

246 3475 316 3514 sui
349 3478 400 3516 29
442 3477 649 3529 ascripta.
710 3476 827 3524 Quid
866 3488 975 3518 vero
1005 3478 1189 3518 nomina
1225 3478 1432 3519 mutilata
1469 3490 1586 3531 quae
1624 3480 1669 3520 in
1709 3478 1891 3520 scholiis
1921 3476 1952 3518 d
1987 3480 2093 3518 sunt
2129 3478 2215 3519 sibi
2247 3504 2249 3506 -

245 3546 386 3587 velint
414 3550 458 3587 et
489 3548 546 3589 ad
566 3559 786 3601 quasnam
818 3550 1108 3602 potissimum
1129 3551 1334 3602 regiones
1365 3553 1583 3604 spectent,
1615 3551 1735 3592 latet.
1884 3553 1934 3589 33
1976 3549 2036 3590 Cf.
2071 3553 2166 3603 200,
2190 3551 2211 3589 1·

245 3613 525 3674 Βουγαειτῶν,
567 3632 704 3672 quam
737 3621 925 3662 eandem
962 3624 1141 3674 gentem
1178 3632 1277 3663 esse
1308 3624 1428 3663 recte
1461 3624 1667 3664 statuunt
1705 3623 1986 3675 interpretes.
2045 3614 2253 3678 Βούγεα

245 3690 365 3742 apud
386 3691 685 3744 Epiphanium
717 3694 888 3735 haeres.
913 3694 949 3733 11
980 3705 1022 3747 p.
1047 3697 1126 3734 703
1160 3693 1227 3735 ed.
1250 3694 1338 3735 Pet.
1361 3705 1474 3747 esse,
1508 3696 1708 3747 itemque
1728 3705 1817 3735 non
1838 3692 1976 3734 modo
2004 3694 2049 3734 in
2072 3693 2212 3734 titulis
2285 3701 2288 3718 ¹
