2314 3970
235 170 263 218 2
274 170 342 219 64
914 166 964 206 11.
1011 166 1210 219 Regnum
1243 165 1522 217 Lagidarum.
2045 166 2077 219 [4
2091 170 2201 207 82—

373 338 459 391 καὶ
498 336 828 407 Τρυφαίνης2,
879 336 1011 388 θεῶν
1055 335 1447 407 ΦιλοπατόΙρ]ων
1494 334 1579 388 καὶ
1618 338 1970 408 Φιλαδέλφων,
2018 337 2066 389 οἱ
2108 357 2205 389 πα-

382 421 864 495 ρεφ[εὸρ]ε[ύοντ]ες3
902 421 971 490 [ἐν
1001 418 1337 493 Ἑρμουπόλει
1373 425 1456 492 τῆι
1494 419 1712 493 μεγάληι
1748 420 1831 477 καὶ
1869 424 1915 476 οἱ
1955 421 2205 494 συμπολιΙ-

375 510 684 578 τ]ευόμενοι4
731 506 969 576 mimir»,
1018 509 1085 560 ὧν
1131 506 1194 560 τὰ
1235 507 1474 577 ὀνό[ματα
1521 507 1791 579 ὑπόκειται,
1845 509 2205 581 ἱδρύσαντο---

234 670 432 711 tulerunt
470 667 537 718 (cf.
581 667 723 708 Greek
761 666 886 708 coins
926 667 971 707 in
1010 666 1084 708 the
1122 667 1288 708 British
1318 667 1538 720 Museum,
1576 667 1779 722 Ptolemy
1810 669 1945 721 Kings
1984 667 2031 709 of
2058 667 2206 721 Egypt

234 752 275 794 p.
300 743 379 781 445
400 739 526 792 sqq.),
558 738 644 780 hoc
675 748 926 790 cognomen
957 750 1048 780 non
1079 738 1163 791 legi
1195 738 1239 779 in
1271 739 1478 779 neutram
1510 740 1684 792 partem
1711 741 1955 793 quicquam
1988 741 2205 781 momenti

232 812 380 865 habet,
412 811 518 864 quia
549 808 653 852 talia
675 811 858 852 omnino
889 810 935 852 in
955 810 1316 852 Ptolemaeorum
1338 811 1519 853 moneta
1551 811 1697 853 omitti
1727 812 1885 854 solent.
1938 811 2022 853 Sed
2043 812 2206 865 papyri

233 885 310 938 qui
341 883 386 924 id
418 882 644 936 exhibent,
677 893 792 936 quos
814 882 1034 936 noverim,
1067 894 1182 924 anno
1207 886 1257 923 69
1282 894 1318 924 a.
1342 882 1442 924 Chr.
1464 893 1506 924 n.
1530 884 1802 925 recentiores
1835 886 1952 925 sunt.
2004 883 2065 925 Cf.
2089 884 2206 937 Oxy-

234 956 464 1009 rhynchos
502 955 668 1008 papyri
696 955 733 995 11
763 965 807 1008 p.
833 957 910 995 440
945 966 986 995 n.
1010 953 1260 996 CCXXXVI
1277 952 1354 1007 b,⁴
1402 951 1730 1010 [βασιλεύον1τος
1769 952 2062 1011 Πτολεμ[αί]ου
2105 953 2206 998 θεοῦ

229 1027 325 1070 νέου
362 1023 562 1069 Διονύσου
600 1022 922 1083 [Φιλοπάτο]ρος
952 1022 1224 1082 Φιλαδέλφου
1253 1023 1372 1073 ἔτους
1407 1024 1774 1069 ὀκτωκαιδεκάτου
1806 1025 1921 1082 (6413
1952 1039 1988 1069 a.
2012 1027 2112 1068 Chr.
2135 1028 2207 1079 n.).

233 1096 402 1153 Fayum
435 1100 583 1140 towns
614 1098 700 1140 and
731 1098 848 1139 their
877 1098 1042 1152 papyri
1073 1109 1114 1152 p.
1141 1100 1219 1139 304
1253 1097 1571 1140 n.CCXXXV1
1602 1099 1902 1141 summarium
1934 1098 2107 1140 editum
2139 1103 2208 1142 est

232 1172 364 1225 tituli,
404 1170 485 1212 ubi
522 1170 678 1213 eadem
720 1167 820 1213 θεοῦ
862 1167 958 1212 νέου
991 1166 1192 1212 Διονύσου
1225 1166 1532 1229 Φιλοπ[άτορος
1562 1166 1852 1227 Φιλαδέλφου]
1891 1171 2112 1225 leguntur,
2152 1183 2206 1212 ex

233 1244 335 1286 anni
366 1254 555 1284 numero
589 1253 696 1284 vero
728 1242 855 1295 prior
885 1241 1021 1283 modo
1051 1242 1200 1284 littera
1232 1244 1262 1284 Κ
1293 1244 1452 1296 exstat,
1494 1243 1557 1284 ita
1586 1244 1638 1284 ut
1667 1243 1777 1284 nihil
1815 1244 1989 1284 certum
2028 1244 2086 1284 sit
2124 1244 2207 1284 nisi

232 1327 336 1357 eum
377 1326 492 1356 anno
542 1318 585 1354 64
640 1326 675 1355 a.
711 1314 812 1355 Chr.
854 1325 943 1355 non
993 1315 1309 1368 antiquiorem,
1356 1326 1472 1356 anno
1518 1318 1571 1355 52
1620 1326 1708 1356 non
1753 1316 2048 1356 recentiorem
2096 1326 2207 1357 esse.

233 1391 256 1428 2
296 1387 530 1439 Cleopatra
569 1386 834 1439 Tryphaena
873 1396 1008 1427 soror
1045 1387 1090 1427 et
1128 1397 1245 1427 uxor
1274 1386 1517 1428 Ptolemaei
1547 1387 1731 1428 Auletae
1772 1387 1971 1441 primum
2011 1399 2208 1429 comme-

231 1460 437 1500 moratur
466 1459 511 1499 in
543 1469 718 1511 papyro
750 1457 975 1499 demotico
1008 1457 1079 1498 die
1113 1461 1178 1498 42.
1209 1469 1269 1499 m.
1299 1459 1400 1500 Maii
1433 1461 1484 1498 78
1517 1470 1553 1500 a.
1577 1459 1677 1500 Chr.
1702 1471 1742 1500 n.
1786 1459 1854 1511 (M.
1878 1459 1921 1500 L.
1945 1459 2099 1500 Strack
2129 1460 2209 1500 Die

231 1531 447 1585 Dynastie
480 1530 559 1571 der
589 1530 840 1571 Ptolemaer
877 1540 919 1582 p.
951 1532 1033 1570 208
1074 1531 1164 1570 not.
1190 1531 1231 1570 44
1257 1530 1308 1582 a),
1349 1531 1630 1582 postremum
1664 1530 1735 1571 die
1772 1533 1810 1571 7.
1842 1543 1898 1571 m.
1931 1531 2122 1583 Augusti
2155 1535 2206 1571 69

231 1615 267 1645 a.
293 1603 392 1644 Chr.
427 1602 481 1654 (n.
509 1605 602 1655 485,
629 1602 678 1653 4).
731 1602 812 1641 Per
845 1601 1070 1654 reliquum
1101 1612 1289 1654 regnum
1321 1602 1406 1642 etsi
1439 1602 1569 1642 multi
1600 1604 1778 1643 exstant
1808 1604 1970 1655 papyri
2001 1603 2208 1656 titulique

230 1675 494 1728 Aegyptiaci
524 1675 569 1714 et
599 1674 755 1715 Graeci
787 1675 938 1714 tamen
971 1684 1195 1726 nusquam
1228 1674 1322 1725 regi
1352 1674 1508 1714 uxoris
1530 1685 1696 1715 nomen
1729 1674 1999 1727 adiungitur,
2032 1678 2208 1728 praeter

233 1747 451 1806 pylonum
485 1747 625 1787 trium
657 1745 831 1786 delubri
872 1746 918 1785 in
960 1745 1129 1798 oppido
1162 1742 1288 1799 Edfu
1326 1746 1483 1787 titulos
1523 1746 1703 1798 (Ztschr.
1735 1746 1762 1787 f.
1795 1750 1861 1799 ag.
1894 1747 2090 1800 Sprache
2113 1747 2207 1787 VIII

232 1822 340 1860 4870
376 1830 418 1871 p.
442 1818 524 1871 46),
557 1818 635 1870 qui
667 1828 783 1870 opus
815 1818 962 1869 primo
995 1817 1066 1858 die
1098 1818 1266 1858 mensis
1293 1817 1460 1859 Choiak
1492 1819 1596 1859 anni
1626 1819 1773 1871 quinti
1802 1821 1847 1859 et
1873 1819 2078 1859 vicesimi
2107 1830 2208 1872 per-

231 1891 398 1932 fectum
442 1891 662 1931 testantur
703 1901 728 1930 a
759 1890 1014 1930 Ptolemaeo
1046 1890 1147 1930 XIII
1184 1901 1306 1930 novo
1337 1891 1537 1943 Dionyso
1575 1891 1765 1944 eiusque
1805 1902 1963 1932 sorore
1993 1893 2037 1932 et
2066 1903 2208 1932 uxore

231 1963 466 2015 Cleopatra
487 1962 766 2014 Tryphaena.
818 1961 874 2001 At
903 1972 956 2002 eo
979 1960 1050 2002 die
1073 1961 1155 2013 (27.
1179 1973 1237 2002 m.
1261 1961 1522 2003 Decembris
1554 1974 1591 2003 a.
1616 1965 1668 2003 57
1691 1974 1730 2003 a.
1753 1963 1868 2014 Chr.)
1901 1963 2207 2004 Ptolemaeum

229 2035 436 2075 Auletam
468 2035 513 2074 in
544 2034 676 2075 exilio
708 2035 941 2075 versatum
973 2044 1071 2075 esse
1102 2035 1256 2074 monet
1286 2034 1454 2086 Strack,
1493 2034 1685 2087 ideoque
1723 2034 1778 2075 de
1810 2046 1951 2076 uxore
1982 2046 2073 2076 non
2104 2036 2207 2088 plus

230 2107 334 2147 fidei
364 2106 622 2147 habendum
654 2105 785 2147 titulo
818 2117 956 2158 quam
999 2105 1054 2147 de
1085 2117 1188 2158 rege
1226 2106 1340 2159 ipso.
1402 2106 1546 2147 Immo
1578 2106 1861 2160 Cleopatram
1895 2107 2207 2160 Tryphaenam

233 2183 283 2220 69
308 2191 345 2220 a.
369 2178 469 2219 Chr.
493 2189 533 2218 n.
567 2179 796 2219 mortuam
827 2177 986 2219 videri.
1047 2177 1179 2226 Quod
1211 2179 1367 2219 contra
1408 2178 1496 2232 alii,
1538 2180 1590 2219 ut
1618 2177 1828 2232 Mahaffy,
1866 2190 1966 2220 eam
2007 2191 2122 2220 anno
2156 2183 2207 2221 58

231 2262 268 2291 a.
293 2250 392 2291 Chr.
416 2262 457 2291 n.
490 2250 727 2290 etiamtum
759 2249 876 2290 inter
906 2250 1037 2291 vivos
1068 2249 1206 2291 fuisse
1237 2251 1442 2291 statuunt
1471 2251 1516 2291 et
1547 2250 1709 2291 marito
1741 2251 1873 2303 pulso
1906 2249 2210 2303 gubernacula

232 2322 506 2375 reipublicae
537 2322 796 2374 arripuisse,
839 2332 890 2362 ea
929 2321 1139 2363 defuncta
1169 2333 1277 2363 vero
1311 2321 1445 2362 filiam
1475 2322 1717 2363 Berenicen
1748 2323 1789 2363 ei
1819 2323 2103 2364 successisse.
2154 2323 2211 2363 At

232 2396 320 2435 hoc
357 2394 482 2434 nullo
520 2393 778 2434 testimonio
819 2394 990 2434 nititur.
1050 2392 1165 2434 Nam
1206 2405 1311 2434 cum
1353 2393 1512 2435 Strabo
1542 2394 1675 2447 XVII,
1698 2396 1737 2447 4,
1762 2397 1805 2434 44
1845 2405 1888 2448 p.
1918 2398 1998 2435 796
2029 2394 2124 2436 Cas.
2167 2397 2211 2436 et

233 2467 414 2507 Cassius
434 2466 517 2506 Dio
550 2466 750 2518 XXXIX,
780 2469 843 2519 43,
867 2469 882 2506 4
924 2466 1107 2507 omnino
1136 2466 1302 2507 nullam
1335 2467 1420 2508 nisi
1441 2466 1685 2508 Berenicen
1704 2467 1904 2519 reginam
1926 2478 2008 2521 per
2027 2467 2210 2509 Auletae

231 2539 415 2579 exilium
433 2538 652 2590 noverint,
668 2538 948 2591 Porphyrius
970 2538 1099 2579 testis
1121 2539 1416 2591 gravissimus
1439 2539 1559 2592 apud
1581 2538 1855 2580 Eusebiuml
1875 2551 1918 2593 p.
1940 2543 2095 2593 467,40
2111 2551 2208 2594 sqq.

232 2610 431 2650 Schoene
471 2610 581 2650 haec
621 2608 775 2650 habet:
824 2607 892 2650 ἐπί
934 2623 979 2649 τε
1020 2607 1098 2666 γὰρ
1129 2612 1204 2651 τοῦ
1241 2608 1337 2651 νέου
1372 2605 1575 2653 Διονύσου
1614 2609 1674 2656 εἰς
1714 2608 1790 2657 τὰς
1822 2608 1947 2652 αὐτοῦ
1978 2608 2210 2669 θυγατέρας

232 2677 510 2734 Κλεοπάτραν
553 2677 632 2735 τὴν
669 2678 742 2720 καὶ
772 2677 1015 2736 Τρύφαιναν
1054 2679 1127 2722 καὶ
1155 2677 1388 2738 Βερενίκην
1426 2680 1594 2739 τριετὴς
1632 2681 1691 2728 ὡς
1731 2679 2077 2737 βεβασιλευκυὶας
2117 2681 2210 2724 ἀνέ-

231 2750 373 2809 γροὶφη
404 2749 572 2809 χρόνος.
633 2751 713 2792 Cui
745 2762 827 2792 cur
857 2751 1115 2794 diffidamus
1145 2753 1266 2795 nulla
1309 2755 1378 2795 est
1409 2764 1567 2806 causa3
1608 2765 1712 2795 nam
1752 2754 1860 2807 quid
1898 2756 1967 2796 est
2004 2753 2209 2808 frequen-

233 2825 323 2865 tius
355 2823 476 2876 apud
507 2823 799 2876 Ptolemaeos,
831 2835 967 2876 quam
1000 2826 1192 2866 matrem
1223 2826 1268 2866 et
1297 2825 1434 2867 filiam
1465 2825 1621 2867 eadem
1653 2826 1837 2867 nomina
1868 2824 2053 2878 gerere?
2097 2828 2210 2869 Sane

233 2897 270 2938 si
311 2895 500 2937 Strackii
539 2895 758 2936 sententia
798 2907 907 2938 vera
946 2898 1026 2949 est,
1065 2898 1157 2937 tres
1195 2897 1438 2939 Ptolemaei
1477 2897 1662 2939 Auletae
1699 2897 1828 2938 liberi
1869 2897 2044 2939 minimi
2086 2901 2207 2953 natu,

232 2967 420 3009 Arsino’e
452 2968 496 3008 et
527 2967 810 3008 Ptolemaeus
840 2968 1046 3021 uterque,
1088 2979 1143 3009 ex
1173 2969 1260 3010 alio
1291 2970 1580 3011 matrimonio
1622 2970 1753 3011 cuius
1784 2980 2006 3023 nusquam
2039 2971 2207 3012 mentio

233 3040 281 3081 fit
311 3039 536 3093 procreati
566 3050 665 3081 esse
696 3039 918 3081 videntur.
971 3039 1037 3081 An
1069 3041 1115 3081 hi
1147 3052 1304 3083 omnes
1325 3042 1469 3095 spurii
1490 3039 1701 3083 fuerunt?
1835 3045 1858 3082 3
1891 3041 1953 3083 Cf.
1983 3053 2025 3083 n.
2049 3045 2145 3096 445,
2170 3046 2207 3083 5.

236 3114 256 3151 4
301 3111 516 3164 Supplevi
538 3110 594 3152 ad
614 3111 873 3164 exemplum
895 3111 1134 3153 titulorum
1164 3115 1256 3166 443,
1281 3117 1304 3154 6
1336 3115 1380 3154 et
1402 3115 1501 3166 445,
1520 3115 1557 3155 4.
1609 3111 1695 3166 [καὶ
1723 3117 1876 3158 κοινῶς
1907 3110 2209 3168 συμβουλ]ευό-

233 3197 352 3237 μενοι
389 3183 592 3235 Jouguet.
655 3180 741 3236 [καὶ
769 3189 921 3230 κοινῶς
954 3182 1362 3240 πραγματ]ευόμενοι
1404 3185 1572 3226 Strack.
1634 3184 1719 3226 Sed
1754 3184 1992 3238 participia
2029 3198 2209 3243 παρεφε-

235 3252 449 3309 ὃρεύοντες
482 3256 526 3295 et
557 3252 944 3310 συμβουλευόμενοι
974 3255 1046 3296 vel
1077 3254 1469 3314 πραγματευόμενοι
1499 3267 1581 3310 per
1611 3255 1681 3298 καὶ
1722 3257 1933 3309 coniungi
1965 3258 2205 3310 nequeunt,

232 3327 336 3378 quia
370 3327 482 3367 ratio
525 3327 773 3380 syntactica
811 3327 942 3380 plane
981 3327 1161 3368 diversa
1198 3329 1279 3379 est,
1319 3339 1464 3380 neque
1505 3329 1543 3369 si
1584 3328 1822 3370 consilium
1863 3327 1931 3368 vel
1972 3327 2204 3369 decretum

233 3398 286 3438 de
317 3398 406 3439 hoc
426 3397 617 3439 delubro
641 3398 889 3440 dedicando
914 3399 1150 3452 indicat-ur,
1181 3400 1431 3451 praesentis
1453 3401 1740 3453 participium
1764 3400 2009 3441 sententiae
2030 3411 2206 3442 accom-

232 3469 464 3510 modatum
485 3471 566 3510 est.
614 3469 742 3518 Quod
764 3473 920 3512 contra
950 3469 1036 3524 [καὶ
1066 3469 1106 3512 οἱ
1130 3468 1549 3525 συμπολιτ]ευόμενοι
1578 3469 1743 3513 κτίσται
1774 3473 1844 3512 est
1876 3463 1885 3478 ”
1912 3472 1956 3511 et
1976 3471 2056 3523 qui
2078 3483 2205 3524 prae-

232 3542 301 3580 ter
330 3540 456 3592 ipsos
488 3541 654 3581 milites
683 3541 865 3583 illorum
897 3542 1124 3583 sodalitati
1155 3541 1455 3583 interfuerunt
1485 3545 1529 3583 et
1565 3543 1652 3584 hoc
1692 3542 1843 3583 sanum
1874 3553 1962 3583 una
2004 3553 2109 3583 cum
2140 3543 2204 3583 eis

231 3611 529 3652 condiderunt
554 3606 582 3654 '.
755 3619 777 3655 5
822 3615 868 3654 In
910 3614 1044 3655 huius
1075 3612 1258 3666 quidem
1301 3613 1420 3654 tituli
1458 3616 1612 3655 tenore
1643 3614 1751 3654 nihil
1782 3615 1862 3666 est,
1894 3613 2016 3665 quod
2050 3625 2200 3655 vocem
