2314 3970
60 185 158 238 420]
440 183 721 223 Ptolemaeus
743 182 799 221 Vl
831 182 1107 224 Philometor
1139 181 1382 233 (484-446
1404 193 1441 221 a.
1467 181 1568 221 Chr.
1591 179 1668 230 n.).
1936 183 2034 233 201

58 359 240 401 eosdem
280 357 486 398 homines
526 358 723 409 utroque
764 356 910 398 officio
954 356 1078 408 fungi
1116 358 1349 409 appareat.
1558 360 1579 395 5
1620 355 1682 398 Cf.
1715 366 1756 395 n.
1780 357 1847 407 20,
1872 357 1897 394 2
1936 365 2042 395 cum

58 433 146 473 not.
172 434 209 471 3.
260 430 372 470 Itani
393 429 550 482 oppidi
572 429 796 482 praesidio
819 429 1040 470 Philotam
1063 428 1311 482 praefuisse
1340 440 1432 470 non
1456 430 1524 470 est
1545 427 1671 481 quod
1691 427 2041 468 demonstretur.

59 507 83 545 6
123 502 426 544 ΓΕΝΗΙΑΙΙΝΑ
457 501 572 554 lapis
602 512 658 542 ex
690 502 955 554 apographo
983 502 1257 554 Demarguii,
1290 502 1368 554 qui
1402 497 1692 556 ΠρωτοΙγένηι
1723 513 1794 541 αι.
1814 513 1892 540 ,να
1922 499 2041 551 legit.

58 575 142 616 Sed
171 574 282 615 mihi
313 575 664 625 cognomentum
697 570 996 629 Πρωτογένεια
1027 574 1180 627 potius
1211 584 1311 614 esse
1343 574 1542 625 videtur;
1581 573 1824 626 praecipue
1855 572 2044 624 propter

57 646 281 689 Plutarchi
321 645 486 698 locum,
533 656 671 698 quem
711 646 810 698 ipse
848 646 898 686 D.
933 645 1075 698 affert,
1129 645 1308 693 Quaest.
1339 645 1467 686 Rom.
1503 648 1582 685 407
1623 656 1668 698 p.
1701 647 1781 686 289
1799 644 1852 684 Β;
1901 641 1969 684 διὰ
2004 634 2045 682 τί

54 712 266 771 Ῥωμαῖοι
296 713 443 775 Τύχην
477 714 673 772 σέβονται
704 714 1012 774 Πριμιγένειαν,
1044 715 1096 772 ἣν
1128 714 1178 758 ἄν
1209 731 1272 762 τις
1304 714 1415 758 εἴποι
1448 714 1787 772 Πριυτογένειαν;
1818 715 1902 757 Sed
1933 715 2044 768 quid

56 792 101 831 in
138 789 224 830 fine
265 799 426 829 versus
465 788 690 841 scriptum
729 788 876 842 fuerit,
918 800 1011 829 non
1051 789 1196 840 magis
1235 799 1455 841 assequor
1496 800 1633 841 quam
1667 789 1841 841 primus
1882 787 2042 829 editor·

55 861 169 904 Nam
199 858 453 913 Ἰ(τα)ν(ἱ)α[ι]
489 861 730 903 emendare
762 861 928 902 nimiae
959 860 1174 902 audaciae
1205 860 1352 902 fuerit.

170 1097 282 1153 120
332 1102 468 1151 Inter
514 1103 702 1152 rudera
752 1102 1020 1152 Naucratis
1058 1102 1311 1168 antiquae.
1390 1102 1479 1151 Ed.
1530 1102 1796 1152 American
1838 1101 2043 1167 journal

38 1184 115 1239 'of
148 1188 488 1255 archaeology
526 1190 547 1238 Ι
585 1185 762 1257 (4885)
799 1204 850 1255 p.
888 1186 971 1238 79.

187 1327 253 1383 ‘H
293 1331 436 1390 πόλις
474 1332 506 1400 ἡ
549 1328 927 1402 Ναυκρατιτ[ῶν
944 1330 978 1400 ¹]
1020 1326 1367 1403 ΙἩλιόὸωρον
1413 1332 1751 1403 (Δ)ωρίωνος2
1796 1331 2043 1402 Φιλο[μη-

172 1494 189 1531 4
234 1490 294 1532 Cf.
327 1503 370 1533 n.
393 1493 460 1544 89,
491 1495 529 1533 6.
589 1491 835 1533 Naucratin
876 1492 1240 1534 Ptolemaeorum
1286 1494 1431 1534 aetate
1475 1494 1696 1534 mansisse
1745 1504 1892 1546 neque
1933 1504 2041 1534 vero

8 1614 12 1619 ⁵
54 1565 160 1617 post
195 1562 512 1605 Alexandriam
551 1564 780 1606 condItam
823 1563 1050 1606 desertam
1088 1576 1187 1606 esse
1225 1566 1492 1607 certissimis
1535 1566 1809 1607 testimoniis
1855 1567 2042 1607 constat.

54 1635 115 1677 Cf.
149 1635 307 1688 Polyb.
330 1635 469 1689 XXII,
492 1639 532 1689 7,
555 1639 594 1678 6.
625 1636 822 1690 XXVIII,
845 1640 913 1691 20,
932 1640 999 1677 40.
1051 1637 1087 1678 J.
1109 1639 1153 1679 P.
1176 1638 1372 1691 Mahaffy
1404 1639 1495 1679 The
1526 1639 1700 1691 empire
1727 1638 1775 1679 of
1800 1638 1876 1679 the
1898 1638 2044 1679 Ptole-

55 1708 169 1748 mies
199 1719 242 1761 p.
269 1711 311 1748 44
353 1709 444 1750 not.
467 1711 507 1749 4.
568 1708 714 1750 Etiam
746 1708 906 1750 Strabo
937 1709 1071 1762 XVII,
1098 1715 1134 1763 4,
1157 1713 1210 1750 23
1244 1721 1286 1763 p.
1310 1714 1392 1752 803
1419 1711 1516 1752 Cas.
1550 1710 1772 1764 oppidum
1803 1713 1855 1751 ut
1886 1711 2044 1751 etiam-

54 1781 153 1820 tum
203 1781 385 1821 exstans
436 1782 778 1822 commemorat.
853 1781 910 1821 At
955 1783 1113 1822 utrum
1159 1783 1391 1835 antiquam
1449 1782 1642 1824 formam
1689 1785 1735 1823 et
1779 1782 2042 1834 dignitatem

54 1851 251 1893 civitatis
292 1852 529 1893 retinuerit
558 1863 699 1894 necne
736 1853 1029 1907 disceptatur.
1091 1855 1312 1896 Incertam
1355 1866 1452 1896 rem
1490 1866 1590 1897 esse
1629 1855 1798 1897 iudicat
1834 1855 2042 1908 Droysen

55 1924 211 1966 Gesch.
234 1923 313 1966 des
334 1924 634 1967 Hellenismus
658 1926 764 1978 ΙΙΙ,4
803 1936 846 1978 p.
867 1928 919 1966 44
952 1938 992 1967 n.
1013 1930 1050 1967 3.
1101 1927 1353 1969 Praefracte
1375 1926 1660 1969 Naucratitas
1693 1926 1888 1983 σύστημα
1919 1924 2042 1968 πολι-

53 1995 173 2038 τικὸν
215 1995 276 2053 τῷ
302 1989 544 2053 Ἑλληνικῷ
579 1996 723 2055 τρόπῳ
762 1998 978 2040 habuisse
1017 2002 1149 2052 negat
1186 2000 1221 2041 J.
1246 2001 1289 2041 P.
1312 2000 1507 2055 Mahaffy
1549 2001 1640 2042 The
1679 2002 1852 2054 empire
1884 2000 1932 2042 of
1965 2000 2042 2041 the

55 2069 293 2110 Ptolemies
324 2080 367 2122 p.
391 2072 436 2109 84
484 2071 575 2111 not.
601 2073 639 2111 4.
701 2070 787 2111 Sed
833 2072 956 2123 quod
1002 2072 1040 2113 is
1086 2072 1196 2113 dicit
1243 2071 1471 2128 οἰκονόμος
1514 2079 1598 2115 τῶν
1644 2072 1754 2115 κατὰ
1799 2068 2041 2128 Ναύκρατιν

55 2152 98 2182 11.
122 2144 188 2194 89,
213 2145 235 2180 6
269 2142 412 2194 magis
442 2142 772 2195 Aegyptiorum
804 2154 942 2195 quam
965 2144 1239 2186 Graecorum
1273 2157 1446 2188 morem
1469 2146 1684 2199 redolere,
1715 2145 1762 2187 id
1784 2157 1930 2198 neque
1961 2156 2043 2198 per

58 2223 106 2254 se
138 2224 298 2254 verum
328 2215 411 2266 est,
444 2225 547 2254 nam
579 2216 821 2256 oeconomi
851 2217 987 2257 etiam
1012 2217 1284 2258 Graecarum
1317 2219 1570 2260 civitatium
1603 2218 1786 2260 fuerunt
1815 2218 1882 2270 (cf.
1915 2215 2044 2270 Sy11.2

61 2287 307 2338 475,·1.ιι.
333 2288 400 2327 45.
439 2287 535 2339 545,
561 2288 627 2327 44.
669 2290 858 2340 552,39.
899 2291 995 2341 553,
1019 2292 1070 2330 ιο
1089 2300 1186 2343 sqq.
1227 2293 1386 2343 554‚⁵.
1410 2294 1477 2331 ⁴7.
1518 2294 1615 2344 902,
1641 2290 1693 2344 4),
1724 2302 1871 2343 neque
1901 2290 1940 2331 si
1973 2290 2041 2330 vel

0 2353 1 2374 ³
62 2357 257 2402 maxime
286 2368 447 2398 verum
479 2362 612 2412 esset,
653 2359 728 2400 hic
758 2360 1004 2413 quicquam
1035 2363 1257 2403 momenti
1287 2362 1487 2412 haberet.
1547 2363 1659 2405 Nam
1701 2363 1739 2404 si
1777 2363 1851 2404 ille
1889 2362 2041 2415 regius

0 2378 3 2475 ‚
60 2430 351 2482 magistratus
381 2432 463 2482 est,
495 2433 546 2471 ut
577 2441 683 2472 sane
714 2431 908 2485 videtur,
940 2433 1044 2474 inde
1075 2445 1164 2475 non
1195 2435 1402 2487 sequitur
1433 2436 1663 2477 civitatem
1697 2437 1869 2487 senatu,
1901 2435 2042 2476 comi-

0 2479 4 2570 ἶ
59 2502 146 2554 tiis,
179 2502 522 2555 magistratibus
554 2504 649 2544 suis
680 2505 893 2546 caruisse.
941 2505 996 2546 Et
1024 2517 1073 2546 re
1103 2517 1212 2548 vera
1241 2507 1378 2548 talem
1410 2507 1548 2549 fuisse
1578 2508 1890 2549 condicionem
1923 2507 2041 2549 Nau-

60 2575 337 2628 cratitarum,
368 2586 485 2628 quae
515 2577 586 2616 est
615 2576 856 2618 Lumbrosi
887 2578 1167 2620 Recherches
1192 2590 1235 2632 p.
1260 2583 1342 2620 222
1374 2582 1420 2620 et
1449 2581 1494 2621 B.
1517 2581 1657 2622 Niesii
1688 2581 1845 2622 Gesch.
1875 2580 1955 2622 der
1975 2591 2039 2633 gr.

4 2702 5 2705 Ἴ
59 2645 151 2686 und
181 2646 356 2687 maked.
389 2648 567 2688 Staaten
597 2648 635 2688 11
666 2659 710 2701 p.
733 2651 814 2689 405
848 2651 1082 2703 sententia,
1114 2651 1188 2692 hic
1218 2652 1379 2693 titulus
1411 2652 1554 2694 docet.
1607 2653 1783 2694 Etenim
1809 2652 2040 2706 quomodo

0 2707 9 2759 ”l
60 2717 219 2759 civitas
267 2716 416 2771 (πόλις)
460 2721 655 2761 statuam
699 2720 907 2763 dedicare
952 2724 1132 2775 poterat
1175 2724 1263 2765 nisi
1308 2736 1362 2766 ex
1401 2729 1585 2767 senatus
1627 2728 1706 2767 aut
1745 2726 2040 2767 comitiorum

0 2784 1 2806 ;
60 2789 270 2832 decreto?
331 2791 476 2832 Etiam
516 2792 641 2844 quod
681 2793 932 2836 Lumbi-oso
980 2796 1132 2836 attulit
1175 2800 1494 2849 argumentum
1536 2800 1582 2839 in
1621 2810 1799 2852 papyro
1839 2799 2038 2840 Parisino

6 2847 12 2898 l
57 2859 237 2904 Notices
277 2866 323 2904 et
361 2865 548 2905 extraits
590 2864 669 2906 des
710 2868 984 2908 manuscrits
1021 2868 1176 2922 XVIII,
1205 2872 1229 2909 2
1269 2870 1409 2922 (4865)
1453 2882 1495 2924 p.
1519 2874 1601 2912 347
1644 2883 1686 2913 n.
1711 2876 1761 2913 60
1781 2869 1863 2924 bis,
1895 2876 1960 2913 46.
1987 2874 2037 2912 37

7 2947 12 2980 ;
57 2931 286 2990 τιμούχους
316 2935 685 2978 Naucratitarum
717 2941 1084 2993 commemorari,
1126 2942 1391 2995 neutiquam
1433 2943 1676 2985 refutatum
1720 2945 1829 2985 mihi
1859 2944 2041 2985 videtur

8 3007 14 3042 ἰ
60 3015 86 3046 a
113 3006 353 3060 Mahaffyo,
385 3009 464 3060 qui
494 3012 628 3062 negat
658 3011 975 3063 magistratum
1008 3013 1360 3068 civileminnui,
1391 3017 1499 3068 quia
1530 3017 1762 3069 negotium
1793 3017 1885 3058 illic
1915 3028 2038 3058 com-

10 3089 14 3123 ξ
59 3080 358 3119 memoratum
398 3080 453 3120 ad
487 3091 615 3122 sacra
651 3084 887 3135 spectaret.
949 3085 1006 3125 At
1035 3085 1143 3126 talia
1178 3087 1225 3128 in
1255 3087 1520 3129 civitatibus
1552 3089 1731 3130 Graecis
1769 3089 2039 3142 plerumque

11 3160 16 3189 ι
60 3159 95 3189 a.
114 3150 450 3202 magistratibus
481 3153 641 3205 populi
671 3154 986 3197 administrata
1017 3168 1117 3198 esse
1148 3161 1339 3212 constat,
1382 3162 1427 3200 et
1458 3160 1733 3201 vocabulum
1775 3162 1819 3202 in
1859 3161 2039 3214 oppidis

12 3237 17 3252 ·
59 3218 215 3262 Ionum
242 3223 494 3276 antiquitus
525 3225 581 3265 de
602 3236 784 3267 summo
808 3229 1157 3280 magistratuum
1187 3231 1377 3283 collegio
1400 3234 1687 3285 usurpatum,
1719 3234 1771 3273 ut
1790 3233 1867 3273 Tei
1900 3233 2041 3286 (Syll.2

0 3317 2 3325 ι
60 3292 155 3345 523,
179 3294 259 3346 60),
291 3295 482 3348 Sinopae
512 3296 654 3349 (Syll.2
676 3301 771 3352 603,
795 3300 878 3353 43),
908 3301 1129 3343 Massiliae
1150 3302 1324 3353 (Strabo
1346 3303 1417 3356 IV,
1442 3307 1479 3356 4,
1504 3309 1526 3345 5
1559 3315 1603 3356 p.
1629 3308 1709 3344 479
1734 3305 1859 3358 Cas.)‚
1892 3317 2040 3348 nonne

14 3379 18 3402 ι
60 3362 335 3414 probabilius
373 3369 443 3408 est
490 3369 612 3421 apud
653 3368 938 3414 NaucratItas
979 3373 1255 3415 Milesiorum
1299 3375 1485 3416 colonos
1535 3375 1708 3427 (Strabo
1746 3377 1880 3431 XVII,
1915 3382 1953 3431 4,
1987 3383 2037 3420 48

59 3442 101 3486 p.
124 3435 218 3488 804)
258 3448 313 3478 ex
350 3439 537 3492 antiquo
585 3441 650 3480 rei
695 3441 905 3494 publicae
946 3445 1102 3486 ordine
1143 3449 1479 3501 conservatum,
1525 3459 1662 3499 quam
1704 3460 1730 3489 a
1768 3450 2038 3493 Ptolemaeis

7 3515 11 3548 ε
60 3505 179 3556 regio
208 3509 493 3561 magistratui
525 3512 794 3564 impositum
824 3513 956 3557 esse?
1013 3516 1222 3558 Ceterum
1253 3518 1483 3559 ethnicum
1516 3514 1813 3576 Ναυκρατίτης
1845 3524 1981 3564 etiam
2014 3537 2039 3566 a

8 3561 21 3644 l?
62 3575 280 3628 Stephano
312 3581 415 3634 Byz.
439 3593 474 3623 s.
498 3595 539 3623 v.
572 3578 814 3640 Ναύκρατις
845 3587 1032 3629 affertur
1062 3589 1262 3641 itemque
1293 3590 1413 3643 apud
1445 3590 1711 3633 Strabonem
1743 3593 1876 3647 XVII,
1912 3598 1950 3648 4,
1986 3600 2036 3636 33

10 3645 16 3748 ’δ
61 3655 104 3698 1).
125 3651 205 3690 808
227 3651 323 3694 Cas.
354 3653 517 3706 legitur
547 3651 590 3696 ἐν
621 3654 679 3715 τῇ
707 3655 826 3700 πόλει
854 3665 938 3702 τῶν
962 3657 1280 3719 Ναυκρατιτῶν.
1430 3666 1453 3702 2
1493 3663 1752 3708 Emendavi.
1806 3664 2034 3724 Λωριῶνος

11 3751 16 3838 1

13 3841 17 3908 ἑ

0 3898 19 3970 Ἡ
