2314 3970
76 251 174 304 ⁴02]
473 248 753 291 Ptolemaeus
775 249 812 290 V
843 248 1099 303 Epiphanes
1132 252 1309 303 (205-4
1324 253 1368 291 84
1399 263 1436 292 a.
1461 250 1561 292 Chr.
1585 250 1655 302 n.).
1952 246 2053 302 177

165 437 190 477 5
221 421 418 480 εὐνοίας
456 422 621 474 ἕνεκεν
659 427 750 492 τῆς
789 423 860 482 εἰς
898 424 1110 493 βασιλέα
1159 422 1164 494 Ι
1220 422 1530 493 Πτολεμαῖον
1580 421 1668 475 καὶ
1708 421 2002 493 βασίλισσαν
2045 422 2051 493 Ι

215 506 562 579 Κλεοπάτραν,
603 508 752 568 θεοὺς
775 505 1065 581 Ἐπιφανεῖς
1103 508 1188 562 καὶ
1230 510 1236 576 Ι
1278 508 1638 581 Εὖχαρίστους,
1677 509 1763 562 καὶ
1801 506 1864 562 τὰ
1904 510 2053 562 τέκνα

217 594 377 647 αὐτῶν
391 597 425 647 ⁶.

74 763 301 816 quomodo
341 763 452 804 haec
490 764 780 816 potissimum
824 775 913 804 vox
954 763 1086 804 classi
1127 763 1324 815 cuipiam
1356 763 1671 816 significandae
1709 766 1814 817 apta
1844 775 1943 805 esse
1974 775 2054 817 po-

73 836 221 877 tuerit.
282 835 430 884 Quare
470 836 536 876 sic
575 836 728 888 potius
768 837 931 888 statuo,
971 835 1223 876 amicorum
1269 838 1443 876 certum
1486 848 1725 877 numerum
1766 836 1916 877 fuisse.
1979 837 2053 876 Eis

71 908 219 960 igitur,
252 908 329 959 qui
360 908 447 948 hoc
477 908 650 949 honore
681 907 800 959 digni
833 907 1122 957 haberentur,
1155 918 1259 947 cum
1292 908 1336 948 in
1358 908 1545 948 cohorte
1567 910 1819 949 amicorum
1852 909 2052 949 nondum

72 980 196 1021 locus
227 990 401 1020 vacuus
432 982 564 1033 esset,
603 981 674 1020 ius
707 979 977 1021 succedendi
1009 980 1053 1019 in
1092 979 1213 1020 illam
1258 980 1495 1020 cohortem
1536 980 1759 1020 tributum
1801 992 1920 1033 esse;
1963 993 2053 1033 qua

73 1062 127 1092 ex
157 1062 205 1092 re
236 1049 448 1109 διαδόχων
481 1063 645 1094 nomen
686 1053 750 1093 eis
791 1052 1059 1105 impositum
1097 1054 1178 1092 est.
1240 1052 1373 1092 Plane
1414 1053 1638 1103 geminam
1678 1053 1897 1093 rationem
1937 1054 2054 1093 inter

73 1126 282 1181 συγγενεῖς
318 1126 364 1164 et
404 1122 638 1180 ὁμοτίμους
673 1127 764 1170 τοῖς
802 1121 1016 1180 συγγενέσι
1055 1123 1232 1176 (11.477,
1265 1124 1302 1175 6)
1342 1124 1651 1165 intercessisse
1694 1124 1930 1177 probabile
1970 1127 2051 1165 est.

75 1199 97 1237 6
139 1195 199 1237 Cf.
230 1207 270 1237 n.
296 1196 389 1237 997.

181 1423 289 1479 101
343 1429 494 1495 Lapis
532 1429 766 1479 inventus
791 1429 990 1478 Athribi
1017 1425 1284 1495 (Beneha),
1326 1445 1426 1495 quo
1464 1430 1754 1496 pervenerit
1791 1445 1893 1479 non
1932 1444 2050 1479 con-

69 1519 183 1564 stat.
247 1515 324 1563 Ex
368 1515 620 1565 Theodori
656 1517 698 1565 J.
728 1515 1028 1566 Stavrinidis
1075 1517 1306 1582 exemplo
1346 1517 1424 1566 ed.
1473 1516 1523 1567 S.
1553 1516 1777 1566 Reinach
1822 1517 1943 1564 Bull.
1988 1518 2050 1565 de

69 1616 197 1651 corr.
226 1603 348 1652 Hell.
376 1603 488 1651 XIII
527 1602 565 1668 (4
581 1602 700 1668 889)
739 1619 790 1669 p.
823 1602 922 1652 ⁴79
963 1600 1042 1670 (M.
1072 1604 1126 1652 L.
1156 1603 1338 1653 Strack
1374 1603 1463 1653 Die
1490 1604 1732 1668 Dynastie
1769 1604 1860 1652 der
1885 1603 2049 1652 Ptole-

67 1692 208 1738 maer
245 1705 294 1754 p.
326 1688 427 1738 274
468 1704 515 1738 n.
549 1689 685 1755 466).

154 1931 178 1970 5
208 1919 304 1968 τῶν
342 1918 563 1969 τέκνων2
602 1917 608 1989 Ι
640 1915 846 1988 Ἑρμίας
883 1917 970 1970 καὶ
1009 1918 1345 1989 Φιλ(ω)τε’ρα3
1382 1921 1413 1988 ἡ
1454 1919 1577 1989 γυνὴ
1617 1919 1633 1988 ΙΙ
1669 1916 1844 1970 καὶτὰ
1871 1921 2048 1972 παιδία

2 2021 8 2172 Ι
208 2004 356 2072 τήνδε
394 2005 598 2074 ἐξέδραν
640 2003 646 2075 Ι
686 2009 769 2074 τῆι
805 2006 1168 2076 προσευχῆ(ι)4.

0 1818 4 1998 Ι
141 1891 147 1896 ,
201 1825 356 1901 εΥπὲρ
393 1831 637 1901 βασιλέως
667 1831 982 1902 Πτολεμαίου
1023 1830 1030 1903 Ι
1071 1830 1157 1884 καὶ
1188 1832 1484 1904 βασιλίσσης
1512 1829 1873 1902 Κλεοπάτρας1
1917 1832 1922 1903 Ι
1963 1833 2048 1884 καὶ

182 2174 197 2210 4
246 2169 306 2211 Cf.
340 2183 381 2212 n.
406 2172 502 2213 961.
650 2175 674 2211 2
716 2170 982 2224 Quicunque
1024 2175 1095 2213 est
1135 2184 1228 2226 rex,
1268 2174 1427 2226 utique
1468 2174 1555 2213 hoc
1585 2173 1940 2214 additamentum
1975 2174 2049 2214 de-

67 2244 299 2296 monstrat,
345 2244 528 2285 titulum
570 2245 742 2298 aliquot
781 2246 908 2286 annis
947 2246 1245 2286 recentiorem
1287 2257 1386 2286 esse
1423 2258 1560 2298 quam
1600 2246 1726 2286 illum
1765 2246 2045 2286 simillimum

67 2318 196 2356 n.96.
330 2318 351 2354 3
393 2318 686 2358 ΦΙΛΟΤΕΡΑ.
825 2321 845 2358 4
889 2319 1251 2360 ΠΡΟΣΕΥΧΗΝ.
1304 2318 1563 2359 Emendavi.
1614 2318 1758 2359 Aliam
1781 2319 2048 2359 restituendi

64 2387 183 2428 viam
214 2388 444 2440 ingressus
474 2390 543 2430 est
573 2390 767 2431 Reinach
799 2401 904 2431 cum
947 2389 1165 2430 scriberet
1195 2389 1322 2444 τήνδε
1355 2387 1524 2445 ἐξέδραν
1559 2386 1566 2445 Ι
1600 2389 1701 2443 [καὶ]
1731 2389 1838 2446 τὴ(ν)
1870 2403 2048 2446 προσευ-

63 2457 159 2516 χήν.
219 2459 287 2513 At,
324 2462 376 2502 ut
406 2462 580 2502 taceam
614 2462 667 2502 de
700 2473 917 2503 versuum
952 2462 1251 2514 dispositione
1283 2473 1364 2514 per
1394 2464 1644 2515 utrumque
1677 2463 1858 2503 titulum
1892 2462 2047 2503 obser-

65 2533 180 2585 vata,
221 2543 311 2584 qua
350 2534 613 2586 neutiquam
650 2534 889 2586 probabile
929 2534 991 2588 fit,
1031 2545 1192 2575 versus
1231 2535 1344 2575 sexti
1384 2535 1510 2575 initio
1550 2534 1718 2587 aliquid
1751 2535 2045 2587 intercidisse,

65 2604 166 2656 quis
197 2604 451 2658 crediderit,
486 2605 678 2646 Iudaeos
707 2606 885 2647 Athribi
923 2607 1224 2647 consistentes
1263 2607 1420 2659 paucis
1460 2608 1563 2658 post
1603 2606 1724 2647 illam
1762 2608 2044 2659 superiorem

66 2677 453 2718 consecrationem
485 2678 614 2718 annis
644 2678 734 2718 iam
766 2678 906 2719 altero
939 2679 1137 2719 oratorio
1169 2689 1285 2731 opus
1316 2676 1561 2719 habuisse?
1611 2678 1796 2719 Accedit
1833 2679 1969 2731 quod,
2009 2680 2046 2719 si

65 2745 174 2789 haec
203 2749 321 2789 tituli
350 2760 477 2790 mens
508 2752 640 2803 esset,
679 2752 799 2792 certe
836 2751 1076 2792 delubrum
1108 2751 1271 2804 priore,
1315 2750 1545 2802 exedram,
1590 2762 1706 2803 quae
1738 2763 1829 2792 non
1861 2757 1929 2792 est
1961 2752 2045 2792 nisi

62 2814 286 2873 ¹¹quaedam
316 2821 436 2862 illius
467 2822 707 2876 appendix,
739 2824 994 2875 posteriore
1026 2823 1127 2864 loco
1160 2824 1510 2864 commemorari
1541 2823 1742 2864 decebat.
1804 2823 1950 2871 Quare
1982 2825 2046 2864 sic

67 2892 216 2951 potius
254 2895 417 2946 statuo,
464 2906 489 2934 a
529 2897 627 2936 toto
666 2895 936 2937 Iudaeorum
975 2896 1211 2936 communi
1258 2896 1507 2936 oratorium
1547 2895 1731 2947 publica
1777 2896 2044 2936 auctoritate

66 2953 361 3006 ‘constitutum
406 2976 519 3018 esse,
566 2968 722 3019 paucis
758 2979 869 3009 vero
911 2969 1038 3009 annis
1078 2970 1182 3020 post
1229 2968 1406 3020 privata
1447 2967 1753 3008 munificentia
1799 2969 2044 3008 accessisse

67 3036 288 3078 exedram.
338 3038 529 3079 Dativus
560 3039 669 3079 nihil
700 3039 836 3081 habet
866 3040 1139 3082 offensionis.
1202 3040 1263 3081 Cf.
1295 3038 1423 3092 Syll.2
1446 3043 1542 3092 587,
1567 3042 1638 3081 48:
1679 3037 1792 3083 λίθοι
1824 3038 2045 3095 ἀρουραῖοι

29 3147 31 3167 ἱ
67 3104 124 3154 εἰς
160 3106 209 3150 τὸ
247 3114 419 3167 στρῶμα
455 3109 517 3167 τῷ
555 3108 715 3169 πύργῳ.
761 3123 803 3153 v.
829 3116 903 3153 68:
946 3110 1083 3153 κόλλα
1119 3110 1217 3167 παρ’
1244 3107 1479 3168 Ἀγάθωνος
1520 3115 1614 3158 ταῖς
1653 3108 1812 3169 θύραις.
1850 3134 1908 3142 —-
1943 3110 2044 3166 ἧλοι

29 3170 31 3178 ⁴
66 3181 157 3226 ταῖς
193 3177 353 3239 θύραις.
400 3185 452 3222 70
494 3180 665 3237 σταθμὰ
700 3187 792 3230 ταῖς
831 3181 991 3243 θύραις.
1048 3187 1127 3225 429
1171 3181 1268 3230 ὁδὸς
1307 3187 1402 3230 ταῖς
1443 3181 1604 3239 θύραις.
1663 3188 1742 3224 445
1783 3180 2041 3239 στροφίνγων

69 3246 210 3308 ζεῦγος
238 3257 332 3300 ταῖς
362 3251 524 3311 θύραις.
579 3253 693 3296 Nam
725 3267 814 3297 non
844 3257 995 3298 minus
1018 3258 1137 3298 recte
1159 3268 1295 3309 quam
1319 3267 1474 3298 omnes
1507 3267 1591 3309 res,
1624 3266 1739 3307 quae
1770 3255 1858 3295 illic
1889 3266 2042 3296 recen-

70 3325 234 3379 sentur,
275 3328 433 3379 portae
463 3329 615 3379 partes
652 3327 889 3381 habentur,
928 3330 1064 3370 etiam
1095 3329 1169 3369 hic
1199 3329 1410 3370 exedram
1443 3328 1627 3369 oratorii
1666 3329 1841 3379 partem
1874 3328 2041 3368 iudica-

69 3396 198 3437 veris.
258 3397 318 3439 Cf.
351 3398 579 3441 Addenda.

33 3302 35 3309 v

33 3314 36 3322 ι

71 3679 75 3686 ‚
174 3607 283 3663 102
335 3616 464 3665 Arae
502 3616 714 3681 cylindri
750 3617 912 3683 figura
952 3633 1067 3668 cum
1105 3619 1252 3667 sertis
1300 3619 1348 3665 et
1385 3616 1639 3665 bueraniis
1678 3621 1850 3682 partes
1889 3618 2034 3682 duae,

44 3685 279 3748 *effossae
333 3701 528 3752 Therae
583 3717 744 3769 prope
799 3705 1072 3754 basilicam.
1161 3704 1248 3752 Ed.
1301 3703 1352 3751 F.
1392 3703 1544 3751 Hiller
1590 3717 1691 3752 von
1738 3703 2038 3767 Gartringen

45 3785 47 3807 Ι
152 3792 501 3841 Dittenberger,
527 3798 684 3832 Orientis
709 3799 767 3832 Gr.
789 3799 897 3835 infler.
936 3801 963 3834 1.
1641 3805 1693 3842 42
