2314 3970
236 202 337 254 316
917 199 983 239 111.
1026 197 1176 238 Nubia
1207 200 1251 238 et
1281 197 1529 251 Aethiopia.
2051 198 2209 249 [209—

323 386 347 426 5
380 370 563 439 όμοίως
600 368 615 438 Ι]
652 366 1012 437 Σρουπτίχιος5
1073 367 1197 425 θεᾶς
1252 367 1536 436 γενομένου,
1580 367 1586 435 ἰ
1626 365 1710 420 καὶ
1766 371 1863 420 τῶν
1915 367 2206 438 φιλούντων.

380 453 438 508 ιε’
467 452 661 523 Μεχείρ
674 455 707 504 ⁶.

234 616 446 655 neutrum
478 624 533 653 ex
563 613 634 653 his
664 610 925 652 hominibus
958 612 1163 664 spectare
1194 612 1433 663 paternum
1465 621 1628 651 nomen
1660 610 1824 652 indicio
1861 614 1949 664 est;
1990 612 2211 663 Apollonii

234 686 432 737 fratrem,
463 684 631 725 Soteris
662 685 771 724 natu
802 683 985 725 maioris
1016 682 1172 735 filium,
1204 682 1392 723 minoris
1423 684 1636 735 patruum
1669 683 1964 735 probabiliter
1996 683 2214 724 intellexit

235 758 386 797 Franz.
526 758 547 794 3
588 754 898 796 Sacerdotium
930 753 1189 807 frequenter
1218 753 1334 794 redit
1365 754 1410 794 in
1441 753 1585 794 titulis
1607 754 1810 795 eiusdem
1831 755 2006 807 generis
2037 756 2082 794 et
2109 755 2212 806 loci,

234 829 286 868 ut
308 828 386 867 aut
409 824 543 882 ἱερεὺς
563 823 698 883 γόμου
722 826 974 879 appelletur
995 827 1045 866 ut
1067 826 1139 866 hic
1170 825 1228 877 (C.
1247 825 1277 865 1.
1296 825 1344 865 G.
1369 818 1493 878 4980,
1519 829 1555 865 7.
1590 827 1714 878 4984,
1738 829 1777 867 3.
1808 828 1934 879 4982,
1958 829 1996 867 2.
2032 828 2213 878 4983‚2.

238 899 361 950 4984,
387 901 423 938 7.
459 899 583 949 4986,
608 899 646 937 7.
679 899 803 950 4987,
827 900 865 937 2.
899 899 1023 949 4988,
1048 899 1085 936 2.
1122 898 1246 948 4990,
1271 898 1308 936 4.
1352 898 1475 948 4994,
1500 899 1536 936 3.
1579 897 1703 949 4992,
1726 899 1764 937 2.
1805 899 1931 950 4995,
1955 899 1992 937 4.
2028 899 2151 948 4997,
2177 900 2213 936 3.

238 972 414 1021 4999‚2.
449 971 627 1021 500⁴,2.
662 971 898 1020 5002,2.3.
931 969 1109 1020 5004,7.
1138 970 1312 1020 5006‚3.
1347 970 1525 1019 5008‚2.
1560 970 1738 1020 5042‚2.
1771 970 1946 1019 5044,2.
1980 971 2156 1020 5045,2.
2177 972 2213 1008 3.

237 1043 361 1093 5048,
387 1044 425 1081 3.
450 1042 488 1081 4.
521 1042 646 1092 5020,
670 1043 708 1080 2.
743 1042 868 1092 5024,
891 1042 930 1080 2.
955 1042 993 1079 3.
1026 1041 1150 1091 5027,
1176 1042 1212 1079 3.
1239 1041 1276 1079 4.
1310 1041 1492 1091 5030,4.
1528 1042 1708 1091 5034,2.
1742 1042 1867 1092 5032,
1890 1043 1928 1080 2.
1964 1043 2089 1092 5035,
2114 1043 2151 1079 2.
2178 1043 2214 1080 3.

238 1115 362 1164 5036,
389 1114 427 1152 2.
451 1114 488 1151 3.
541 1109 604 1156 δὶς
645 1108 788 1166 ἱερέως
827 1112 902 1152 τοῦ
939 1108 1075 1168 γόμου
1119 1113 1243 1162 5000,
1268 1113 1305 1150 3.
1337 1112 1375 1150 h.
1417 1113 1541 1163 5040,
1566 1113 1603 1150 5.
1645 1113 1769 1162 5028,
1795 1114 1833 1151 3.
1886 1108 2032 1165 ἱερέως
2069 1108 2216 1166 γόμων

236 1182 359 1224 πέντε
391 1185 516 1235 5003,
539 1185 579 1223 2.
604 1185 641 1223 3.
695 1179 840 1237 ἱερέως
869 1180 1015 1238 γόμων
1045 1179 1153 1222 ἑπτά
1183 1185 1308 1234 5005,
1333 1185 1370 1222 3.
1397 1183 1433 1222 4.
1487 1179 1632 1238 ἱερέως
1653 1179 1798 1236 γόμων
1820 1179 1932 1222 ὀκτώ
1966 1185 2091 1233 5007,
2117 1185 2154 1222 3.
2179 1183 2216 1222 4.

239 1252 397 1307 50071),
421 1256 460 1296 2.
485 1256 522 1294 3.
556 1257 682 1306 5009,
707 1256 744 1294 3.
799 1251 944 1308 ἱερέως
981 1253 1077 1294 sine
1118 1253 1326 1306 genetivo
1357 1255 1482 1305 4996,
1507 1257 1545 1294 5.
1586 1256 1711 1305 5029,
1736 1253 1789 1305 3),
1831 1255 1910 1294 aut
1939 1254 2109 1294 mentio
2141 1253 2219 1294 fiat

239 1322 490 1380 ἱερεωσύνης
532 1324 591 1375 (C.
623 1325 654 1365 I.
678 1324 725 1365 G.
757 1327 881 1376 5002,
905 1328 943 1365 5.
994 1329 1079 1365 τῶν
1114 1312 1159 1380 η’
1181 1323 1439 1379 ἱερεωσυνῶν
1472 1327 1597 1376 5009,
1622 1327 1659 1365 7.
1692 1324 1731 1376 8)
1773 1324 1845 1365 vel
1874 1321 2218 1382 ἀρχιερεωσόνης

238 1396 378 1448 (5004,
405 1397 440 1436 4.
474 1398 601 1448 5006,
625 1399 663 1436 8.
696 1397 770 1436 504
785 1397 822 1448 4,
846 1395 898 1447 5).
951 1396 1082 1436 quta
1111 1396 1393 1437 sacerdotem
1419 1407 1746 1449 nonnunquam
1776 1397 2010 1448 comparet
2039 1394 2219 1451 προστά-

236 1481 313 1524 της
350 1468 425 1508 τοῦ
463 1464 598 1524 γόμου
645 1467 703 1519 (C.
726 1467 757 1507 Ι.
781 1467 828 1507 G.
864 1468 988 1519 4983,
1013 1470 1050 1507 3.
1098 1469 1222 1519 4994,
1248 1471 1285 1508 8.
1335 1470 1459 1520 4996,
1482 1470 1520 1508 9.
1582 1466 1824 1522 προστάτης
1868 1468 1964 1508 sinc
2009 1468 2218 1519 genetivo

240 1541 364 1592 4994,
391 1539 429 1591 3)
461 1541 507 1579 et
534 1539 809 1580 universitas
840 1539 1223 1581 naviculariorum
1264 1536 1318 1591 (οἱ
1348 1537 1432 1580 ἀπὸ
1461 1540 1537 1580 τοῦ
1566 1537 1703 1595 γόμου
1745 1539 1790 1580 C.
1812 1539 1843 1580 1.
1867 1539 1915 1579 G.
1952 1541 2075 1592 4993,
2111 1542 2147 1580 4.
2180 1544 2217 1580 5.

239 1614 365 1663 5006,
389 1612 426 1650 4.
452 1614 490 1651 5.
531 1613 656 1663 5008,
680 1614 717 1652 5.
744 1614 781 1651 6.
816 1613 941 1663 5040,
967 1615 1003 1654 7.
1028 1614 1065 1651 8.
1100 1613 1226 1662 5042,
1252 1613 1287 1651 ’1.
1314 1615 1351 1651 8.
1385 1613 1511 1663 5045,
1535 1610 1588 1661 5).
1650 1611 1768 1652 Haec
1799 1611 1953 1651 omnia
1987 1611 2044 1652 ad
2080 1622 2219 1652 naves

241 1682 471 1723 onerarias
502 1683 708 1734 spectare
738 1681 1027 1723 manifestum
1058 1683 1141 1735 est,
1180 1681 1547 1734 quandoquidem
1578 1680 1712 1738 γόμος
1741 1682 1914 1734 ubique
1945 1693 2060 1723 onus
2089 1683 2219 1724 navis
2287 1725 2291 1728 ,

240 1753 472 1805 significat.
532 1753 680 1806 Atque
710 1753 755 1794 in
787 1754 856 1794 his
887 1753 1032 1794 titulis
1063 1764 1139 1794 eas
1169 1753 1463 1806 potissimum
1493 1763 1633 1794 naves
1663 1753 1873 1807 intellegi,
1910 1753 2078 1806 quibus
2108 1753 2222 1806 lapi·
2286 1743 2287 1746 ¹

240 1825 319 1866 des
350 1836 374 1865 e
404 1825 656 1878 lapicidinis
687 1825 1003 1878 avehebantur,
1036 1825 1346 1867 demonstrant
1375 1825 1495 1866 tituli
1525 1825 1570 1866 C.
1591 1826 1623 1866 I.
1647 1825 1694 1866 G.
1727 1827 1850 1879 4993,
1881 1829 1918 1866 6.
1953 1828 1999 1866 7:
2046 1823 2115 1866 ἐπὶ
2146 1828 2220 1866 τοῦ

239 1893 375 1953 γόμου
405 1893 564 1951 ἥλκυσε
593 1893 769 1948 λίθου[ς]
799 1888 873 1937 κε’.
926 1900 1051 1948 5024,
1075 1900 1112 1938 7.
1137 1900 1182 1938 8:
1216 1893 1286 1937 ἐπὶ
1312 1899 1388 1938 τοῦ
1419 1894 1555 1952 γόμου
1578 1893 1855 1952 Σαραπίωνος
1879 1894 2023 1954 ἱερέως
2052 1894 2223 1952 ἤλκυσα

240 1964 391 2014 λίθους
422 1955 498 2008 σλ’.
548 1968 700 2008 Franz.
849 1970 871 2008 4
914 1968 1027 2008 Cum
1057 1968 1144 2009 hoc
1175 1968 1230 2009 de
1260 1969 1444 2009 civitate
1475 1968 1642 2009 Graeca
1680 1968 1932 2009 necessario
1964 1968 2222 2020 intellegen-

242 2038 352 2079 dum
391 2039 462 2091 sit,
502 2039 793 2080 Ptolemaidis
833 2039 1124 2091 potissimum
1166 2041 1421 2081 senatorem
1462 2039 1703 2092 significari
1733 2051 1839 2080 cum
1877 2051 1932 2080 ex
1963 2041 2055 2080 situ
2083 2040 2220 2080 huius

243 2109 399 2162 oppidi
421 2111 609 2162 apparet
631 2112 730 2150 tum
761 2110 1055 2151 confirmatur
1075 2111 1207 2151 titulo
1239 2111 1283 2152 C.
1306 2111 1336 2151 I.
1361 2111 1408 2151 G.
1432 2114 1557 2163 5000,
1581 2114 1620 2152 2.
1646 2113 1683 2163 3,
1714 2110 1794 2151 ubi
1826 2111 1881 2151 de
1908 2111 2064 2151 Sotere
2084 2111 2222 2151 huius

242 2181 465 2233 Apollonii
506 2182 558 2221 ut
595 2181 780 2234 quidem
818 2182 999 2223 videtur
1038 2182 1174 2223 fratre
1213 2183 1317 2234 (not.
1340 2171 1378 2233 2)
1416 2182 1580 2234 legitur
1620 2179 1866 2236 βουλευτής,
1905 2178 2034 2236 ἄρξας
2063 2177 2222 2223 Πτολε-

244 2249 416 2306 μαιέων.
475 2251 536 2293 Cf.
568 2255 800 2305 praeterea
839 2253 883 2294 C.
916 2254 947 2293 Ι.
977 2253 1024 2294 G.
1056 2256 1180 2307 5042,
1214 2256 1252 2295 3.
1285 2255 1308 2293 4
1353 2252 1566 2310 ἱεροποιοῦ
1597 2249 1915 2308 Πτολεμαιέων.
1967 2256 2092 2306 5032,
2123 2256 2162 2294 2.
2194 2256 2216 2292 3

242 2321 475 2377 βουλευτοῦ
514 2320 831 2379 Πτολεμαιὲων.
881 2325 1031 2366 Franz.
1208 2329 1230 2366 5
1270 2324 1485 2366 Eiusdem
1525 2324 1633 2365 deae
1674 2335 1842 2365 nomen
1879 2324 1996 2365 redit
2032 2325 2078 2366 C.
2111 2326 2140 2365 Ι.
2172 2326 2220 2366 G.
2310 2357 2311 2360 η

243 2398 369 2448 5032,
393 2399 430 2436 3.
454 2398 477 2435 4
508 2397 582 2437 τοῦ
613 2398 761 2437 καινοῦ
795 2394 907 2451 ἱεροῦ
936 2399 1012 2451 τῆς
1041 2393 1188 2454 ’κυρίας
1220 2392 1514 2454 Σρουπτίχιος.
1566 2399 1692 2450 5033,
1718 2399 1740 2436 3
1779 2393 2047 2453 [προστάτης]
2089 2393 2221 2454 Σρου-
2272 2415 2277 2426 »
2309 2386 2311 2400 ᾗ

242 2463 423 2524 πτίχιος,
471 2467 556 2508 viri
600 2479 766 2509 nomen
804 2468 908 2509 inde
948 2468 1205 2509 derivatum
1245 2465 1581 2526 Ψενσροὺπτιχις
1630 2468 1770 2509 habes
1810 2468 1855 2509 C.
1883 2469 1914 2509 Ι.
1945 2468 1992 2508 G.
2025 2471 2148 2521 4983,
2181 2472 2219 2509 4.
2308 2455 2310 2483 ;

245 2541 269 2578 6
307 2538 388 2578 Die
419 2542 456 2579 9.
480 2540 649 2580 mensis
679 2539 922 2580 Februarii.

354 2763 467 2817 210
519 2769 677 2816 Talmi
717 2764 1091 2833 (Kalabsohelz).
1164 2770 1286 2818 Edd.
1329 2769 1556 2818 Niebuhr
1598 2770 1752 2819 Inscr.
1800 2770 1928 2819 Nub.
1970 2785 2020 2835 p.
2053 2770 2116 2818 40
2157 2785 2223 2819 ex
2271 2788 2305 2827 ,ὲ

247 2851 391 2901 Gauii
443 2853 759 2919 apograph0‚
816 2858 926 2902 tum
971 2855 1080 2919 ipse
1126 2855 1235 2904 Gau
1282 2855 1502 2904 Monum.
1549 2856 1678 2905 Nub.
1728 2856 1831 2904 tab.
1856 2856 1921 2906 20
1973 2855 2029 2920 (J.
2060 2855 2221 2904 Franz
2266 2872 2305 2909 .3

246 2936 297 2986 C.
327 2938 363 2986 I.
393 2938 449 2986 G.
480 2937 654 3002 5069).
718 2939 1011 2988 Accuratius
1050 2941 1107 2989 R.
1137 2941 1348 3006 Lepsius
1373 2940 1678 2990 Denkmaler
1703 2956 1794 2990 aus
1818 2941 2078 3006 Aegypten
2115 2941 2223 2990 und

245 3023 546 3089 Aethiopien
570 3024 660 3072 XII
696 3039 746 3089 p.
778 3025 842 3073 95
883 3040 931 3073 n.
963 3023 1080 3074 379.
1149 3025 1220 3075 Cf.
1262 3027 1513 3075 Letronne
1551 3026 1869 3076 Recherches
1902 3041 2034 3092 pour
2060 3028 2222 3076 servir

247 3107 278 3156 a
314 3105 464 3157 l’hist.
509 3109 571 3158 de
607 3097 840 3175 l’Egypte
877 3125 926 3175 p.
960 3108 1077 3159 487.

390 3247 679 3319 Αόρήλ(ιος)
724 3247 995 3321 Βησαρίων
1036 3251 1061 3301 ὁ
1100 3249 1185 3302 καὶ
1227 3246 1496 3320 Ἀμμώνιος
1528 3252 1534 3320 Ι
1564 3250 1870 3322 στρ(ατηγὸς)
1905 3247 2153 3322 Ὀμβ(ίτου
2167 3253 2217 3320 ¹),

363 3406 555 3448 Litterae
586 3398 1156 3459 ΑΑᾸΔΕΕΕΘᾸΞΠΕΟΙΜ
1202 3408 1261 3459 (in
1300 3411 1532 3461 postremo
1571 3420 1708 3451 versu
1750 3410 1822 3461 ω).
1882 3408 2220 3462 Perfrequentes

248 3475 500 3518 litterarum
531 3478 761 3530 ligaturae.
899 3483 914 3520 4
955 3480 1026 3520 Sic
1056 3479 1268 3532 supplere
1299 3480 1436 3521 malui
1465 3493 1602 3533 quam
1625 3472 1824 3536 Ὄμβ(ου)
1854 3491 1959 3521 cum
1993 3481 2220 3533 prioribus

249 3548 524 3603 editoribus;
571 3562 717 3604 neque
762 3553 881 3593 enim
930 3551 1085 3605 oppidi
1129 3552 1262 3592 Ombi
1306 3554 1530 3605 strategus
1576 3555 1658 3607 est,
1705 3553 1784 3594 sed
1833 3553 1957 3594 nomi
2003 3553 2218 3594 Ombitae.

248 3619 387 3660 Aliter
417 3631 488 3662 res
530 3632 576 3662 se
608 3616 743 3664 habet
780 3625 825 3664 in
864 3636 999 3665 nomo
1032 3623 1360 3677 Elephantines,
1401 3626 1479 3677 qui
1517 3625 1697 3666 nomine
1737 3635 1818 3677 per
1855 3626 2219 3666 terminationem
