2314 3970
226 188 328 240 560
659 187 730 228 VI.
777 188 923 238 Regna
954 185 1116 226 Asiana
1148 185 1341 225 minora.
1402 188 1439 225 3.
1474 184 1768 237 Cappadocia.
2044 186 2202 237 [350—
2276 175 2288 210 J

313 374 336 413 5
367 353 772 428 Ἀρια(ρ)ά[θοι>2]
814 355 820 425 Ι
863 355 1044 426 ἀρετῆς
1092 356 1257 407 ἕνεκεν
1304 353 1390 407 καὶ
1439 354 1634 414 εὐνοίας
1671 354 1687 425 ΙΙ
1722 360 1810 424 τῆς
1856 357 1927 414 εἰς
1973 355 2149 408 ἑαυτὸν
2191 355 2196 425 Ι
2242 413 2246 417 ,

364 440 608 513 Ἀρτέμιδι
623 443 658 509 3,
699 441 907 511 [Λητ]οῖ,
946 437 1339 511 Ἀ(π>ό[λλωνι]4.

224 599 494 644 Ariarathes
532 612 610 642 rex
639 602 774 654 parte
812 596 1013 642 dimidia
1054 597 1278 654 peewniae
1315 596 1565 653 imperatae
1602 596 1815 653 beneficio
1851 596 2088 652 Eumenis,
2128 597 2207 642 cui

225 671 515 727 desponderat
550 684 635 726 per
676 684 748 714 eos
785 669 881 714 dies
917 669 1082 725 filiam,
1126 669 1324 713 remissa
1359 668 1414 712 in
1457 668 1718 713 amicitiam
1755 673 1817 713 est
1853 671 2070 726 aceeptus)
2116 672 2204 712 hoc

225 746 576 786 monumentum
599 743 656 785 ab
676 743 1026 785 Atheniensibus
1048 743 1281 784 decretum
1306 744 1389 784 est.
1537 746 1559 782 2
1602 744 1800 784 ΑΡΙΑΒΑ
1830 743 1992 784 Stuart.
2045 743 2206 784 Emen-
2306 794 2307 797 Ἰ

225 816 350 857 davit
379 816 572 869 Boeckh,
613 816 692 868 qui
730 817 881 856 tamen
911 816 1073 868 postea
1102 810 1457 871 Ἀριαβα[ρζάνου]
1497 814 1708 868 supplere
1739 814 1913 855 maluit.
1972 815 2030 855 At
2070 815 2205 855 huius

223 887 407 940 quidem
440 888 692 940 scripturae
723 888 900 928 nullum
930 898 1128 939 usquam
1159 886 1281 940 apud
1321 886 1515 927 Graecos
1553 888 1700 927 exstat
1740 886 2014 939 exemplum.
2077 886 2207 934 Quod
2306 883 2307 892 ¹

225 960 444 1012 quoniam
474 959 634 1011 utique
665 959 978 1000 emendatione
1009 969 1125 1012 opus
1157 960 1238 1012 est,
1270 957 1415 998 multo
1448 957 1622 999 facilius
1653 969 1736 1011 per
1765 969 1965 999 errorem
2001 960 2032 999 Β
2065 969 2148 1011 pro
2180 960 2207 999 Ρ

224 1032 311 1083 legi
348 1033 428 1072 aut
464 1030 603 1071 incidi
641 1031 845 1084 potuisse
888 1042 1026 1083 quam
1067 1033 1104 1072 Α
1145 1041 1229 1083 pro
1262 1032 1302 1071 O
1344 1030 1391 1070 in
1428 1030 1670 1083 propatulo
1713 1031 1795 1071 est.
1857 1029 2004 1078 Quare
2042 1041 2208 1071 nomen
2306 1073 2308 1079 ,

224 1097 529 1160 Ἀρια(ρ)ά[θου]
560 1113 642 1155 pro
674 1104 797 1143 certo
829 1102 1102 1143 habendum.
1161 1103 1227 1143 De
1256 1101 1491 1143 Ariarathe
1521 1101 1578 1142 IV
1611 1102 1921 1155 Cappadociae
1958 1113 2063 1154 rege
2101 1101 2208 1154 (fere
2292 1090 2309 1159 7ἶ

227 1177 452 1215 220-463
485 1186 523 1215 a.
547 1173 647 1214 Chr.
671 1174 727 1226 n.)
769 1173 822 1215 cf.
860 1174 906 1215 B.
938 1174 1073 1216 Niese
1114 1185 1184 1227 ap.
1217 1173 1610 1227 Pauly-Wissowa
1650 1173 2083 1227 Realencyklopadie
2112 1174 2150 1214 11
2182 1177 2199 1213 l

227 1256 270 1299 p.
293 1249 388 1287 847.
552 1249 574 1286 3
614 1245 777 1287 Nescio
809 1257 864 1287 an
893 1246 1035 1287 Diana
1065 1246 1147 1287 dea
1178 1246 1307 1298 virgo
1336 1245 1440 1287 ideo
1471 1246 1546 1286 hic
1582 1247 1763 1298 praeter
1799 1257 1975 1287 morem
2004 1246 2206 1299 primum

226 1317 378 1358 locum
408 1319 571 1371 teneat,
603 1318 711 1370 quia
739 1317 920 1369 reginae
947 1317 1136 1370 virginis
1165 1319 1315 1359 statua
1337 1317 1582 1358 dedicatur.
1630 1316 1690 1358 Cf.
1722 1329 1765 1358 n.
1789 1316 1881 1358 353.
2031 1319 2054 1357 4
2087 1318 2207 1358 ΑΤΟ
2284 1334 2289 1362 ῑ
2313 1355 2314 1358 ,

226 1390 390 1431 Stuart.
452 1389 685 1442 Supplevit
715 1391 760 1430 et
790 1389 1048 1430 emendavit
1079 1390 1274 1431 Boeckh.

337 1617 447 1671 351
501 1622 807 1686 Fragmenta
845 1621 945 1671 duo
985 1619 1036 1688 (a
1060 1618 1106 1688 b)
1143 1621 1371 1688 lapidum
1406 1622 1616 1687 parietis
1652 1623 1706 1670 in
1738 1623 1928 1687 templo
1956 1621 2211 1670 Minervae

228 1708 449 1757 Poliadis
489 1708 624 1772 quod
675 1707 769 1757 fuit
806 1708 1037 1757 Prienae.
1101 1708 1191 1757 Ed.
1233 1709 1286 1757 E.
1317 1709 1370 1757 L.
1400 1707 1556 1757 Hicks
1597 1707 1762 1758 Greek
1798 1707 2120 1773 inscriptions
2158 1707 2210 1755 in

228 1794 318 1844 the
356 1793 545 1843 British
582 1795 810 1843 Museum
847 1795 913 1842 III
949 1794 967 1842 ⁴
1015 1810 1065 1860 p.
1093 1795 1156 1842 44
1196 1809 1245 1844 n.
1276 1792 1605 1845 CCCCXXIV.

1205 1952 1240 1987 a

316 2024 337 2071 Ι
374 2050 600 2059 -------
645 2042 691 2073 ει
734 2051 1041 2061 ---------
1091 2019 1096 2093 Ι
1147 2051 1338 2060 ------
1347 2021 1505 2092 φίλων
1569 2019 1682 2080 τοὺς
1750 2021 2213 2089 ἀνανε[ωσαμένους

373 2136 397 2144 -
406 2137 599 2145 ------
642 2106 646 2174 Ι
695 2137 953 2146 --------
954 2107 997 2176 ]·
1047 2106 1155 2159 ἐπεὶ
1202 2104 1300 2179 γὰρ
1341 2105 1706 2178 ἈριαροίθΙης1
1751 2137 2003 2146 --------
2045 2107 2050 2176 Ι
2091 2136 2212 2146 ----

345 2267 538 2307 Litterae
570 2270 606 2309 Α
638 2267 694 2318 (v.
718 2270 770 2306 47
794 2267 993 2320 septiens
1014 2267 1063 2318 Α)
1097 2267 1282 2308 ΘΠΣΩ.
1344 2267 1583 2308 Extremae
1611 2268 1766 2308 hastae
1786 2266 1993 2319 apicibus
2015 2268 2213 2307 ornatae.
2301 2272 2304 2322 ᾗ

234 2341 250 2378 4
291 2337 537 2390 Utrumque
558 2338 858 2390 fragmentum
883 2340 1090 2391 spectare
1111 2339 1167 2379 ad
1187 2341 1416 2380 certamen
1436 2339 1684 2380 Ariarathis
1705 2338 1744 2378 V
1770 2339 1945 2390 (lca—4
1960 2342 2009 2377 30
2036 2350 2073 2379 a.
2096 2337 2212 2389 Chr.)

232 2421 337 2450 cum
369 2410 631 2463 Oropherne
662 2410 799 2451 fratre
837 2411 891 2452 de
931 2422 1069 2463 regno
1101 2410 1410 2464 Cappadociae
1441 2411 1731 2452 manifestum
1772 2413 1852 2452 est.
1912 2410 2068 2463 Neque
2102 2421 2212 2451 vero

231 2483 434 2523 eiusdem
468 2483 638 2523 decreti
659 2494 758 2523 esse
785 2485 994 2536 possunt,
1026 2483 1395 2536 quandoquidem
1422 2483 1723 2536 fragmentum
1745 2481 1771 2524 b
1801 2485 1988 2536 apparet
2011 2484 2214 2524 senatus·
2299 2482 2307 2539 J

233 2555 431 2595 consulti
451 2555 639 2595 Romani
670 2554 914 2596 frustulum
937 2566 1035 2596 esse
1067 2555 1133 2608 (cf.
1158 2556 1402 2608 praecipue
1423 2568 1466 2596 v.
1491 2559 1542 2596 45
1565 2558 1610 2596 et
1631 2555 1698 2607 48)
1722 2566 1827 2596 cum
1848 2557 1895 2596 in
1915 2555 2163 2607 fragmento
2184 2567 2215 2596 a
2298 2581 2306 2606 ·,

232 2638 275 2667 v.
300 2630 336 2667 5.
362 2630 385 2667 6
419 2627 484 2667 sic
514 2626 569 2666 de
600 2627 811 2667 Romanis
844 2627 982 2668 verba
1012 2626 1133 2680 fiant,
1175 2629 1227 2668 ut
1262 2628 1375 2668 haec
1415 2627 1472 2668 ab
1513 2628 1624 2680 ipsis
1664 2628 1833 2680 scripta
1869 2638 1968 2669 esse
1999 2626 2216 2668 credibile

232 2710 323 2739 non
355 2699 424 2739 sit.
485 2699 629 2739 Immo
667 2699 741 2739 hic
782 2699 877 2739 sine
908 2698 1048 2739 dubio
1082 2699 1252 2740 decreti
1281 2700 1591 2740 Prienensium
1622 2700 1851 2752 relliquias
1878 2701 2100 2740 tenemus.
2149 2699 2214 2738 De
2294 2687 2300 2731 ζ

233 2771 540 2811 Prienensium
571 2781 653 2823 per
681 2770 793 2811 illud
822 2770 1071 2811 fraternum
1103 2771 1273 2811 bellum
1304 2771 1444 2812 rebus
1477 2771 1529 2812 cf.
1562 2771 1717 2824 Polyb.
1746 2771 1944 2824 XXXIII,
1979 2776 2016 2824 6,
2050 2774 2066 2811 4
2093 2782 2213 2823 sqq.:

235 2841 298 2884 ὅτι
326 2840 437 2884 κατὰ
465 2841 564 2889 τοὺς
597 2841 771 2897 καιροὺς
801 2840 977 2889 τούτους
1013 2842 1086 2884 καὶ
1117 2840 1314 2899 Πριηνεῖς
1345 2841 1542 2884 ἐνέπεσον
1581 2842 1811 2899 παραλόγῳ
1844 2842 2054 2901 συμφορᾷ.
2095 2840 2214 2889 δεξά-

237 2928 354 2969 μενοι
389 2912 468 2970 γὰρ
510 2908 924 2972 παρ”Οροφέρνους,
966 2908 1021 2955 ὅτ’
1048 2911 1256 2970 ἐκράτησε
1296 2918 1374 2970 τῆς
1412 2913 1565 2973 ἀρχῆς,
1606 2913 1649 2956 ἐν
1690 2913 1924 2972 παραθήκῃ
1964 2912 2215 2970 τετρακόσια

233 2984 433 3041 τάλαντα,
477 2984 718 3045 ἀπῃτοῦντο
748 2984 860 3028 κατὰ
894 2984 994 3033 τοὺς
1032 2984 1129 3042 ἑξῆς
1165 2985 1345 3045 χρόνους
1383 2985 1451 3028 ὑπ’
1470 2982 1732 3045 Ἀριαράθου,
1780 2986 1848 3029 ὅτε
1888 2984 2093 3042 μετέλαβε
2136 2991 2214 3043 τῆς

235 3056 388 3116 ἀρχῆς.
426 3056 466 3099 οἱ
501 3057 578 3114 μὲν
611 3056 682 3099 οὖν
714 3055 928 3114 Πριηνεῖς,
969 3058 1027 3105 ὡς
1066 3056 1163 3110 ἐμοὶ
1194 3057 1348 3111 δοκεῖν,
1393 3056 1533 3114 ὀρθῶς
1569 3056 1752 3112 ἵσταντο,
1795 3056 2025 3115 φάσκοντες
2065 3055 2216 3113 μηδενὶ

234 3128 500 3186 προήσεσθαι
542 3128 595 3172 τὰ
638 3129 841 3189 χρήματα
882 3129 1038 3179 ζῶντος
1060 3124 1359 3188 Ὀροφέρνους,
1405 3128 1519 3188 πλὴν
1550 3130 1667 3188 αὐτῷ
1693 3132 1756 3187 τῷ
1790 3128 2091 3186 παραθεμένῳ,
2130 3127 2152 3171 ὁ
2180 3122 2212 3169 δ’

234 3196 486 3259 Ἀριαράθης
517 3199 695 3249 πολλοῖς
734 3201 875 3244 ἐδόκει
903 3200 1180 3259 παραπίπτειν
1211 3204 1286 3243 τοῦ
1323 3199 1605 3258 καθήκοντος,
1645 3201 1834 3244 ἀπαιτῶν
1871 3202 1948 3259 τὴν
1986 3197 2213 3258 ἀλλοτρίαν

236 3269 508 3331 παραθήκην.
541 3272 590 3315 οὐ
623 3272 706 3330 μήν
739 3271 831 3315 ἀλλ’
853 3271 933 3321 ἕως
967 3273 1044 3329 μὲν
1074 3271 1224 3315 τούτου
1254 3271 1349 3332 τάχ’
1371 3273 1419 3315 ἄν
1439 3288 1504 3321 τις
1536 3273 1631 3333 ἔχοι
1662 3275 1914 3332 συγγνώμην
1946 3273 2065 3329 αὐτῷ
2084 3287 2215 3314 κατα-

237 3344 487 3403 πειράζοντι,
532 3344 595 3400 τῷ
625 3344 768 3387 δοκεῖν
807 3350 886 3403 τῆς
915 3344 1076 3388 ἐκείνου
1118 3343 1328 3401 βασιλείας
1358 3344 1467 3387 εἶναι
1505 3345 1558 3388 τὰ
1587 3346 1811 3405 χρήματα·
1855 3345 1902 3387 τὸ
1935 3344 1981 3387 δὲ
2009 3344 2083 3387 καὶ
2112 3359 2215 3402 πορ-

240 3415 408 3475 ρωτέρω
449 3415 691 3472 προβαίνειν
733 3416 863 3476 ὀργῆς
901 3417 975 3460 καὶ
1025 3415 1266 3476 φιλοτιμίας
1306 3415 1506 3473 οὐδαμῶς
1544 3417 1683 3460 ἐδόκει
1713 3415 1906 3474 γενέσθαι
1934 3416 2044 3459 κατὰ
2074 3415 2212 3473 λόγον.

237 3489 420 3530 Diodor.
443 3489 603 3543 XXXI,
630 3493 701 3531 32:
744 3487 945 3545 ἀθροίσας
977 3489 1022 3531 δὲ
1054 3483 1350 3547 (Ὀροφέρνης)
1387 3489 1619 3548 χρημάτων
1651 3487 1818 3547 πλῆθος
1858 3488 2111 3545 τετρακόσια
2139 3487 2212 3529 τά·

237 3557 368 3600 λαντα
398 3559 604 3617 παρέθετο
637 3558 867 3617 Πριηνεῦσι
903 3561 1006 3618 πρὸς
1035 3561 1089 3604 τὰ
1127 3566 1202 3618 τῆς
1234 3559 1367 3620 τύχης
1409 3561 1654 3620 παράλογα·
1700 3559 1807 3615 ἅπερ
1842 3559 2012 3618 ὕστερον
2047 3558 2214 3603 ἀπέδω-

237 3645 331 3672 καν.
377 3632 425 3673 Η.
488 3633 548 3674 Cf.
581 3636 672 3674 not.
697 3638 734 3675 3.
760 3637 795 3675 4.
822 3637 859 3674 8.
886 3637 951 3675 43.
