2314 3970
152 203 248 255 424]
999 200 1198 252 Agrippa
1230 200 1281 240 II.
2023 198 2127 248 635

145 375 202 446 {b
241 390 265 430 5
295 404 445 414 -----
483 374 573 426 οὐκ
611 370 704 426 οἷδ’
739 375 873 432 ὅπως
912 373 1064 444 μέχρι
1099 374 1182 425 νῦν
1231 372 1489 441 λ[αθόντες
1535 369 1621 423 καὶ
1658 369 1673 441 ΙΙ
1709 371 1761 423 ἐν
1799 369 2003 429 πολλοῖς
2041 374 2129 439 τῆς

290 461 482 531 χώ]ρας
529 460 726 531 μέρεσιν
781 459 1238 532 ἐνφωλεύσ[αντες3
1281 489 1432 498 -----
1445 457 1451 528 Ι
1461 488 1644 497 ------
1699 456 1854 528 ε]ἶχεν
1910 460 1944 527 ἢ
2005 454 2122 527 μηδ’

290 548 419 606 ὅλως
463 545 581 598 ποτὲ
629 568 658 615 γ
669 575 917 586 --------
931 545 936 616 1
950 575 1197 585 --------
1245 566 1271 597 ο
1295 586 1304 596 .
1331 587 1340 596 .
1364 566 1390 596 τ
1411 585 1603 597 ......
1624 544 1866 615 πτ4----Ι
1880 574 2131 584 --------

145 709 468 760 Romanorum,
511 718 658 760 neque
689 717 798 748 vero
829 706 998 746 mirum
1031 704 1220 746 eandem
1261 705 1397 745 etiam
1440 717 1465 745 a
1496 715 1600 757 rege
1641 706 1873 758 usurpari3
1914 715 2004 746 non
2035 716 2127 758 quo

145 781 183 821 is
225 791 403 820 morem
443 780 694 821 Romanum
737 778 941 819 imitatus
981 778 1052 830 sit,
1103 776 1184 817 sed
1224 777 1323 817 vice
1361 787 1494 818 versa
1537 777 1725 818 Romani
1765 778 1839 818 hic
1878 778 1931 817 ut
1960 777 2130 837 ¹multis

144 852 242 894 aliis
274 853 319 893 in
350 852 489 893 rebus
520 851 833 903 institutisque
862 849 1123 902 exemplum
1146 859 1304 900 regum
1336 849 1521 890 orientis
1555 850 1699 890 secuti
1725 851 1843 890 sunt.
1893 848 2009 890 Nam
2041 849 2130 890 iam

143 925 190 964 in
221 925 407 977 antiquo
438 921 874 964 Achaemenidarum
906 932 1044 973 regno
1077 921 1272 962 similem
1309 923 1430 961 certe
1462 920 1705 962 formulam
1737 921 1954 962 usitatam
1993 920 2132 962 fuisse

143 996 310 1037 indicio
349 997 418 1037 est
458 994 586 1048 Syll.2
623 999 662 1048 2,
693 997 824 1035 4—4:
881 991 1078 1049 βασιλεὺς
1116 991 1352 1048 [β]ασιλέων
1393 989 1570 1051 Δαρεῖος
1612 991 1634 1035 ὁ
1662 988 1907 1035 Ὑστάσπεω
1945 989 2132 1035 Γαδάται

144 1066 303 1109 δούλωι
341 1066 441 1109 τάδε
480 1066 636 1124 λέγε[ι].
699 1067 760 1107 Cf.
802 1077 918 1119 quae
955 1065 1019 1106 ibi
1058 1066 1188 1106 attuli
1219 1067 1310 1107 not.
1337 1068 1374 1106 4.
1524 1069 1545 1105 3
1587 1066 1699 1107 Cum
1734 1063 1928 1122 φωλεύω,
1969 1063 2131 1122 φωλεία

143 1141 326 1193 proprie
357 1140 412 1180 de
442 1139 548 1180 feris
579 1140 843 1191 usurpetur,
875 1149 991 1191 quae
1012 1149 1093 1190 per
1112 1138 1308 1178 hiemem
1341 1138 1386 1178 in
1409 1139 1614 1179 cavernis
1639 1138 1946 1180 subterraneis
1969 1149 2129 1180 somno

143 1212 334 1254 obrutae
364 1212 544 1264 lateant,
585 1222 911 1263 nonnunquam
943 1211 1079 1251 etiam
1117 1210 1174 1251 ad
1211 1210 1418 1251 homines
1459 1210 1742 1251 transfertur.
1804 1211 1864 1251 Cf.
1904 1211 2128 1252 Plutarch.

143 1284 321 1333 Quaest.
344 1295 473 1325 conv.
496 1284 607 1336 VIII,
630 1287 668 1336 9,
695 1286 716 1322 3
749 1295 792 1336 p.
819 1286 898 1323 '733
922 1283 974 1323 C:
1012 1281 1091 1336 τὴν
1124 1280 1172 1323 δὲ
1201 1279 1398 1337 Τίμωνος
1437 1281 1481 1323 ἐν
1514 1278 1696 1339 Κιλικίᾳ
1735 1280 1874 1338 τηθὴν
1903 1277 2131 1338 Ἀριστοτέ-

141 1354 221 1413 λης
261 1353 455 1412 ἱστόρηκε
495 1352 702 1410 φωλεύειν
739 1356 814 1395 τοῦ
854 1352 974 1401 ἔτους
1016 1350 1199 1395 ἑκάστου
1242 1351 1346 1395 δέκα
1379 1357 1530 1409 μῆνας,
1572 1352 1723 1409 μηδενὶ
1761 1352 1875 1410 πλὴν
1917 1352 2031 1410 μόνῳ
2069 1353 2131 1411 τῷ

141 1426 341 1470 ἀναπνεῖν
383 1425 446 1469 ὅτι
487 1425 539 1485 ζῇ
582 1424 785 1482 διάδηλον
828 1424 969 1468 οὖσαν.
1029 1426 1094 1467 Ac
1134 1427 1208 1467 hic
1245 1425 1431 1478 quidem
1469 1426 1525 1467 de
1570 1427 1687 1467 miro
1726 1427 1876 1467 somni
1926 1426 2130 1468 continui

141 1511 303 1553 genere
343 1499 523 1552 dicitur,
571 1499 653 1540 sed
691 1499 829 1540 etiam
875 1498 930 1539 de
967 1499 1233 1540 hominibus
1271 1498 1524 1540 bestiarum
1562 1499 1655 1539 ritu
1702 1499 1805 1550 (huc
1850 1499 1946 1540 sine
1987 1498 2126 1539 dubio

141 1573 318 1625 spectat
338 1583 379 1612 v.
406 1574 428 1611 3
461 1567 702 1626 θηριώδους
732 1568 1074 1623 καταστάσεω[ς])
1108 1571 1153 1611 in
1175 1557 1402 1624 speluncis
1424 1570 1735 1611 habitantibus
1758 1570 1998 1612 commode
2019 1571 2130 1623 poni

141 1643 346 1697 potuisse
376 1654 466 1684 non
497 1644 565 1683 est
595 1642 862 1695 negandum.
924 1643 1018 1683 Iam
1049 1643 1165 1683 hanc
1196 1643 1574 1684 consuetudinem
1616 1644 1713 1683 tum
1755 1643 1976 1695 temporis
2008 1642 2130 1695 apud

139 1716 310 1756 incolas
342 1715 671 1756 Trachonitidis
702 1716 747 1755 et
777 1715 1052 1768 Decapoleos
1085 1715 1379 1756 multifariam
1411 1715 1664 1756 obtinuisse
1686 1715 1991 1767 Waddington
2022 1726 2129 1767 pro-

139 1787 268 1829 bavit
296 1788 571 1828 testimoniis
603 1788 783 1840 Iosephi
813 1787 913 1828 Ant.
944 1787 1058 1840 XIV,
1094 1789 1189 1828 424.
1221 1790 1322 1827 422ε
1363 1784 1385 1828 ὁ
1417 1781 1450 1828 δ’
1474 1784 1542 1828 ἐπὶ
1571 1785 1670 1833 τοὺς
1710 1784 1753 1828 ἐν
1784 1789 1876 1832 τοῖς
1908 1784 2130 1843 σπηλαίοις

139 1857 297 1919 λῃστὰς
329 1857 603 1916 ἐπειγόμενος
626 1855 796 1901 Σίλωνα
828 1858 904 1914 μὲν
937 1856 1172 1915 ἐξέπεμψεν
1206 1855 1450 1915 Οὐεντιδίῳ,
1483 1856 1608 1906 αὐτὸς
1639 1853 1669 1899 δ’
1696 1852 1760 1901 ἐπ’
1782 1856 1968 1905 ἐκείνους
2001 1856 2130 1915 ἐξώρ-

141 1945 289 1987 μησεν.
329 1929 382 1987 ἦν
413 1925 443 1972 δ’
472 1928 515 1972 ἐν
548 1929 682 1987 ὄρεσιν
722 1929 775 1972 τὰ
814 1929 1003 1986 σπήλαια
1040 1928 1196 1978 τελέως
1236 1929 1509 1987 ἐξερρωγόσιν
1549 1929 1623 1972 καὶ
1652 1928 1763 1973 κατὰ
1798 1929 1845 1972 τὸ
1879 1928 2128 1986 μεσαίτατον

139 2002 444 2059 ἀποκρήμνους
488 2000 644 2062 ἔχοντα
685 2001 761 2050 τὰς
799 2001 1011 2062 παρόδους
1054 2000 1129 2045 καὶ
1168 1999 1342 2060 πέτραις
1388 2000 1541 2053 ὀξείαις
1579 2000 1940 2060 ἐμπεριεχόμενα·
1988 2001 2031 2045 ἐν
2073 2001 2127 2058 δὴ

138 2072 304 2123 τούτοις
343 2073 451 2131 μετὰ
495 2074 663 2118 πάντων
701 2080 786 2118 τῶν
835 2073 1004 2118 οἰκείων
1054 2073 1286 2132 ἐφώλευον.
1338 2076 1434 2130 XV,
1467 2079 1569 2118 346:
1610 2073 1710 2118 οὐδὲ
1755 2090 1835 2132 γαρ
1882 2072 2026 2132 ῥᾴδιον
2072 2073 2127 2130 ἦν

141 2145 333 2207 ἐπισχεῖν
365 2145 517 2195 αὐτοὺς
548 2147 623 2200 (sc.
653 2145 754 2194 τοὺς
783 2146 878 2206 περὶ
907 2146 978 2189 τὸν
1009 2144 1235 2205 Τράχωνα)
1277 2146 1320 2190 ἐν
1360 2145 1450 2190 ἔθει
1479 2147 1527 2189 τὸ
1558 2144 1778 2205 λῃστεύειν
1808 2132 2127 2204 πεποιημένους

137 2218 211 2262 καὶ
242 2218 331 2276 βίον
364 2218 443 2262 οὐκ
471 2217 655 2262 ἄλλοθεν
687 2217 886 2278 ἔχοντας·
919 2216 1016 2262 οὔτε
1046 2218 1126 2277 γὰρ
1157 2218 1302 2268 πόλεις
1335 2218 1478 2267 αὐτοῖς
1510 2217 1607 2262 οὔτε
1633 2219 1803 2276 κτήσεις
1835 2218 1994 2279 ἀγρῶν,
2023 2218 2127 2263 ὑπο-

139 2291 268 2349 φυγαὶ
297 2290 344 2333 δὲ
373 2290 484 2334 κατὰ
513 2296 590 2350 τῆς
610 2295 690 2349 γῆς
710 2291 784 2334 καὶ
804 2292 928 2348 κοινὴ
953 2291 1060 2349 μετὰ
1078 2298 1162 2335 τῶν
1186 2291 1472 2351 βοσκημάτων
1495 2290 1644 2335 δίαιτα.
1697 2294 1858 2335 Strabo
1881 2294 1996 2348 XVI,
2015 2296 2054 2348 2,
2073 2297 2123 2334 20

138 2377 182 2418 p.
208 2368 290 2406 756
313 2365 433 2407 CaS.:
475 2361 742 2422 ὑπέρκεινται
772 2359 802 2405 δ’
829 2362 960 2422 αὐτῆς
1004 2366 1078 2418 (sc.
1109 2369 1189 2422 τῆς
1220 2363 1467 2421 Δαμασκοῦ)
1509 2363 1583 2408 δύο
1619 2363 1842 2424 λεγόμενοι
1872 2363 2125 2424 Τράχωνες·

139 2434 284 2478 ἔπειτα
314 2436 419 2494 πρὸς
448 2435 502 2479 τὰ
521 2432 704 2494 Ἀράβων
739 2435 849 2494 μέρη
880 2437 953 2479 καὶ
982 2432 1328 2495 τῶνἸτουραίων
1359 2435 1513 2495 ἀναμὶξ
1545 2436 1624 2495 ὄρη
1657 2437 1855 2495 δύσβατα,
1888 2437 1932 2481 ἐν
1965 2436 2031 2484 οἷς
2055 2436 2128 2480 καὶ

138 2507 331 2565 σπήλαια
361 2506 623 2565 βαθύστομα,
654 2509 711 2551 ὦν
743 2507 787 2551 ἓν
818 2508 892 2552 καὶ
920 2508 1282 2569 τετρακισχιλίους
1311 2508 1564 2568 ἀνθρώπους
1586 2509 1786 2561 δέξασθαι
1817 2510 2050 2566 δυνάμενον
2082 2511 2125 2554 ἐν

136 2580 442 2637 καταδρομαῖς,
473 2579 520 2623 αἳ
547 2585 637 2629 τοῖς
659 2578 965 2638 Δαμασκηνοῖς
995 2580 1176 2638 γίνονται
1197 2581 1483 2641 πολλαχόθεν.
1545 2584 1600 2625 Et
1625 2585 1946 2627 Wetzsteinius
1968 2586 2127 2627 etiam-

138 2665 258 2695 nunc
287 2653 512 2695 eiusmodi
549 2653 845 2695 subterranea
885 2655 1115 2696 domicilia
1156 2655 1473 2708 compluribus
1515 2657 1626 2698 locis
1667 2659 1814 2698 terrae
1844 2655 2046 2700 Haura‘n
2082 2661 2128 2699 et

137 2725 432 2766 finitimarum
461 2726 701 2778 regionum
729 2728 907 2768 exstare
928 2728 1122 2768 testatur
1153 2728 1282 2769 Reise
1312 2728 1373 2768 im
1407 2728 1586 2770 Hauran
1618 2729 1712 2770 und
1742 2730 1829 2771 den
1859 2731 2124 2772 Trachonen

137 2809 180 2851 p.
206 2800 256 2838 44
275 2809 373 2851 sqq.
425 2797 475 2839 Id
503 2799 653 2840 victus
685 2810 825 2851 genus
857 2810 1008 2852 regem
1041 2801 1106 2841 eis
1127 2801 1206 2852 qui
1238 2801 1283 2841 in
1314 2801 1458 2853 ipsius
1490 2801 1664 2842 dicione
1686 2804 1837 2844 essent
1866 2803 1956 2844 hoc
1977 2803 2124 2844 edicto

138 2870 418 2923 exprobrare
456 2882 626 2924 eosque
666 2872 897 2913 adhortari
927 2874 979 2913 ut
1010 2873 1176 2914 domos
1207 2873 1494 2914 aedificarent
1535 2876 1580 2915 et
1610 2875 1667 2916 ad
1698 2875 1832 2916 aliam
1864 2876 2123 2928 politiorem

136 2943 182 2982 et
212 2943 527 2983 humaniorem
557 2944 702 2985 vitam
732 2945 978 2985 transirent
1007 2944 1095 2986 sibi
1125 2946 1353 2998 persuasit
1377 2945 1697 2999 Waddington.
1749 2946 1851 2989 Non
1884 2958 1996 3000 nego
2027 2948 2125 2989 fieri

135 3025 271 3066 posse
301 3016 355 3055 ut
384 3014 473 3055 tale
502 3014 638 3056 fuerit
667 3016 804 3058 edicti
834 3019 1169 3070 argumentum,
1202 3018 1281 3058 sed
1312 3018 1463 3059 nescio
1487 3030 1543 3059 an
1575 3019 1660 3060 alia
1690 3020 1954 3061 coniectura
1986 3022 2123 3061 etiam

136 3085 417 3138 probabilior
447 3087 518 3127 sit.
576 3087 752 3128 Etenim
783 3099 874 3129 non
899 3089 1036 3130 modo
1065 3089 1335 3142 habitacula,
1369 3089 1449 3130 sed
1479 3091 1687 3142 inprimis
1718 3090 1914 3132 latebras
1947 3093 1992 3132 et
2021 3103 2123 3144 per-

135 3157 256 3209 fugia
286 3158 510 3199 latronum
543 3158 683 3200 fuisse
713 3160 812 3201 illas
844 3161 1083 3213 speluncas
1104 3161 1325 3213 Iosephus
1356 3162 1468 3202 locis
1495 3173 1611 3214 quos
1643 3173 1783 3215 supra
1812 3164 1941 3204 attuli
1974 3163 2123 3216 refert,

135 3240 276 3282 quare
317 3230 355 3270 si
393 3230 495 3282 quis
534 3230 590 3271 de
627 3232 872 3273 latrociniis
914 3233 1176 3275 coercendis
1221 3233 1569 3286 latronibusque
1609 3236 1964 3276 exterminandis
2004 3237 2123 3288 regis

135 3301 335 3343 edictum
367 3301 506 3343 fuisse
536 3304 581 3343 et
616 3314 697 3356 per
726 3315 825 3346 eam
855 3307 1144 3346 occasionem
1173 3317 1471 3347 cavernarum
1500 3307 1899 3348 subterranearum
1931 3309 2122 3349 mentio-

137 3384 239 3414 nem
265 3373 428 3414 factam
460 3375 667 3429 coniciat,
699 3379 822 3417 certe
853 3389 945 3418 non
977 3378 1173 3419 absurde
1196 3378 1437 3419 existimet.
1490 3380 1603 3420 Sane
1634 3379 1795 3420 Strabo
1826 3379 2012 3432 quidem
2044 3381 2070 3421 l.
2094 3381 2121 3422 l.

136 3445 192 3485 de
214 3456 298 3486 sua
317 3447 462 3487 aetate
484 3447 595 3488 haec
614 3447 770 3490 habet:
799 3448 847 3491 τὸ
882 3447 1027 3505 μέντοι
1057 3447 1187 3491 πλέον
1218 3447 1316 3497 τοὺς
1338 3447 1421 3492 ἀπὸ
1451 3454 1530 3505 τῆς
1562 3448 1812 3506 εὐδαίμονος
1833 3446 2024 3510 Ἀραβίας
2046 3451 2121 3508 ἐμ-

134 3514 294 3572 πόρους
324 3515 604 3573 λεηλατοῦσιν
637 3518 677 3561 οἱ
711 3518 941 3577 βάρβαροι·
971 3520 1100 3576 ἦττον
1133 3520 1179 3563 δὲ
1202 3519 1421 3577 συμβαίνει
1441 3519 1766 3564 καταλυθέντων
1797 3522 1888 3565 νυνὶ
1917 3528 2001 3565 τῶν
2024 3522 2121 3580 περὶ

136 3584 396 3644 Ζηνόδωρον
440 3587 607 3646 λῃστῶν
653 3589 723 3633 διὰ
767 3592 844 3648 τὴν
891 3591 941 3635 ἐκ
981 3599 1066 3635 τῶν
1094 3587 1330 3649 (Ρωμαίων
1366 3591 1564 3649 εὐνομίαν
1603 3594 1676 3636 καὶ
1719 3592 1788 3636 διὰ
1825 3593 1904 3650 τὴν
1946 3594 1994 3636 ἐκ
2033 3600 2118 3636 τῶν

136 3666 402 3716 στρατιωτῶν
448 3660 682 3718 ἀσφάλειαν
727 3669 810 3707 τῶν
868 3663 912 3707 ἐν
955 3665 1009 3722 τῇ
1055 3661 1186 3723 Συρίᾳ
1228 3664 1516 3723 τρεφομένων.
1592 3667 1678 3708 Sed
1727 3667 1952 3709 eiusmodi
2002 3668 2119 3709 mala
