2314 3970
209 211 273 260 74
861 210 909 248 ll.
957 209 1154 260 Regnum
1188 207 1467 257 Lagidarum.
2052 208 2178 259 [47.-

350 379 680 450 ἐκκλησίοιςῖ·
732 379 735 447 Ι
790 377 979 449 [ἐπειδὴ
1030 376 1346 448 Νι]κομήδης
1402 376 1742 448 Κτησικλέους
1793 378 1799 450 Ι
1847 378 2055 448 [εὔνους]
2113 381 2180 431 ὢν

291 476 315 515 5
349 468 565 520 διατελεῖ
614 465 810 536 βασιλεῖ
845 464 860 535 ΙΙ
897 463 1287 534 [Πτολεμα]ίωι3
1333 464 1418 517 καὶ
1456 469 1539 534 τῆι
1578 463 1931 535 Πτολεμαιέων
1974 466 1979 533 l
2022 466 2182 532 [πόλει

347 551 432 605 καὶ
470 551 771 623 προ]θυμίαν
809 551 1089 621 παρέχεται
1129 549 1135 620 1
1176 581 1370 590 ——————

204 713 363 754 Strabo
384 712 517 764 XVII,
541 715 579 763 4,
604 713 655 750 42
688 721 730 763 p.
755 713 835 750 843
867 710 987 752 Cas.:
1031 708 1173 752 ἔπειτα
1215 707 1492 766 Πτολεμαϊκὴ
1535 707 1670 764 πόλις,
1710 708 1883 767 μεγίστη
1921 715 2006 752 τῶν
2048 709 2090 752 ἐν
2128 709 2181 770 τῇ

204 781 388 840 Θηβαΐδι
418 781 490 824 καὶ
522 780 600 823 οὐκ
630 779 815 823 ἐλάττων
846 777 1080 838 Μέμφεως,
1122 779 1282 839 ἔχουσα
1319 780 1390 822 καὶ
1422 778 1616 837 σύστημα
1645 780 1865 824 πολιτικὸν
1908 780 1951 823 ἐν
1989 781 2051 838 τῷ
2080 777 2182 824 Ἑλ-

201 853 366 911 ληνικῷ
386 852 543 909 τρόπῳ.
606 852 736 901 Quod
767 852 844 894 Th.
867 854 1118 894 Mommsen
1139 853 1322 906 quidem
1356 853 1481 894 Rom.
1506 853 1773 894 Geschichte
1794 854 1831 894 V
1863 864 1907 906 p.
1931 856 2012 894 557
2043 856 2135 893 not.
2160 857 2174 892 4

202 928 257 968 ad
295 927 465 968 civium
508 927 553 966 in
590 924 738 967 tribus
778 925 1118 979 discriptionem
1158 925 1345 978 rettulit,
1393 927 1599 966 senatum
1646 937 1755 966 vero
1798 922 1990 980 (βουλήν)
2038 925 2183 965 Ptole-

202 1009 432 1040 maeenses
476 1009 566 1039 non
612 998 755 1050 magis
800 997 1015 1039 habuisse
1061 1009 1199 1050 quam
1243 997 1569 1039 Alexandrinos
1616 998 1787 1039 statuit.
1861 998 1918 1038 At
1962 997 2082 1038 tituli
2127 997 2183 1038 ab

201 1072 421 1124 Jougueto
453 1069 561 1111 editi
592 1069 754 1112 docent
783 1081 875 1111 non
915 1070 1050 1111 modo
1083 1071 1290 1111 senatum
1331 1069 1469 1111 fuisse
1501 1069 1788 1123 Ptolemaide,
1828 1069 1906 1110 sed
1942 1069 2077 1111 etiam
2109 1080 2183 1110 co-

203 1145 327 1185 mitia
358 1143 516 1196 populi
557 1139 710 1194 (ἔδοξεν
749 1142 807 1199 τῇ
839 1139 975 1199 βουλῇ
1009 1140 1082 1184 καὶ
1109 1140 1171 1199 τῷ
1210 1139 1336 1197 δήμῳ
1379 1145 1446 1195 47,
1469 1145 1508 1183 4.
1543 1145 1609 1196 48,
1633 1145 1671 1183 4.
1730 1139 1934 1200 δεδόχθαι
1961 1139 2026 1197 τῷ
2057 1139 2182 1196 δήμῳ

204 1219 271 1268 49,
295 1220 331 1256 6.
380 1213 422 1256 ἔν
453 1228 498 1256 τε
527 1216 622 1260 ταῖς
645 1211 822 1269 βουλαῖς
841 1211 916 1255 καὶ
937 1211 980 1255 ἐν
1001 1216 1096 1260 ταῖς
1117 1210 1363 1271 ἐκκλησίαις
1397 1216 1463 1267 48,
1487 1217 1554 1255 40.
1601 1211 1670 1255 ἐπὶ
1690 1210 1765 1255 δύο
1789 1210 2018 1269 ἐκκλησίας
2052 1215 2119 1266 47,
2143 1215 2181 1253 2.

201 1287 277 1344 τὴν
311 1284 468 1343 βουλὴν
499 1285 571 1327 καὶ
600 1284 653 1327 τὰ
682 1283 932 1342 δικαστήρια
965 1288 1031 1339 48,
1054 1288 1123 1327 44.
1170 1283 1389 1342 πρυτάνεις
1421 1288 1489 1339 48,
1512 1289 1551 1327 2.
1598 1282 1796 1341 πρύτανιν
1828 1283 1896 1326 διὰ
1926 1282 2020 1340 βίου
2052 1287 2121 1337 50,
2146 1287 2182 1325 4.

203 1363 270 1412 54,
293 1358 346 1412 3),
385 1361 437 1400 ut
466 1357 589 1399 nulla
618 1369 673 1399 ex
705 1359 831 1411 parte
862 1358 972 1398 haec
1002 1357 1279 1411 reipublicae
1310 1357 1454 1399 forma
1492 1357 1692 1399 differret
1723 1357 1780 1399 ab
1811 1369 1876 1411 ea,
1916 1368 2033 1410 quae
2063 1356 2185 1410 apud

202 1431 393 1472 Graecos
426 1431 674 1483 antiquitus
704 1430 870 1471 usitata
900 1428 1057 1471 fuerat.
1121 1429 1239 1478 Quid
1275 1430 1399 1483 quod
1440 1441 1494 1470 ne
1537 1429 1684 1471 turbis
1715 1430 1900 1482 quidem
1939 1431 1984 1470 et
2014 1428 2184 1469 dissen-

201 1502 407 1544 sionibus
440 1501 665 1555 civilibus‚
698 1503 854 1555 quales
885 1502 994 1542 oriri
1026 1503 1361 1543 consueverant
1390 1502 1435 1542 in
1467 1501 1729 1543 civitatibus
1762 1502 1973 1543 Graeciae
2003 1500 2183 1553 liberae,

199 1574 477 1616 Ptolemaida
507 1575 709 1615 caruisse
740 1574 959 1616 discimus
990 1585 1045 1615 ex
1076 1586 1118 1615 n.
1142 1576 1209 1627 48,
1234 1578 1256 1615 8
1276 1584 1374 1627 sqq.
1524 1577 1548 1613 2
1590 1574 1819 1615 Strackius
1841 1573 2034 1614 conferri
2059 1572 2186 1613 iubet

200 1647 383 1687 titulum
415 1646 536 1698 apud
566 1646 612 1687 R.
635 1646 874 1699 Heberdey
911 1648 956 1687 et
994 1645 1042 1686 A.
1066 1645 1279 1686 Wilhelm
1309 1645 1469 1686 Reisen
1506 1646 1554 1686 in
1583 1645 1787 1699 Kilikien,
1827 1645 2072 1686 Denkschr.
2105 1644 2185 1685 der

199 1718 280 1759 Ak.
313 1730 368 1760 zu
398 1718 531 1758 Wien
561 1721 671 1759 4896
705 1730 746 1771 p.
771 1722 850 1758 407
884 1718 974 1759 tab.
1003 1719 1136 1771 1,⁴7:
1179 1715 1322 1759 τοῖσδε
1362 1714 1574 1773 ἐδόθησαν
1614 1715 1831 1772 προξενίαι
1869 1714 1939 1758 ἐπὶ
1978 1708 2184 1771 μίαν’ἐκ-

198 1788 392 1845 κλησίαν.
453 1789 574 1838 Quae
614 1791 700 1830 etsi
735 1800 848 1849 usus
888 1789 1245 1843 praepositionis
1283 1787 1351 1830 ἐπὶ
1390 1800 1427 1830 c.
1460 1800 1552 1830 acc.
1591 1789 1800 1830 insolitus
1839 1791 1908 1830 est
1943 1789 2021 1829 vix
2061 1787 2185 1828 aliud

201 1862 451 1914 significare
480 1863 675 1915 possunt
705 1863 841 1914 atque
871 1873 961 1903 una
992 1861 1242 1914 eademque
1271 1860 1462 1902 ecclesia
1500 1860 1555 1901 de
1585 1861 1656 1901 his
1693 1861 1925 1913 proxeniis
1962 1860 2184 1913 populum

201 1934 468 1976 decrevisse.
523 1933 604 1974 Hic
634 1934 771 1986 igitur
801 1934 856 1975 de
885 1932 1145 1975 Nicomedis
1175 1932 1429 1974 honoribus
1460 1943 1542 1985 per
1562 1933 1676 1973 duas
1707 1932 1920 1985 deinceps
1951 1933 2183 1973 contiones

202 2006 434 2047 decretum
465 2016 564 2047 esse
594 2007 816 2059 narratur,
857 2005 983 2058 quod
1014 2017 1105 2059 qua
1136 2004 1191 2046 de
1222 2015 1360 2046 causa
1390 2016 1540 2057 quove
1578 2006 1713 2058 pacto
1744 2004 1912 2046 factum
1945 2005 2016 2057 sit,
2046 2014 2183 2057 prop-

201 2080 270 2119 ter
300 2078 508 2119 mutilam
538 2078 700 2131 lapidis
723 2077 1034 2119 condicionem
1057 2078 1332 2130 ignoramus.
1477 2080 1499 2116 3
1537 2076 1627 2117 Aut
1656 2077 1942 2117 Ptolemaeus
1971 2077 2011 2116 11
2040 2076 2183 2117 Phila-

202 2150 393 2203 delphus
426 2151 666 2202 (285-247
699 2162 736 2191 a.
761 2149 876 2201 Chr.)
918 2151 996 2191 aut
1034 2150 1318 2190 Ptolemaeus
1349 2149 1406 2188 111
1446 2148 1691 2201 Euergetes
1724 2150 1957 2199 (247--224
1997 2160 2034 2189 a.
2067 2148 2182 2199 Chr.)

202 2222 437 2263 indicatur.
499 2222 754 2263 Similitudo
795 2223 1075 2263 litteraturae
1112 2233 1229 2274 quae
1270 2222 1389 2261 inter
1427 2221 1549 2261 hunc
1587 2221 1770 2261 titulum
1811 2223 1856 2261 et
1887 2232 1929 2262 n.
1954 2223 2005 2261 49
2045 2221 2182 2260 inter-

199 2294 330 2348 cedit,
364 2296 484 2335 certe
514 2306 604 2336 non
634 2296 758 2336 tanta
788 2296 870 2347 est,
911 2297 963 2334 ut
992 2305 1075 2348 pro
1107 2296 1230 2335 certo
1271 2293 1554 2346 pronuntiari
1586 2293 1729 2346 liceat,
1772 2294 1862 2334 hoc
1891 2303 2076 2345 quoque
2107 2292 2181 2333 de-

201 2369 377 2408 cretum
409 2367 656 2420 Euergetae
686 2368 846 2408 aetatis
877 2377 990 2407 esse.

310 2580 385 2634 48
437 2585 571 2634 Stela
606 2598 895 2634 marmorea
932 2600 1047 2634 cum
1074 2586 1338 2634 aetomate.
1405 2584 1570 2650 Supra
1601 2584 1803 2633 titulum
1829 2597 1921 2633 sex
1946 2597 2177 2632 coronae.

203 2670 512 2720 Ptolemaide
560 2666 900 2737 (Manshq‘yeh).
975 2670 1065 2720 Ed.
1114 2671 1167 2718 P.
1204 2671 1421 2734 Jouguet
1469 2670 1592 2719 Bull.
1635 2671 1698 2720 de
1736 2684 1866 2720 corr.
1907 2670 2029 2719 Hell.
2070 2670 2184 2717 XXI

204 2755 243 2823 (4
259 2754 380 2824 897)
418 2773 468 2822 p.
502 2757 600 2806 489
641 2771 689 2806 n.
718 2757 783 2805 III
829 2754 908 2824 (M.
938 2758 991 2806 L.
1023 2756 1202 2807 Strack
1248 2755 1436 2806 Archiv
1484 2756 1565 2805 ffir
1610 2756 2125 2822 Papyrusforschung
2162 2756 2179 2802 l

208 2843 344 2892 4900
383 2859 434 2910 p.
465 2843 567 2895 202
606 2858 654 2892 n.
687 2839 751 2909 4).

334 2977 545 3043 ”Εὸοξεν
608 2988 693 3054 τῆι
763 2984 940 3054 βουλῆι
998 2983 1086 3036 καὶ
1147 2986 1239 3035 τῶι
1291 2985 1521 3054 δήμωιῙ·
1575 2979 1803 3053 Ἑ[ρ]μᾶς
1858 2981 1864 3051 1
1921 2982 2181 3053 Δόρκωνος

350 3068 664 3140 Μεῑγιστεὺς2
710 3067 871 3122 εἶπεν·
923 3069 1095 3140 ἐπειδὴ
1147 3067 1412 3140 πρυτάνεις
1454 3069 1460 3140 Ι
1502 3070 1549 3122 οἱ
1598 3067 1685 3122 σὺν
1735 3068 2003 3122 Διονυσίωι
2041 3067 2183 3122 Μου-

319 3231 510 3272 Litterae
540 3231 747 3283 volgares
777 3231 958 3283 praeter
989 3232 1156 3272 ΑΘΞο.
1334 3233 1350 3269 4
1399 3228 1459 3269 Cf.
1491 3241 1531 3269 n.
1559 3228 1653 3269 471.
1833 3232 1857 3269 2
1901 3230 2055 3281 Pagos,
2093 3239 2181 3269 non

205 3302 351 3342 tribus
382 3303 668 3344 Ptolemaidis
699 3303 770 3343 his
801 3301 1063 3343 nominibus
1094 3301 1282 3343 indicari
1303 3302 1424 3341 recte
1446 3301 1604 3342 statuit
1624 3301 1838 3353 Jouguet;
1871 3300 2027 3342 eadem
2051 3301 2182 3353 plane

208 3374 484 3415 consuetudo
527 3374 820 3416 Alexandriae
864 3373 1107 3416 obtinebat.
1161 3373 1220 3414 Cf.
1265 3384 1305 3413 n.
1337 3371 1424 3412 243.
1484 3372 1727 3424 Utramque
1768 3382 1874 3412 sane
1913 3370 2182 3412 divisionem
2264 3387 2279 3423 ,ᾳ
2313 3411 2314 3416 ,

205 3445 363 3499 populi
395 3446 451 3486 ad
480 3446 818 3488 Atheniensium
850 3446 1108 3499 exemplum
1140 3447 1185 3485 et
1213 3444 1507 3485 Alexandriae
1548 3441 1700 3501 (φυλῆς
1732 3440 2024 3496 Πτολεμαΐδος
2055 3443 2182 3483 Calli·
2267 3447 2278 3477 ἴ
2310 3435 2313 3482 ι’

207 3517 350 3558 mach.
373 3517 521 3569 Epigr.
547 3521 611 3570 42,
637 3519 673 3570 3)
697 3520 741 3559 et
760 3517 1034 3560 Ptolemaide
1056 3516 1183 3570 (infra
1213 3527 1254 3557 n.
1281 3519 1345 3568 49,
1368 3519 1417 3556 45
1450 3514 1507 3561 εὶς
1540 3513 1678 3572 φυλὴν
1711 3511 2011 3570 Πτολεμαιίδα)
2044 3514 2182 3555 fuisse
2270 3545 2274 3548 .
2311 3525 2314 3550 ὴ

207 3590 395 3641 constat,
426 3588 504 3630 sed
535 3589 620 3629 hac
650 3601 832 3642 quoque
862 3591 908 3630 in
937 3601 986 3631 re
1016 3589 1217 3630 Atticum
1248 3598 1422 3629 morem
1455 3588 1599 3628 secuti
1631 3588 1748 3639 sunt,
1780 3586 1903 3639 quod
1932 3587 1978 3626 in
2010 3586 2180 3628 solenni

208 3662 320 3703 civis
352 3661 653 3713 appellatione
684 3663 799 3714 pagi,
832 3673 921 3702 non
952 3661 1099 3702 tribus
1129 3659 1472 3707 nomenlocum
1493 3659 1701 3700 habebat.
1751 3658 2032 3699 Demoticum
2056 3658 2178 3710 quod
