2314 3970
10 179 13 196 ⁸
101 198 199 251 255]
500 197 746 239 Antiochus
778 198 834 237 lV
866 197 1124 250 Epiphanes
1156 198 1395 249 (475—464
1423 208 1459 237 a.
1484 197 1584 237 Chr.
1608 197 1678 247 n.).
1973 199 2076 247 415

1573 271 1651 279 -—·r—

191 385 215 424 5
249 367 446 439 στάΙτην
494 374 582 438 τῆς
627 372 867 437 πόλεως4,
919 369 1226 441 τεταγμέΙΙνον
1275 369 1328 422 δὲ
1375 368 1460 422 καὶ
1509 368 1588 422 ἐπὶ
1637 371 1732 423 τῶν
1774 366 2078 439 ἀκροΙφυλα-

243 457 409 523 nieuw,
451 457 832 526 καλοκάγαθίας
874 456 879 526 Ι
921 457 1102 510 ἕνεκεν.

101 602 443 656 appellabantur
474 602 528 653 (n.
563 601 718 655 22531),
761 614 866 643 011111
906 604 1107 643 totarum
1140 603 1478 655 provinciarum
1520 601 1810 657 (σατραπειῶν)
1849 599 2080 654 praesides

100 674 221 728 apud
251 674 495 727 scriptores
526 674 711 726 quidem
741 674 1012 727 plerumque
1043 671 1251 732 σατράπαι
1281 674 1478 727 audiant,
1515 675 1559 714 in
1590 674 1735 714 titulis
1766 685 1876 715 vero
1908 673 2079 715 solenni

102 758 212 788 voce
257 744 481 803 στρατηγοί
525 746 744 787 dicantur.
806 746 951 794 Quare
997 747 1106 798 quin
1151 746 1443 786 Democrates
1488 746 1666 798 Byttaci
1704 745 1731 787 f.
1781 755 1962 798 praeses
2010 744 2079 786 vel

14 834 17 870 g
101 821 279 872 satrapa
309 817 587 871 Babyloniae
626 819 860 860 habendus
900 819 958 859 sit
995 830 1084 859 non
1122 817 1295 858 dubito.
1473 820 1494 858 4
1540 818 1602 859 Cf.
1634 818 1789 870 Polyb.
1822 818 1874 872 V,
1907 820 1972 871 48,
2003 821 2078 857 42:

99 889 353 947 παραλαβὼν
393 889 439 932 δὲ
478 887 667 944 (Μόλων)
709 890 782 933 καὶ
819 889 976 947 ταύτην
1016 886 1298 942 (Σελεύκειαν)
1339 887 1383 937 ἐξ
1424 888 1582 948 ἐφόδου
1624 889 1692 932 διὰ
1738 890 1785 931 τὸ
1826 889 2083 947 πεφευγέναι

15 990 17 998 ==
98 962 196 1011 τοὺς
224 962 319 1020 περὶ
347 963 419 1005 τὸν
452 960 616 1018 Ζεῦξιν,
659 961 749 1019 ἅμα
780 962 827 1005 δὲ
856 962 1020 1009 τούτοις
1049 961 1120 1004 τὸν
1152 959 1418 1018 Διομέδοντα
1454 961 1524 1004 τὸν
1558 960 1783 1019 ἐπιστάτην
1815 967 1893 1018 τῆς
1926 958 2081 1004 Σελευ-

99 1034 226 1083 κείας.
286 1036 408 1078 Unde
439 1038 639 1090 apparet,
678 1037 723 1077 in
756 1037 949 1077 maiores
981 1035 1188 1076 civitates
1219 1036 1339 1076 mitti
1381 1036 1672 1076 consuevisse
1703 1036 1954 1088 peculiares
1987 1048 2082 1076 ma-

99 1110 312 1162 gistratus
345 1110 424 1162 qui
455 1119 530 1150 eas
560 1110 818 1150 tutarentur
848 1119 1096 1160 earumque
1128 1108 1581 1161 administrationem,
1615 1119 1730 1160 quae
1762 1109 1871 1160 ipsis
1904 1108 2082 1148 civibus

101 1183 323 1235 permissa
362 1184 470 1234 erat,
508 1181 626 1234 regis
665 1182 936 1222 auctoritate
974 1179 1271 1221 observarent
1311 1182 1356 1220 et
1394 1181 1432 1220 si
1471 1191 1588 1233 opus
1633 1182 1753 1222 esset
1791 1181 2080 1232 corrigerent,

99 1255 301 1296 Koehler.
360 1255 410 1294 In
439 1254 553 1294 urbe
584 1265 700 1306 quae
731 1255 868 1306 caput
899 1254 1159 1306 provinciae
1190 1254 1298 1306 erat,
1338 1254 1425 1294 hoc
1466 1252 1666 1293 officium
1702 1252 1944 1305 aliquando
1976 1265 2080 1293 cum

99 1327 242 1380 ipsius
273 1328 534 1380 provinciae
563 1326 782 1378 regimine
813 1327 1110 1367 coniunctum
1141 1325 1281 1366 fuisse
1312 1326 1386 1366 hic
1418 1325 1639 1367 videmus.
1702 1326 1773 1366 Sic
1804 1327 1849 1366 in
1876 1326 2082 1378 Aegypto

99 1410 425 1451 nonnunquam
458 1398 686 1456 στρατηγὸς
705 1397 778 1440 καὶ
803 1397 1107 1456 ἐπιστράτηγος
1137 1398 1388 1439 Thebaidas
1411 1399 1548 1439 simul
1568 1395 1810 1455 θηβάρχης,
1843 1400 1869 1439 1.
1893 1410 1930 1439 e.
1952 1409 2082 1451 prae-

18 1472 19 1476 ’
99 1472 243 1513 fectus
274 1472 480 1513 militaris
518 1472 675 1525 oppidi
705 1471 962 1513 Thebarum
1002 1473 1070 1512 est
1109 1472 1163 1523 (n.
1189 1474 1268 1512 490
1283 1470 1330 1524 4).
1507 1476 1530 1512 5
1572 1471 1832 1512 Praefectus
1870 1471 2083 1524 praesidii

101 1556 190 1598 quo
222 1556 303 1585 arx
332 1544 573 1585 tenebatur
604 1541 899 1603 (φρούραρχος)
917 1544 1054 1598 -apud
1084 1544 1328 1596 Polybium
1350 1544 1402 1597 V,
1427 1547 1494 1597 50,
1518 1546 1569 1584 40
1611 1544 1865 1597 appellatur
1895 1542 2082 1601 ἀκροφύ-

100 1615 188 1667 λαξ.
235 1618 284 1659 Κ.
345 1617 568 1658 Pluralem
597 1622 683 1658 τῶν
715 1614 1042 1674 ἀκροφυλακὶων
1074 1617 1326 1658 Koehlerus
1358 1616 1555 1658 defendit
1595 1617 1728 1658 allato
1762 1616 1941 1669 Polybii
1981 1617 2080 1657 loco

100 1689 210 1743 VIII,
234 1692 302 1742 47,
326 1693 372 1730 5:
413 1686 630 1745 συνέβαινε
662 1687 709 1730 δὲ
737 1688 810 1731 τὸν
835 1684 1071 1746 Καμβὺλον
1102 1687 1174 1730 ’καὶ
1203 1688 1302 1736 τοὺς
1333 1686 1414 1731 ὑπὸ
1433 1691 1580 1732 τοῦτον
1602 1687 1884 1744 ταττομένους
1907 1683 2083 1745 Κρῆτας

98 1758 404 1804 πεπιστεῦσθαί
431 1776 470 1802 τι
499 1767 583 1803 τῶν
617 1759 917 1819 φυλακτηρίων
947 1768 1031 1804 τῶν
1062 1761 1172 1804 κατὰ
1191 1761 1290 1809 τοὺς
1322 1759 1472 1804 ὄπισθε
1499 1760 1656 1808 τόπους
1675 1765 1754 1818 τῆς
1783 1759 1930 1818 ἄκρας.
1983 1763 2083 1814 Ipsa

20 1833 22 1885 Ϊ
104 1845 195 1876 vox
232 1832 565 1891 ἀκροφυλάκιον,
605 1846 722 1887 quae
759 1834 866 1876 alibi
903 1846 1130 1887 nusquam
1170 1835 1293 1888 quod
1340 1835 1480 1876 sciam
1519 1834 1695 1887 legitur,
1742 1833 1799 1875 ab
1839 1831 2083 1892 ἀκροφύλαξ

20 1899 23 1920 ¹
102 1907 336 1949 derivatur
382 1906 540 1948 eadem
591 1907 765 1948 ratione
815 1917 868 1947 ac
919 1904 1116 1963 φρούριον
1167 1919 1194 1948 3
1244 1905 1440 1964 φρουρός,
1492 1903 1739 1965 περιπόλιον
1791 1918 1817 1947 3
1857 1903 2086 1964 περίπολος

102 1978 243 2033 (Sy11.2
270 1979 395 2030 2701)
436 1990 584 2032 neque
623 1990 706 2032 per
747 1990 795 2020 se
833 1979 954 2020 aliud
993 1979 1245 2031 significare
1283 1980 1434 2033 potest
1472 1990 1525 2020 ac
1562 1979 1715 2020 locum
1751 1978 1834 2019 ubi
1872 1979 2085 2020 custodes

101 2053 216 2094 arcis
247 2053 499 2106 versantur,
536 2052 616 2092 sed
647 2052 839 2093 naturali
871 2052 1068 2105 quadam
1101 2052 1388 2105 synecdocha
1420 2052 1656 2093 collective
1693 2052 1747 2093 de
1787 2063 1981 2105 corpore
2014 2052 2085 2093 vel

100 2136 288 2166 numero
321 2124 611 2166 defensorum
645 2125 762 2166 arcis
796 2127 1054 2178 usurpatur.

209 2326 321 2380 255
373 2329 554 2394 Magna
590 2329 727 2378 basis
765 2330 1036 2378 marmoris
1075 2329 1175 2378 albi
1213 2330 1496 2396 composita
1522 2344 1586 2378 ex
1612 2329 1810 2378 duabus
1836 2330 2083 2396 partibuS,

101 2417 308 2468 inventa.
344 2417 452 2466 Deli
489 2417 555 2466 ad
591 2417 846 2483 porticum
882 2416 1117 2482 Philippi.
1184 2417 1274 2467 Ed.
1316 2417 1406 2466 Th.
1436 2418 1667 2466 Homolle
1704 2417 1829 2466 Bull.
1859 2417 1921 2466 de
1953 2431 2082 2466 corr.

24 2541 27 2551 ,
102 2505 224 2554 Hell.
254 2505 320 2554 IV
345 2501 522 2572 (⁴880)
559 2520 611 2570 p.
635 2504 738 2555 248
778 2501 944 2571 (Syll.1
969 2501 1107 2571 245).
1173 2505 1227 2554 Ε.
1258 2505 1447 2570 Loewy
1484 2503 1679 2555 Inschr.
1707 2519 1783 2569 gr.
1813 2504 2087 2554 Bildhauer

26 2639 27 2647 ,
100 2607 150 2658 p.
181 2592 282 2644 206
331 2606 379 2640 11.
410 2590 512 2642 294
535 2587 565 2640 b
615 2587 722 2658 (Ch.
753 2590 929 2641 Michel
966 2591 1167 2640 Recueil
1203 2586 1409 2641 d⁷Inscr.
1441 2590 1524 2641 Gr.
1553 2607 1602 2657 p.
1630 2591 1730 2639 844
1768 2606 1816 2640 11.
1845 2591 1981 2640 4458
1999 2588 2083 2658 Β).

241 2730 487 2804 Ἀντίοχον
521 2731 899 2804 Φιλοπάτοραῖ7
939 2733 1188 2804 βασιλέως
1216 2732 1441 2805 μεγάλου
1484 2732 1489 2804 Ι
1525 2730 1817 2805 Ἀντιόχου2
1855 2732 1960 2786 υἱὸν
2001 2731 2085 2786 καὶ

216 2881 408 2922 Litterae
437 2881 574 2933 ΑΠΣ;
606 2890 635 2920 o
664 2878 816 2932 paullo
839 2879 1029 2920 minoris
1051 2891 1189 2932 quam
1211 2880 1412 2933 reliquae
1434 2891 1687 2922 mensurae.
1821 2883 1837 2919 4
1877 2879 2086 2920 Antiochi

28 2993 31 3013 Ι
103 2952 248 3006 Magni
277 2953 421 2994 filium
452 2954 562 2994 natu
591 2953 855 3005 maximum,
894 2953 973 3005 qui
1011 2964 1127 2994 anno
1162 2956 1241 2994 493
1274 2965 1313 2994 3.
1336 2953 1436 2994 Chr.
1470 2954 1516 2994 in
1548 2953 1678 3006 Syria
1717 2951 1987 2993 decessisset
2017 2950 2085 3003 (cf.

104 3025 289 3079 11.2321)
320 3025 510 3067 indicari
539 3024 626 3066 sibi
655 3025 881 3078 persuasit
909 3024 1176 3067 Homollius.
1238 3025 1323 3066 Sed
1354 3027 1393 3066 is
1434 3027 1628 3067 matrem
1659 3025 1820 3066 habuit
1849 3023 2084 3077 Laodicen,

29 3123 32 3151 ,
105 3110 194 3140 non
213 3099 512 3152 Cleopatram.
563 3098 620 3138 At
649 3098 694 3138 in
722 3097 996 3139 Antiochum
1017 3098 1078 3138 IX
1108 3098 1384 3152 Cyzicenum
1415 3098 1627 3151 (446-95
1651 3109 1688 3138 3.
1713 3096 1828 3148 Chr.)
1861 3097 1906 3136 et
1926 3107 2086 3149 paren-

105 3172 203 3213 tum
232 3172 417 3213 nomina
447 3170 552 3222 (not.
575 3173 613 3211 2.
638 3171 677 3222 3)
707 3170 931 3223 quadrant
961 3172 1006 3212 et
1035 3171 1330 3224 Philopatora
1360 3182 1466 3212 eum
1487 3171 1702 3212 vocatum
1733 3180 1832 3210 esse
1863 3171 2087 3210 testantur

31 3266 34 3280 ι
105 3245 280 3285 nummi
325 3244 393 3298 (cf.
425 3243 561 3285 Catal.
595 3242 644 3284 of
677 3243 820 3284 Greek
861 3244 986 3286 coins
1023 3245 1070 3285 in
1110 3245 1187 3285 the
1225 3244 1394 3284 British
1435 3243 1658 3296 Museum,
1703 3242 1907 3283 Seleucid
1948 3242 2086 3294 Kings

23 3336 25 3359 ε
105 3327 149 3369 p.
171 3317 362 3371 9451111).
509 3319 533 3356 2
574 3315 821 3358 Antiochus
841 3316 920 3357 VII
950 3317 1122 3358 Sidetes
1154 3317 1186 3369 (4
1201 3320 1395 3357 38-429
1426 3328 1463 3357 a.
1489 3315 1620 3367 Chr.).
1670 3314 1801 3355 Hunc
1832 3326 1937 3356 cum
1968 3327 2084 3356 anno

24 3421 34 3429 ..
108 3390 186 3429 430
210 3401 247 3431 3.
269 3389 369 3431 Chr.
391 3402 434 3431 n.
465 3389 641 3430 Parthis
662 3389 795 3431 victis
814 3389 1064 3443 Babylonia
1083 3390 1256 3444 potitus
1284 3390 1404 3430 esset
1436 3385 1613 3444 βασιλέα
1645 3384 1776 3444 μέγαν
1808 3387 2085 3441 appellatum

107 3471 206 3502 esse
233 3463 411 3515 praeter
440 3463 562 3503 hunc
592 3461 777 3502 titulum
807 3464 852 3503 et
879 3474 924 3504 n.
946 3466 1029 3505 256
1069 3464 1207 3503 etiam
1237 3462 1397 3503 Iustini
1434 3460 1632 3502 narratio
1675 3459 1874 3502 indicare
1905 3460 2087 3502 videtur

24 3525 37 3578 ‘3
107 3531 340 3589 XXXVIII,
358 3538 374 3576 4
389 3539 426 3588 0,
447 3539 492 3575 6:
531 3531 782 3576 Antiochus
809 3532 955 3578 tribus
977 3532 1170 3590 proeliis
1197 3532 1336 3576 victor
1354 3545 1460 3577 cum
1481 3529 1786 3587 Babyloniam
1816 3536 2084 3588 occupasset,

38 3646 39 3654 ,
107 3615 302 3662 maqmae
327 3605 488 3650 haberi
515 3604 666 3662 coepit.
726 3607 840 3648 Tum
870 3609 1020 3662 igitur,
1064 3620 1180 3650 anno
1208 3610 1289 3648 430
1323 3609 1401 3648 3111
1434 3609 1513 3647 429
1546 3618 1583 3646 3.
1614 3606 1715 3647 Chr.
1749 3618 1805 3659 n.‚
1838 3605 1928 3647 filio
1968 3608 2085 3658 regis

38 3658 41 3710 ἕ
110 3677 295 3730 eiusque
325 3680 468 3721 tutori
500 3682 674 3720 statuae
705 3680 800 3720 Deli
832 3681 1006 3733 positae
1039 3683 1157 3721 sunt.
