2314 3970
262 247 360 297 208
937 246 986 286 11.
1034 246 1233 324 Regnum
1266 245 1545 324 Lagidarum.
2134 247 2229 299 [430

404 419 626 488 ἀδελφῆς
641 420 675 484 ²,
705 418 837 469 θεῶν
879 415 1185 487 Εὐεργετῶν,
1217 416 1222 487 Ι
1255 416 1340 469 καὶ
1386 420 1482 469 τῶν
1520 418 1735 470 τέκνων3
1771 416 1830 470 Ἡ
1844 419 2026 488 ρώιὸης
2064 419 2234 489 Δημο-

403 508 595 574 φῶντος
635 502 642 574 1
691 500 1034 573 Βερενικεύς4,
1085 504 1111 555 ὁ
1160 503 1686 574 ἀρχισωματοφύλαξῦ
1728 504 1813 556 καὶ
1862 507 2180 575 στρατηγόςθ,
2220 505 2237 576 ΙΙ

349 605 374 644 5
406 588 491 642 καὶ
530 590 576 641 οἱ
616 588 946 659 συνάγοντες7
986 591 1036 642 ἐν
1075 588 1227 660 Σήτει
1271 595 1355 659 τῆι
1402 593 1489 642 τοῦ
1529 590 1772 643 Διονύσου
1815 590 1820 660 Ι
1862 592 2053 659 νήσων,8
2093 593 2235 663 βασι-

402 676 615 744 λισταίθ,
654 677 722 728 ὧν
761 672 824 728 τὰ
853 677 1075 746 ὀνόματα
1103 676 1375 743 ὑπόκειται,
1410 673 1670 748 ΙΧνούβει
1706 681 1797 730 τῶι
1833 675 1918 729 καὶ
1933 671 2233 748 Ἄμμωνιῖθ,

372 899 396 934 2
440 895 552 935 Cum
582 894 767 936 titulum
797 895 895 936 eius
927 896 1146 948 temporis
1178 906 1266 935 non
1298 905 1410 945 esse,
1443 905 1536 946 quo
1569 906 1648 936 rex
1673 894 1786 936 duas
1808 895 2067 948 Cleopatras
2099 896 2235 936 simul

255 969 299 1007 in
324 967 612 1008 matrimonio
645 966 855 1020 habebat,
888 969 1139 1020 appareret,
1171 967 1440 1007 Letronnius
1471 966 1558 1007 sub
1588 966 1723 1007 finem
1755 968 1880 1019 regni
1911 968 2078 1020 potius,
2109 967 2234 1008 Cleo-

255 1042 382 1092 patra
413 1039 451 1079 11
490 1039 712 1092 defuncta,
751 1050 888 1091 quam
926 1039 1068 1092 initio,
1116 1041 1358 1091 antequam
1397 1038 1680 1092 Cleopatram
1711 1039 1768 1079 111
1806 1040 1852 1080 in
1892 1040 2234 1081 matrimonium

256 1111 454 1163 duceret,
492 1111 608 1152 hane
647 1110 976 1152 dedicationem
1017 1111 1181 1152 factam
1221 1111 1426 1152 coniecit.
1487 1111 1663 1152 Etenim
1703 1111 1923 1164 pluralem
1961 1116 2046 1152 τῶν
2075 1110 2234 1152 τέκνων

254 1185 299 1224 in
332 1185 529 1236 priorem
561 1195 755 1224 uxorem
785 1180 874 1224 non
895 1183 1133 1236 quadrare,
1163 1183 1269 1236 quia
1301 1194 1356 1224 ex
1386 1194 1436 1224 ea
1468 1194 1612 1224 unum
1634 1183 1772 1225 modo
1804 1182 1948 1224 filium
1980 1182 2235 1235 babuisset;

255 1267 400 1308 neque
432 1267 541 1296 vero
570 1260 648 1312 τῆς
679 1252 869 1312 ἀδελφῆς
902 1255 1137 1308 impedire,
1177 1256 1426 1307 quominus
1464 1255 1520 1296 de
1551 1255 1788 1308 Cleopatra
1818 1256 1875 1295 111
1916 1255 2233 1308 cogitaremus,

254 1327 623 1381 quandoquidem
654 1327 741 1369 hoc
778 1327 964 1368 honoris
995 1326 1273 1369 vocabulum
1309 1329 1442 1380 esset,
1483 1338 1575 1380 quo
1607 1327 1785 1381 reginae
1823 1327 1959 1368 etiam
1999 1328 2038 1368 si
2075 1338 2232 1380 regum

254 1411 434 1442 sorores
464 1411 556 1441 non
584 1401 737 1441 essent
768 1400 919 1441 ornari
949 1400 1306 1441 consuevissent.
1357 1399 1451 1441 Hoc
1481 1401 1527 1440 in
1556 1400 1821 1442 universum
1857 1399 2042 1452 quidem
2072 1411 2233 1441 verum

253 1474 322 1513 est
352 1471 419 1523 (cf.
453 1484 493 1514 n.
519 1470 635 1524 603);
676 1471 756 1513 sed
786 1482 892 1512 eum
930 1482 1012 1524 per
1042 1471 1211 1513 multos
1243 1482 1386 1513 annos
1418 1471 1682 1513 nominibus
1722 1469 1944 1527 βασίλισσα
1975 1467 2234 1527 Κλεοπάτρα

253 1545 282 1602 ἡ
314 1543 480 1604 ἀδελφή
511 1548 557 1587 et
589 1543 809 1602 βασίλισσα
841 1540 1099 1603 Κλεοπάτρα
1127 1543 1157 1602 ἡ
1188 1545 1294 1603 γυνή
1325 1548 1472 1588 mater
1500 1549 1545 1589 et
1575 1547 1664 1588 filia
1695 1547 1934 1588 distinctae
1964 1550 2128 1600 essent,
2160 1547 2235 1589 illa

254 1618 443 1660 vixdum
475 1618 685 1660 defuncta
722 1618 838 1660 banc
875 1615 1066 1675 ἀδελφῆς
1103 1619 1285 1660 nomine
1325 1618 1566 1671 significari
1604 1620 1870 1672 neutIquam
1907 1618 2122 1660 credibile
2151 1622 2232 1660 est.

252 1691 398 1740 Quare
424 1690 708 1743 Cleopatram
730 1691 768 1730 11
800 1690 1008 1743 intellego
1040 1693 1084 1731 et
1114 1690 1299 1732 titulum
1331 1690 1388 1732 ad
1418 1690 1615 1744 aliquem
1646 1701 1702 1732 ex
1733 1690 1966 1744 prioribus
1987 1691 2233 1743 Euergetae

253 1765 380 1804 annis
411 1763 575 1816 refer0;
624 1774 730 1804 nam
760 1762 876 1804 hanc
906 1763 1106 1816 priorem
1136 1774 1327 1804 uxorem
1359 1762 1475 1804 filios
1507 1763 1624 1804 duos
1662 1764 1758 1816 regi
1794 1764 2027 1816 peperisse
2057 1766 2233 1804 certum

253 1839 323 1876 est
353 1835 419 1887 (cf.
452 1847 493 1876 n.
520 1835 647 1886 4441).
710 1834 832 1882 Quae
873 1836 1094 1876 sententia
1134 1836 1179 1876 ni
1211 1835 1343 1888 plane
1374 1835 1505 1876 fallor
1542 1835 1704 1876 collato
1743 1836 1876 1876 titulo
1907 1847 1949 1876 n.
1972 1839 2047 1876 444
2087 1836 2233 1876 Philo-

253 1911 426 1950 metore
464 1909 701 1949 etiamtum
746 1909 960 1959 regnante
996 1908 1139 1949 inciso
1184 1907 1307 1949 haud
1353 1908 1643 1949 mediocriter
1687 1907 1993 1949 confirmatur.
2044 1907 2234 1949 Videtur

251 1981 389 2033 igitur
426 1980 581 2034 paullo
618 1979 861 2033 posterius,
905 1991 1044 2032 quam
1088 1979 1180 2021 fere
1219 1979 1502 2034 credebatur,
1551 1980 1802 2021 divortium
1841 1980 1959 2021 inter
1997 1990 2150 2033 regem
2189 1982 2234 2021 et

251 2054 451 2106 priorem
482 2063 673 2093 uxorem
703 2051 872 2093 factum
905 2062 1017 2093 esse.
1181 2055 1204 2092 3
1247 2051 1308 2094 Cf.
1342 2054 1434 2094 not.
1457 2055 1496 2093 2.
1654 2054 1678 2093 4
1720 2052 1769 2092 In
1800 2052 2003 2093 eiusdem
2035 2052 2233 2093 hominis
2312 2070 2314 2091 :

252 2125 532 2167 dedicatione
562 2136 602 2165 n.
629 2127 726 2178 444,
750 2125 802 2164 44
835 2120 1143 2181 [Περγα1μηνός
1179 2126 1260 2165 est.
1312 2124 1398 2165 Sed
1418 2124 1529 2166 baec
1556 2124 1723 2165 ethnici
1743 2125 1936 2165 variatio
1966 2124 2077 2165 nihil
2097 2125 2234 2166 habet

251 2197 420 2239 insoliti
451 2196 520 2250 (cf.
551 2208 593 2238 n.
616 2195 708 2238 792.
733 2196 864 2248 4541).
914 2195 1138 2238 Ethnicon
1168 2207 1276 2238 vero
1307 2197 1468 2249 utique
1495 2197 1570 2238 hic
1589 2196 1850 2238 habendum
1879 2198 1948 2238 est
1967 2192 2232 2252 Βερενικεύς,
2311 2210 2314 2248 ς

251 2270 337 2311 etsi
378 2269 502 2311 idem
547 2279 713 2311 nomen
757 2269 952 2321 gessisse
997 2268 1180 2310 demum
1225 2269 1422 2310 ciVItatis
1464 2268 1871 2310 Ptolemaeensium
1916 2268 2136 2310 discimus
2176 2280 2232 2311 ex
2308 2282 2314 2310 ,τ

250 2354 293 2385 ιι.
317 2344 384 2396 49,
409 2345 474 2383 45.
534 2340 649 2383 Nam
681 2340 919 2383 demoticis
950 2342 1074 2383 cives
1111 2353 1201 2383 non
1238 2343 1431 2382 utuntur
1460 2352 1666 2395 peregre;
1706 2352 1847 2394 quare
1888 2342 1926 2382 si
1958 2341 2231 2383 Ptolemaide
2307 2341 2314 2410 i

250 2414 614 2455 Berenicensium
665 2425 781 2466 pago
823 2415 1049 2467 ascriptus
1087 2413 1247 2455 fuisset
1285 2413 1498 2466 Herodes,
1540 2414 1795 2455 necessario
1833 2414 1907 2454 hic
1944 2410 2231 2469 Πτολεμαιεύς

251 2486 544 2539 appellandus
582 2486 679 2543 fuit.
737 2486 980 2527 Berenicen
1010 2497 1119 2527 vero
1151 2485 1340 2527 Herodis
1378 2486 1573 2538 patriam
1602 2485 1823 2539 oppidum
1854 2486 2045 2540 Aegypti
2076 2487 2229 2539 potius

247 2558 596 2611 intellegendum
621 2559 751 2610 putat
775 2559 1010 2610 Letronne,
1044 2569 1182 2611 quam
1206 2558 1492 2611 Cyrenaicae,
1523 2559 1634 2611 quia
1655 2558 1785 2599 aliter
1807 2557 1865 2599 ad
1883 2554 2136 2614 Βερενικεύς
2157 2569 2229 2600 ac-

249 2632 524 2672 curatiorem
545 2630 850 2671 definitionem
872 2630 975 2671 addi
997 2633 1378 2683 exspectaremus.
1499 2635 1521 2671 5
1555 2630 1616 2672 Cf.
1635 2630 1775 2672 n.991.
1799 2628 1924 2672 4042.
2045 2634 2068 2671 6
2100 2631 2228 2671 Sum-

252 2713 376 2742 mum
407 2701 687 2755 praefectum
725 2702 950 2742 exercitus
991 2703 1069 2754 qui
1108 2701 1423 2743 meridionales
1453 2702 1647 2756 Aegypti
1685 2701 1905 2743 termInos
1945 2700 2229 2742 custodiebat

250 2776 373 2814 recte
403 2774 727 2826 interpretatur
749 2774 1037 2826 Letronnius;
1068 2773 1190 2814 idem
1221 2775 1291 2814 est
1323 2772 1554 2831 στρατηγὸς
1582 2778 1660 2830 τῆς
1692 2770 1921 2830 Θηβαΐδος,
1954 2785 2090 2826 quem
2121 2784 2227 2815 sane

248 2847 516 2888 Letronnius
539 2845 595 2887 ab
615 2846 691 2886 illo
714 2845 991 2898 distinguere
1010 2845 1204 2887 videtur.
1344 2850 1366 2885 7
1404 2845 1506 2887 Non
1527 2846 1866 2887 intransitivum
1897 2847 1984 2887 hoc
2006 2857 2106 2888 esse
2126 2857 2226 2887 ver-

248 2918 374 2972 bum,
426 2918 505 2959 sed
549 2917 840 2959 transitivum
879 2928 962 2970 per
1001 2917 1178 2970 ellipsin
1215 2919 1503 2971 usurpatum,
1549 2917 1765 2960 observat
1813 2919 2046 2960 Letronne.
2116 2919 2227 2959 Sunt

247 2991 481 3032 Basilistae
517 2990 596 3043 qui
640 2989 869 3042 synodum
906 2988 1122 3042 colligunt
1159 2989 1229 3030 vel
1267 2989 1456 3043 habent;
1503 3001 1556 3031 ac
1604 2991 1897 3043 potissimum
1941 2990 2126 3043 quidem
2170 2989 2225 3031 de
2292 2976 2294 2981 ’

248 3062 395 3116 epulis
425 3064 471 3103 et
500 3061 898 3103 comissationibus
928 3060 1124 3102 verbum
1155 3061 1239 3102 hac
1269 3061 1415 3115 ellipsi
1452 3063 1666 3116 usurpari
1696 3062 1873 3104 monuit
1902 3063 1947 3103 L.
1999 3062 2059 3104 Cf.
2091 3062 2224 3103 Athe·
2290 3035 2294 3098 ἶ

248 3145 388 3177 naeus
410 3134 508 3174 VIII
539 3145 582 3187 p.
607 3137 750 3175 3650:
794 3131 936 3191 ἔλεγον
976 3130 1023 3174 δὲ
1062 3129 1252 3190 συνάγειν
1289 3132 1362 3175 καὶ
1396 3133 1445 3175 τὸ
1479 3129 1563 3189 μετ’
1589 3132 1792 3191 ἀλλήλων
1830 3131 1961 3176 πίνειν
1998 3132 2071 3175 καὶ
2103 3147 2224 3176 συνα-

246 3206 399 3263 γώγιον
427 3205 477 3248 τὸ
509 3203 745 3261 συμπόσιον
785 3207 830 3246 et
859 3216 1021 3246 versus
1058 3216 1084 3245 a
1115 3205 1337 3258 scriptore
1376 3206 1546 3248 allatos.
1607 3207 1903 3260 Theophrast.
1935 3206 2136 3248 Charact.
2170 3209 2220 3245 30
2287 3191 2289 3247 J

249 3277 511 3335 συναγόντων
542 3272 635 3333 παρ’
660 3276 773 3334 αὐτῷ
807 3277 862 3318 de
893 3288 1003 3318 cena
1033 3277 1254 3318 collaticia
1285 3283 1403 3330 quae
1442 3278 1564 3331 apud
1595 3280 1857 3332 quempiam
1899 3278 2128 3320 bominem
2159 3277 2222 3318 fit.
2286 3278 2287 3288 ¹

247 3350 403 3403 Neque
434 3362 542 3392 vero
574 3351 648 3391 hic
678 3361 860 3403 quoque
890 3349 945 3390 de
976 3350 1198 3390 conviviis
1229 3350 1518 3402 potissimum
1541 3351 1763 3392 sodalium
1791 3351 2084 3402 cogitaverim
2116 3361 2220 3391 cum

248 3422 504 3476 Letronnio,
538 3422 617 3463 sed
648 3422 702 3463 de
723 3421 928 3475 quolibet
951 3432 1108 3463 eorum
1130 3424 1370 3475 conventu,
1403 3433 1550 3475 neque
1578 3422 1654 3469 τὰς
1685 3420 1900 3478 συμβολάς
1932 3424 2083 3463 mente
2113 3431 2219 3473 sup·
2281 3433 2284 3474 p

248 3494 480 3547 pleverim,
512 3494 590 3535 sed
620 3493 698 3549 τὴν
732 3492 920 3535 σύνοδον.
1054 3497 1076 3534 8
1118 3493 1212 3534 Ηοο
1241 3494 1378 3546 igitur
1408 3493 1492 3534 fuit
1515 3496 1560 3535 et
1580 3495 1909 3548 Aegyptiacum
1931 3496 1976 3534 et
1998 3494 2216 3534 Graecum
2279 3546 2281 3552 .

248 3565 367 3605 illius
413 3566 597 3618 insulae,
644 3577 760 3618 quae
804 3577 925 3607 nunc
962 3562 1145 3607 Essehel
1186 3567 1390 3618 vocatur,
1437 3578 1604 3607 nomen
1650 3566 2014 3607 Ptolemaeorum
2061 3565 2215 3606 aetate.
2278 3557 2281 3603 ἒ

250 3641 273 3678 9
314 3637 533 3678 Sodalitas
559 3638 789 3678 cultorum
813 3638 931 3690 regis
958 3641 1002 3678 et
1026 3638 1172 3690 regiae
1189 3637 1367 3678 domus.
1413 3632 1678 3685 Ἀτταλιστάς
1703 3639 1782 3690 qui
1797 3637 1997 3678 Attalum
2013 3637 2044 3690 1,
2074 3632 2215 3678 Εὐπα-
2278 3626 2279 3637 ’

244 3707 438 3764 τοριστάς
459 3709 536 3760 qui
558 3709 852 3750 Mithradaten
874 3709 1103 3762 Eupatora
1124 3709 1323 3751 colerent
1342 3720 1396 3750 ex
1427 3710 1568 3750 titulis
1590 3722 1630 3750 n.
1656 3713 1751 3763 325,
1775 3712 1813 3751 4.
1848 3712 1944 3762 326,
1970 3713 1984 3748 4
2004 3720 2101 3761 sqq.
2134 3709 2212 3748 367
