2314 3970
132 206 230 259 433]
679 203 948 247 Artaxerxes
981 207 998 246 I
1031 205 1273 257 (224--242
1306 218 1349 259 p.
1373 205 1473 247 Chr.
1496 205 1567 256 n.).
2010 209 2112 258 645

1072 381 1170 429 433

272 463 429 517 Τοῦτο
467 463 520 517 τὸ
561 465 825 535 πρόσωπον
865 462 982 523 Διὸς
1021 378 1192 517 θ(εοῧ.7)

37 664 47 702 ,v
125 640 307 681 nomine
352 640 705 692 comprehensas
751 650 862 693 esse,
910 651 1056 692 neque
1093 641 1237 691 magis
1284 641 1359 681 illo
1402 641 1587 693 quidem
1630 643 1837 694 tempore
1883 641 2112 693 regionem

38 704 50 727 '³
131 711 324 766 maran
354 713 425 753 vel
463 711 632 766 Tman,
664 723 781 764 quae
812 713 919 752 item
953 712 1075 764 apud
1097 711 1335 752 Tabarium
1360 713 1478 753 inter
1508 714 1766 765 provincias
1788 714 1844 754 ab
1867 713 2114 754 Artaxerxe

123 784 243 826 hello
275 785 470 826 domitas
502 786 857 826 enumeraretur.
920 785 983 825 Eo
1016 785 1198 825 nomine
1230 785 1349 825 enim
1382 785 1623 837 significari
1662 787 1838 838 partem
1870 785 2114 826 hodiernae

55 903 57 907 y
124 859 270 898 terrae
297 845 568 899 Βαῖᾶσῖείᾶη
597 868 696 898 eam
725 857 828 909 fere,
853 858 983 898 cuius
1005 858 1142 909 caput
1166 868 1286 897 nunc
1307 860 1428 898 esset
1448 858 1668 910 oppidum
1692 855 1834 900 Keldt.
1985 861 2007 898 5
2052 857 2111 898 Cf.

123 929 323 971 Noldeke
355 927 518 971 Tabari
547 941 590 983 p.
615 932 695 971 452
730 931 819 970 not.
846 932 881 982 4,
915 930 1035 970 unde
1065 931 1265 983 apparet,
1298 931 1482 970 nomine
1515 928 1613 976 θεός
1645 931 1719 971 hic
1750 943 1790 972 v.
1817 934 1854 970 2.
1882 933 1917 972 4.
1950 942 1991 971 n.
2017 933 2112 982 434,

125 1005 163 1042 4.
189 1005 226 1042 3.
249 1004 288 1043 4.
313 1008 351 1043 5.
376 1007 399 1043 6
432 1004 653 1055 usurpato
678 1001 914 1043 obscurari
946 1002 1191 1043 notabilem
1223 1004 1268 1043 in
1292 1002 1605 1055 indigenarum
1629 1014 1837 1044 sermone
1860 1003 2113 1044 distinctio·-

52 1106 54 1135 3
123 1088 240 1118 nem.
301 1076 477 1116 Etenim
509 1075 746 1116 Sasanidas
778 1076 1093 1128 antiquissima
1125 1075 1309 1128 quidem
1342 1087 1454 1116 voce
1493 1074 1576 1130 hay
1607 1087 1655 1117 se
1696 1077 1820 1129 ipsos
1862 1075 2114 1127 significare

50 1150 52 1189 i
123 1149 279 1190 solitos
311 1158 423 1200 esse,
456 1147 535 1188 sed
567 1147 676 1188 illud
707 1148 829 1200 quod
860 1148 904 1188 in
933 1148 1148 1199 religione
1169 1148 1393 1189 Mazdaica
1428 1149 1664 1202 proprium
1698 1150 1742 1189 et
1773 1149 2113 1189 sanctissimum

122 1220 264 1262 divini
295 1220 494 1260 numinis
524 1219 801 1261 vocabulum
832 1222 952 1261 esset
979 1219 1158 1274 yasddn
1194 1232 1429 1273 nunquam
1463 1221 1518 1261 de
1558 1232 1661 1273 rege
1693 1222 1920 1273 usurpari.
1983 1220 2114 1268 Quod

47 1289 51 1340 Ξ
122 1294 278 1334 eontra
319 1292 399 1333 ubi
439 1292 659 1344 originem
699 1303 829 1333 suam
871 1292 926 1333 ad
959 1292 1067 1334 deos
1099 1292 1330 1347 referrent,
1370 1295 1629 1334 constanter
1660 1295 1705 1333 et
1735 1295 1922 1346 proprie
1954 1293 2113 1336 mano*-

46 1374 50 1389 ‘
123 1353 241 1407 σ”ἰίΙιν
269 1360 332 1420 cty'
356 1363 536 1420 yasddn
565 1365 674 1417 dici3
708 1376 823 1418 quae
855 1366 929 1405 hic
959 1365 1113 1407 verbis
1146 1363 1195 1406 ἐκ
1225 1364 1372 1423 γένους
1403 1364 1516 1408 θεῶν
1551 1366 1814 1406 redduntur.
1850 1403 1852 1405 ,
1966 1370 1988 1407 6
2031 1367 2114 1406 Per

44 1427 49 1442 ³
120 1438 196 1479 illa
226 1439 431 1490 tempora
464 1439 508 1478 in
539 1437 799 1490 regionibus
831 1449 974 1491 prope
1006 1438 1156 1490 Tigrin
1188 1450 1366 1479 amnem
1401 1439 1499 1480 sitis
1531 1438 1826 1492 perfrequens
1865 1439 2002 1480 fuisse
2035 1450 2113 1479 no-

44 1542 48 1553 .
121 1521 225 1551 men
270 1507 405 1564 Papa
443 1510 599 1563 (pater)
645 1510 767 1551 unde
814 1510 1098 1551 derivaretur
1141 1509 1302 1565 Pdpak
1340 1511 1643 1564 (paterculus),
1691 1512 1867 1552 monuit
1910 1510 2113 1551 No'ldeke

41 1575 47 1633 ζ
120 1583 253 1623 Beitr.
287 1594 330 1636 p.
356 1586 407 1624 35
442 1584 532 1624 not.
558 1586 595 1636 3,
628 1583 706 1636 qui
738 1583 858 1624 idem
881 1584 990 1624 satis
1014 1584 1200 1636 antIquo
1226 1585 1432 1636 tempore
1455 1584 1528 1624 hic
1549 1586 1600 1624 ut
1622 1583 1728 1624 alibi
1752 1583 1806 1635 (n.
1832 1583 1895 1635 49)
1929 1585 2111 1624 tenuem

120 1655 166 1695 in
198 1655 393 1696 mediam
426 1655 593 1696 abiisse
624 1657 792 1709 monet,
825 1657 876 1696 ut
902 1656 991 1696 iam
1014 1656 1225 1708 Agathias
1259 1657 1453 1698 (saeculo
1477 1667 1517 1709 p.
1542 1656 1642 1696 Chr.
1667 1668 1707 1696 n.
1741 1656 1884 1707 sexto)
1917 1652 2113 1710 Πάβεκος

39 1769 46 1797 3
120 1727 353 1769 scriberet.
413 1728 470 1769 At
500 1729 635 1769 tertio
669 1740 710 1781 p.
736 1729 837 1770 Chr.
870 1729 1051 1770 saeculo
1081 1729 1319 1770 etiamtum
1340 1726 1502 1783 Pc'ipak
1533 1729 1878 1781 pronuntiatum
1909 1739 2008 1769 esse
2038 1729 2113 1768 hic

119 1801 280 1841 titulus
313 1801 456 1854 docet,
499 1801 716 1852 quoniam
747 1803 792 1843 in
832 1803 1126 1842 monumento
1160 1802 1328 1842 Graeco
1372 1801 1590 1842 accidisse
1622 1801 1747 1853 quod
1784 1802 1831 1841 in
1862 1801 2112 1842 Pahlavicis

118 1873 413 1927 perfrequens
445 1875 527 1926 est,
563 1875 616 1914 ut
646 1874 872 1926 scriptura
894 1885 1011 1926 quae
1042 1875 1459 1927 pronuntiationem
1483 1874 1658 1926 pridem
1693 1873 1944 1914 obsoletam
1978 1874 2114 1925 signi-

118 1945 274 1986 ficaret
304 1948 455 1986 tamen
485 1947 769 1998 retineretur,
804 1946 923 1987 nulla
945 1957 1001 1986 ex
1029 1948 1157 1999 parte
1187 1946 1424 1999 probabile
1455 1948 1537 1987 est.
1598 1947 1758 1987 Forma
1790 1957 1907 1998 quae
1936 1945 2112 1986 utrobi-

118 2028 207 2070 que
239 2017 437 2058 mediam
468 2017 605 2059 habet
626 2014 782 2060 Babalc
812 2018 1012 2059 Arabum
1045 2021 1126 2071 est,
1161 2030 1357 2071 quorum
1382 2030 1533 2059 sermo
1565 2020 1610 2059 et
1640 2019 1895 2060 litteratura
1927 2020 2052 2060 tenui
2077 2031 2112 2073 p

119 2090 304 2131 omnino
338 2092 474 2144 caret,
515 2102 608 2132 non
639 2091 892 2132 Persarum.
938 2091 989 2133 N.
1053 2091 1114 2134 Cf.
1147 2093 1284 2132 etiam
1318 2092 1359 2132 F.
1382 2092 1500 2133 Justi
1535 2093 1782 2133 lranisches
1814 2091 2113 2133 Namenbuch

117 2173 161 2215 p.
186 2165 282 2204 244.
344 2163 573 2215 Papacum
604 2163 866 2204 Artaxerxis
895 2165 1073 2216 patrem
1106 2163 1244 2205 fuisse
1276 2166 1502 2206 testantur
1534 2176 1638 2205 cum
1671 2164 1791 2204 tituli
1823 2176 1864 2205 n.
1891 2166 1985 2217 432,
2011 2168 2047 2205 3.
2072 2167 2110 2205 4.

119 2237 215 2287 434,
253 2239 276 2275 6
317 2237 414 2276 tum
456 2236 634 2276 nummi
674 2236 859 2287 (Drouin
899 2247 940 2289 p.
980 2237 1046 2286 68)
1088 2238 1133 2276 et
1171 2237 1369 2277 narratio
1412 2237 1533 2289 apud
1572 2237 1815 2277 Tabarium
1858 2239 1942 2289 p.⁴
1993 2248 2110 2278 vers.

83 2332 85 2335 -
118 2308 267 2348 Germ.
317 2308 516 2361 Apparet
547 2309 683 2360 igitur
714 2308 924 2349 ficticiam
959 2320 1058 2349 esse
1092 2309 1353 2350 relationem
1394 2309 1499 2349 libri
1533 2309 1758 2350 Pahlavici
1789 2309 1844 2349 de
1875 2309 2111 2350 Sasanida-

117 2392 219 2421 rum
242 2381 423 2433 imperii
448 2381 632 2433 origine,
665 2382 743 2433 qui
766 2381 899 2433 volgo
922 2381 1174 2423 Karnamak
1202 2382 1457 2434 appellatur
1484 2382 1601 2433 (vide
1622 2381 1830 2423 Noldekii
1851 2382 2110 2422 versionem

118 2453 445 2506 Germanicam,
467 2454 599 2494 Beitr.
623 2465 704 2494 zur
725 2453 883 2494 Kunde
905 2454 985 2494 der
1011 2454 1158 2506 indog.
1182 2455 1278 2506 Spr.
1303 2454 1359 2494 lV
1382 2465 1425 2507 p.
1451 2457 1502 2495 36
1521 2454 1648 2507 sqq),
1677 2465 1793 2506 quae
1813 2454 2110 2495 Artaxerxem

12 2517 36 2577 ¹.
118 2536 173 2566 ex
212 2525 501 2566 matrimonio
543 2524 698 2567 Sasani
736 2527 934 2579 pastoris
973 2538 1079 2567 cum
1119 2527 1281 2578 Papaci
1327 2528 1445 2579 regis
1492 2527 1582 2567 filia
1628 2529 1919 2579 procreatum
1959 2527 2108 2568 refert.

119 2601 142 2639 7
181 2598 384 2650 Iuppiter
405 2598 478 2638 hic
499 2609 710 2639 summus
735 2600 972 2639 Persarum
995 2599 1106 2640 deus
1127 2599 1444 2640 Ahuramazda
1472 2601 1553 2640 est.
1601 2599 1660 2640 Cf.
1685 2611 1725 2639 n.
1753 2603 1847 2652 383,
1874 2602 1939 2640 44.
1965 2602 2030 2640 42.
2057 2602 2107 2640 54

10 2656 35 2717 ,’
117 2681 222 2712 eum
254 2672 345 2712 not.
370 2672 438 2711 44.
486 2673 582 2724 384,
606 2675 644 2712 5.
691 2673 786 2724 404,
810 2675 877 2712 20.
940 2672 1155 2712 Silvester
1185 2671 1240 2712 de
1272 2673 1386 2725 Sacy
1418 2673 1489 2712 vir
1520 2672 1801 2713 clarissimus
1833 2673 1906 2712 hic
1936 2672 2110 2724 puden-

117 2743 228 2783 dum
259 2753 460 2785 errorem
492 2744 753 2796 interpretis
786 2744 941 2784 Graeci
975 2744 1311 2797 deprehendere
1352 2744 1439 2785 sibi
1470 2745 1597 2785 visus
1631 2746 1711 2785 est.
1775 2744 1950 2784 Etenim
1983 2744 2110 2785 Arta-

115 2815 268 2856 xerxis
298 2815 317 2854 1
347 2817 556 2868 nepotem
590 2815 877 2857 Hormisdam
909 2817 926 2856 I
959 2817 1093 2869 (regn.
1127 2819 1350 2856 272—273
1383 2828 1425 2869 p.
1450 2817 1564 2866 Chr.)
1599 2817 1672 2856 hic
1703 2817 1898 2868 imagine
1929 2827 2109 2868 reprae-

117 2888 299 2940 sentari,
349 2889 394 2929 at
432 2888 559 2928 illum
602 2888 797 2930 Graecae
837 2890 1145 2941 inscriptionis
1187 2891 1423 2930 auctorem
1470 2900 1709 2941 perperam
1758 2888 1990 2928 hominem
2038 2888 2109 2928 dei

118 2971 286 3000 nomen
331 2962 561 3012 gerentem
606 2972 690 3014 pro
738 2962 837 3014 ipso
885 2961 970 3002 deo
1016 2961 1242 3002 habuisse.
1315 2961 1437 3010 Quae
1483 2962 1757 3012 coniectura,
1805 2961 1888 3001 etsi
1937 2961 2108 3001 Franzii

31 3051 33 3054 ·
117 3032 404 3085 aliorumque
435 3043 673 3074 assensum
704 3033 821 3087 tulit,
861 3034 971 3074 mihi
1003 3034 1125 3075 nullo
1165 3034 1301 3074 modo
1333 3032 1586 3086 probabilis
1618 3034 1716 3074 visa
1755 3035 1823 3073 est
1863 3033 2108 3085 praecipue

117 3105 223 3157 quia
253 3105 518 3146 incredibile
549 3105 864 3147 existimabam
888 3106 1184 3147 Artaxerxem
1207 3117 1337 3147 suam
1360 3107 1405 3146 et
1427 3107 1603 3158 nepotis
1632 3106 1889 3158 imaginem,
1923 3105 2001 3157 qui
2031 3105 2107 3146 illo

118 3178 362 3230 superstite
399 3179 477 3219 vix
518 3178 668 3219 adulta
715 3180 861 3219 aetate
904 3179 1042 3219 fuisse
1082 3180 1244 3231 potest,
1292 3168 1399 3219 huic
1447 3179 1552 3230 rupi
1590 3178 1875 3218 incidendam
1922 3188 2108 3218 curasse

119 3250 292 3290 omisso
325 3251 471 3303 ipsius
502 3249 610 3303 filio,
642 3250 762 3292 illius
793 3253 921 3304 patre
953 3253 1121 3304 Sapore
1155 3252 1208 3303 (n.
1237 3250 1372 3302 4343),
1415 3261 1551 3303 quem
1593 3252 1744 3291 tamen
1785 3261 1947 3301 magna
1986 3249 2108 3301 apud

117 3323 294 3374 patrem
325 3323 467 3374 gratia
497 3323 705 3364 floruisse
736 3335 933 3377 eumque
973 3325 1017 3364 in
1051 3323 1188 3364 rebus
1220 3323 1416 3376 publicis
1447 3322 1816 3364 administrandis
1848 3323 2032 3362 strenue
2062 3323 2106 3362 et

117 3395 325 3436 sollerter
368 3395 598 3436 adiuvisse
636 3398 814 3437 constat
851 3394 1028 3448 (Tabari
1068 3407 1109 3449 p.
1143 3399 1193 3435 30
1234 3406 1351 3437 vers.
1388 3396 1563 3446 Germ).
1627 3395 1774 3443 Quare
1814 3394 2106 3436 Theodorum

116 3466 317 3508 Noldeke
347 3478 429 3520 per
468 3468 640 3510 litteras
672 3469 895 3522 consului,
935 3470 1013 3521 qui
1046 3469 1156 3509 mihi
1197 3469 1443 3521 rescripsit,
1486 3479 1534 3508 se
1576 3467 1699 3508 nullo
1739 3467 1874 3508 modo
1914 3466 2105 3508 d'ubium

116 3540 391 3593 existimare,
434 3541 544 3594 quin
577 3541 700 3594 deus,
741 3553 830 3582 non
869 3553 949 3582 rex
979 3542 1268 3582 indicaretur.
1331 3539 1459 3588 Quod
1502 3542 1682 3592 praeter
1721 3542 2039 3592 argumentum
2081 3551 2106 3580 a

117 3621 191 3651 me
232 3612 418 3653 allatum
457 3613 594 3654 etiam
643 3614 944 3666 appellatione
986 3611 1084 3659 θεός
1131 3613 1446 3654 demonstrari.
1514 3612 1628 3654 Nam
1677 3610 1874 3667 βασιλεύς
1919 3613 2104 3666 quidem

117 3685 296 3735 praeter
326 3685 450 3737 ipsos
482 3696 609 3737 reges
640 3686 777 3727 etiam
809 3686 864 3726 de
895 3685 996 3727 filiis
1029 3697 1201 3739 eorum,
1235 3686 1313 3738 qui
1335 3685 1519 3738 quidem
1552 3686 1814 3738 provinciae
1844 3686 2107 3738 praeessent
