2314 3970
228 220 332 271 406
871 215 940 254 IV.
987 215 1187 265 Regnum
1220 213 1567 254 Seleucidarum.
2099 213 2200 264 [248

304 390 333 442 b
370 416 613 427 --------
669 384 799 456 ἀρχο
809 415 1022 423 -------
1061 383 1066 453 Ι
1103 405 1673 423 ------------------
1671 405 1688 453 {
1691 387 1759 442 ῶς
1824 384 1979 453 ὑπαρΕ
1990 414 2170 422 ------
2193 382 2209 453 ΙΙ
2288 383 2300 446 ,ῑῖ

321 491 344 530 5
375 502 934 514 ------------------
988 472 1227 542 νεώτερον
1292 468 1552 541 φιλ----Ι
1592 501 2114 509 -----------------
2123 474 2207 521 τοῦ
2281 458 2303 540 ᾗ

376 557 559 629 πατρὸς
600 559 615 626 [
616 586 796 597 ------
826 557 830 626 Ι
859 588 1070 596 -------
1106 556 1419 627 ποιούμ]ενος
1451 556 1539 627 τὴν
1569 556 1939 628 ἀναστροφ[ἡν3
1969 556 1973 626 Ι
2002 588 2210 595 -------
2286 545 2301 601 {f

375 675 1009 684 -------------------
1012 644 1120 712 ]ως·
1173 645 1245 702 εἰς
1293 643 1590 695 σύσστασιν4
1635 643 1691 711 ἧι
1735 644 1828 695 θεῖ’
1871 674 2032 681 -----
2074 641 2080 712 1
2120 672 2212 681 —--
2287 627 2301 683 ί

376 760 1220 770 -------------------------
1265 729 1350 782 καὶ
1397 730 1619 799 ἀδελφοῦ
1668 730 1922 798 πέμπτου6
1958 725 2021 781 τὰ
2062 730 2162 797 ε[--
2198 727 2214 799 ss
2287 741 2294 773 1

2285 805 2296 847 K

2283 877 2298 928 ἕ

232 939 417 991 propter
455 936 727 977 Antiochum
774 935 819 976 in
858 946 1046 987 regnum
1094 935 1305 975 evectum
1351 934 1396 973 et
1436 932 1727 975 multifariam
1775 934 1982 974 adiutum
2029 943 2216 974 ornasse

231 1022 364 1051 nemo
387 1008 629 1050 mirabitur
652 1008 732 1061 qui
754 1008 1022 1060 meminerit,
1055 1007 1181 1047 illum
1214 1008 1312 1047 tum
1334 1006 1487 1059 ipsum
1509 1016 1614 1047 cum
1636 1006 1824 1047 Romam
1846 1006 2011 1046 rediret
2032 1006 2215 1046 Athenis

233 1082 568 1124 commoratum
607 1081 838 1130 civitatem
870 1080 1060 1132 egregiis
1096 1078 1328 1120 beneficiis
1357 1077 1574 1120 affecisse.
1626 1077 1687 1119 Cf.
1719 1077 1878 1130 Polyb.
1899 1077 2057 1130 XXVI,
2082 1081 2120 1130 4,
2141 1081 2215 1117 4οε

234 1152 277 1194 ἐν
321 1152 367 1195 δὲ
407 1156 503 1200 ταῖς
547 1151 653 1208 πρὸς
691 1150 766 1199 τὰς
805 1150 950 1198 πόλεις
990 1147 1152 1198 θυσίαις
1190 1149 1263 1192 καὶ
1298 1153 1392 1197 ταῖς
1423 1149 1526 1207 πρὸς
1563 1148 1663 1196 τοὺς
1707 1147 1834 1196 θεοὺς
1873 1152 2019 1204 τιμαῖς
2059 1147 2218 1195 πάντας

234 1223 494 1282 ὑπερέβαλλε
525 1222 623 1272 τοὺς
655 1223 1019 1281 βεβασιλευκότας.
1050 1226 1175 1266 τοῦτο
1210 1217 1244 1264 δ’
1265 1221 1314 1265 ἄν
1336 1237 1399 1270 τις
1429 1221 1689 1280 τεκμήραιτο
1723 1220 1772 1264 ἔκ
1798 1236 1843 1262 τε
1873 1224 1948 1264 τοῦ
1979 1215 2076 1277 παρ’
2095 1216 2217 1277 Ἀθη-

231 1297 366 1344 ναίοις
386 1295 662 1353 Ὀλυμπιείου
693 1295 767 1338 καὶ
795 1302 880 1338 τῶν
913 1294 1007 1353 περὶ
1036 1295 1107 1337 τὸν
1143 1293 1185 1336 ἐν
1208 1292 1338 1351 Δήλῳ
1363 1293 1508 1350 βωμὸν
1530 1292 1802 1351 ἀνδριάῖτων.
1849 1295 1941 1335 Liv.
1957 1294 2067 1346 XLI,
2086 1297 2154 1347 20,
2173 1298 2217 1335 8:

233 1367 604 1425 maynificentiae
643 1381 743 1411 vero
780 1367 836 1410 in
873 1367 973 1411 deos
1011 1367 1077 1410 vel
1115 1366 1233 1410 Iovis
1268 1365 1452 1422 Olympi
1490 1365 1707 1422 templum
1737 1364 1940 1420 Athem's,
1978 1378 2127 1409 wausm
2166 1364 2222 1408 in
2279 1390 2292 1425 ,ἶ

233 1441 368 1485 terris
396 1440 663 1484 incohatum
685 1453 772 1496 pro
803 1438 1124 1495 maynitudine
1152 1438 1238 1494 dei,
1263 1442 1407 1495 potest
1436 1437 1587 1492 [testis]
1624 1451 1727 1482 esse.
1787 1440 1975 1481 Pausan.
1996 1439 2049 1492 V,
2073 1442 2140 1491 ⁴2,
2174 1442 2219 1480 4:
2279 1444 2288 1459 '

235 1514 277 1556 ἐν
310 1508 593 1570 ὃὲὈλυμπίᾳ
620 1512 932 1568 παραπέτασμα
965 1509 1109 1568 ἐρεοῦν
1131 1509 1457 1569 κεκοσμημένον
1486 1508 1726 1567 ὑφάσμασιν
1747 1505 1974 1569 Ἀσσυρίοις
2002 1509 2076 1552 καὶ
2105 1508 2221 1568 βαφῇ
2276 1533 2295 1565 :r

235 1585 455 1644 πορφύρας
500 1589 578 1641 τῆς
609 1582 818 1627 Φοινίκων
856 1579 1066 1640 ἀνέθηκεν
1105 1578 1328 1642 Ἀντίοχος,
1368 1580 1416 1624 οὖ
1458 1580 1510 1639 δὴ
1547 1581 1621 1624 καὶ
1661 1580 1768 1638 ὑπὲρ
1809 1586 1883 1624 τοῦ
1923 1580 2103 1638 θεάτρου
2146 1584 2222 1623 τοῦ
2275 1603 2289 1635 4.

234 1654 454 1716 Ἀθήνησιν
494 1656 524 1712 ἡ
568 1655 676 1714 αἰγὶς
717 1654 746 1712 ἡ
794 1660 932 1714 χρυσῆ
979 1654 1053 1697 καὶ
1100 1649 1160 1697 ἐπ’
1196 1653 1330 1711 αὐτῆς
1367 1652 1396 1710 ἡ
1435 1651 1606 1712 Γοργών
1648 1651 1756 1696 ἐστιν
1799 1652 2018 1711 ἀνάθημα.
2076 1655 2221 1696 Etiam

236 1733 471 1788 στρατηγοῦ
505 1727 574 1771 ἐπὶ
603 1728 656 1771 τὰ
687 1726 799 1770 ὅπλα
840 1729 1109 1781 magistratu
1149 1739 1253 1769 eum
1293 1729 1392 1768 tum
1425 1727 1608 1768 Athenis
1649 1727 1855 1768 functum
1893 1738 1992 1768 esse
2023 1727 2222 1768 Babelon
2278 1720 2285 1730 ²

237 1803 318 1844 Les
360 1803 451 1844 rois
491 1803 545 1843 de
584 1802 711 1854 Syrie
753 1813 794 1854 p.
827 1801 923 1842 XCI
940 1812 1036 1853 sqq.
1081 1811 1136 1840 ex
1176 1801 1377 1841 nummis
1406 1799 1564 1840 Atticis
1603 1800 1945 1840 demonstravit.
2007 1799 2222 1840 Wilcken.
2271 1797 2278 1803 ‘'

239 1880 262 1914 2
304 1876 408 1916 ‘N'
443 1875 489 1915 in
522 1874 669 1926 lapide
701 1875 891 1925 exstant,
922 1875 975 1913 ut
1005 1873 1121 1924 regis
1153 1883 1318 1913 nomen
1350 1873 1472 1912 certe
1502 1883 1591 1912 non
1623 1873 1719 1912 sine
1745 1871 2065 1924 probabilitate
2094 1871 2223 1912 resti-
2268 1866 2293 1899 '·=

238 1947 377 1988 tuerit
415 1946 614 1987 Frankel.
792 1949 814 1984 3
858 1945 1066 1985 Fortasse
1104 1944 1158 1985 de
1198 1944 1334 1984 Attali
1365 1945 1403 1983 II
1433 1943 1620 1985 Athenis
1651 1945 2011 1985 commoratione
2049 1946 2094 1984 et
2130 1945 2224 1984 lau·
2270 1941 2275 1946 '

239 2020 376 2061 dabili
408 2020 558 2060 victus
589 2029 751 2071 genere
782 2018 857 2059 hic
887 2017 1028 2058 verba
1059 2017 1175 2058 facta
1205 2018 1323 2057 sunt.
1377 2016 1436 2057 Cf.
1460 2015 1589 2068 Syll.2
1618 2028 1658 2057 n.
1683 2016 1805 2058 2982.
1956 2019 1977 2056 4
2011 2017 2225 2058 Coniura-
2268 2035 2270 2037 >

239 2094 409 2134 tionem
430 2091 660 2132 Heliodori
683 2091 791 2143 (not.
816 2090 854 2142 7)
886 2091 959 2130 hic
990 2090 1116 2131 innui
1148 2089 1378 2130 existimat
1396 2089 1596 2140 Frankel,
1628 2089 1754 2141 quod
1786 2089 1895 2129 mihi
1926 2089 2111 2141 quidem
2135 2101 2224 2130 non

239 2164 472 2218 probatur.
522 2165 667 2205 Immo
688 2164 816 2203 illum
839 2163 1103 2215 quicunque
1124 2174 1166 2202 v.
1192 2165 1212 2199 7
1248 2161 1530 2202 collaudetur
1557 2162 1631 2201 hic
1650 2161 1999 2202 Atheniensibus
2021 2161 2226 2202 moribus

241 2239 286 2278 et
316 2237 466 2278 victus
489 2236 701 2277 comitate
724 2235 1015 2276 conciliatum
1038 2233 1500 2286 commendatumque
1521 2244 1621 2274 esse
1641 2234 1913 2273 enuntiatur.
1966 2233 2110 2281 Quam
2130 2234 2224 2274 vim

241 2311 287 2351 in
319 2307 560 2350 συνιστάναι
589 2306 670 2349 τινί
697 2322 789 2349 τινα
821 2308 958 2360 atque
988 2308 1034 2347 in
1056 2307 1239 2348 nomine
1271 2303 1464 2352 σύστασις
1494 2307 1643 2347 inesse
1665 2307 1823 2346 notum
1854 2307 1934 2346 est.
1986 2305 2047 2346 Cf.
2069 2305 2226 2358 Polyb.

242 2383 270 2434 1,
297 2385 363 2434 78,
388 2384 425 2421 ⁴:
465 2377 590 2426 οὗτος
620 2377 684 2420 ἀεὶ
717 2379 794 2434 μὲν
827 2377 996 2425 οἰκείως
1030 2376 1210 2420 διέκειτο
1249 2375 1352 2435 πρὸς
1381 2375 1480 2424 τοὺς
1514 2372 1838 2435 Καρχηδονίους
1874 2374 2081 2432 πατρικὴν
2114 2375 2226 2436 ἔχων

243 2452 450 2494 σύστασιν.
511 2451 574 2493 Ac
613 2464 703 2493 non
734 2451 1040 2504 improbabile
1076 2452 1157 2504 est,
1198 2450 1466 2503 priusquam
1508 2449 1564 2490 ad
1594 2449 1809 2490 Eumenis
1850 2448 2132 2502 fratrumque
2173 2449 2228 2490 de

244 2525 464 2567 Antiocho
497 2525 659 2565 merita
690 2525 1004 2577 perveniretur
1036 2522 1092 2574 (v.
1117 2523 1170 2576 8),
1211 2523 1388 2575 priores
1418 2533 1535 2574 quae
1566 2522 1684 2562 inter
1721 2521 1822 2562 illos
1860 2523 1905 2562 et
1935 2509 2255 2571 Atheniensess

243 2598 573 2638 intercederent
603 2597 772 2650 gratiae
802 2596 1210 2648 familiaritatisque
1231 2605 1392 2636 causas
1414 2595 1700 2635 enumeratas
1722 2593 1873 2635 fuisse.
1924 2593 1988 2635 Ac
2018 2594 2103 2635 fuit
2122 2605 2228 2635 cum
2312 2631 2314 2638 .

245 2670 356 2710 mihi
387 2670 432 2709 in
453 2670 651 2709 mentem
678 2669 850 2710 veniret
882 2680 922 2709 v.
948 2672 970 2708 5
1004 2666 1089 2720 [τὸν
1121 2664 1304 2722 ἀδελφὸν
1335 2665 1422 2718 τὸν]
1452 2665 1657 2720 νεώτερον
1680 2662 1961 2721 Φιλ[έταιρον]
1992 2676 2228 2719 reponere,
2313 2693 2314 2715 3

244 2743 297 2781 ut
334 2743 435 2782 ante
474 2742 595 2781 hunc
624 2751 812 2781 versum
854 2740 909 2780 de
939 2738 1075 2780 Attali
1105 2739 1291 2780 Athenis
1330 2739 1687 2779 commoratione
1727 2737 1899 2779 dictum
1940 2737 2087 2791 fuerit,
2129 2732 2251 2779 tum'
2305 2753 2314 2785 ῃ

246 2825 355 2854 vero
387 2813 442 2854 ad
474 2812 657 2853 fratrem
689 2814 798 2853 natu
831 2813 1055 2852 minorem
1087 2811 1244 2853 eadem
1277 2811 1608 2852 necessitudine
1638 2810 1836 2852 civitatis
1867 2821 1971 2851 cum
2002 2811 2091 2851 illis
2121 2822 2248 2855 con-,
2274 2806 2275 2809 ’
2303 2856 2305 2863 ,

247 2887 450 2926 iunctum
489 2884 555 2936 (cf.
589 2896 630 2924 n.
654 2883 778 2935 2959)
812 2885 1079 2924 transeatur.
1142 2883 1227 2924 Sed
1264 2883 1310 2924 id
1350 2883 1573 2924 incertum
1613 2893 1711 2924 esse
1742 2894 1815 2923 me
1846 2894 1934 2923 non
1966 2882 2090 2935 fugit.
2141 2883 2231 2924 Uti·
2244 2931 2251 2939 „

247 2969 336 3011 que
365 2960 440 2998 τοῦ
471 2955 628 3015 πατρὸς
659 2968 701 2998 v.
725 2960 748 2996 6
781 2956 838 2997 ad
866 2955 1066 2996 Attalum
1098 2957 1115 2995 I
1158 2956 1364 3008 spectare
1393 2955 1587 2996 videtur.
1765 2959 1788 2996 5
1829 2951 1968 3009 ἦ[λ]θε
2007 2955 2053 2995 G.
2076 2954 2228 2996 Kaibel
2303 2939 2305 2970 ³

246 3030 471 3071 Deutsche
487 3029 911 3080 Litteraturzeitung
931 3031 1041 3068 ⁴879
1064 3030 1244 3080 p.47⁰5‚
1276 3027 1355 3068 sed
1378 3038 1524 3080 neque
1545 3027 1721 3068 litterae
1753 3029 1788 3067 Λ
1821 3026 2105 3080 reponendae
2128 3038 2246 3080 spa--
2302 3069 2305 3076 ,

248 3104 363 3143 tium
396 3101 602 3143 sufficere
632 3103 678 3142 et
707 3102 863 3142 hastae
895 3100 1091 3142 directae
1125 3101 1132 3141 Ι
1165 3099 1425 3141 inferiorem
1455 3102 1577 3141 certe
1607 3101 1785 3152 partem
1817 3099 2027 3140 distincte
2049 3099 2250 3151 agnoscis
2302 3092 2304 3130 3

247 3175 439 3215 testatur
461 3175 528 3215 Fr.
576 3173 780 3226 Cogitavi
801 3173 855 3213 de
885 3171 932 3228 ἧι
962 3169 1130 3226 θέ[μις],
1164 3171 1244 3212 sed
1266 3172 1312 3212 id
1336 3173 1383 3213 in
1410 3171 1675 3213 huiusmodi
1700 3171 1867 3212 decreti
1890 3182 2032 3223 genus
2055 3168 2247 3213 dicendi]

249 3247 401 3287 minus
443 3246 667 3298 quadrare
706 3245 899 3287 videtur.
1064 3248 1087 3284 6
1127 3243 1514 3285 Obscurissimum
1554 3245 1654 3285 hoc.
1716 3243 1925 3296 Quinque
1970 3243 2107 3284 fuisse
2143 3243 2238 3284 An·-
2300 3291 2302 3294 ¹

249 3318 388 3360 tiochi
419 3319 477 3358 III
509 3317 625 3359 filios
656 3319 777 3358 recte
808 3318 966 3358 monet
986 3317 1067 3369 Fr.‚
1100 3316 1180 3356 sed
1210 3316 1336 3369 quod
1365 3317 1440 3357 hic
1469 3316 1524 3357 de
1554 3328 1643 3357 una
1674 3327 1730 3356 ex
1750 3316 1970 3368 quattuor
1997 3316 2243 3367 sororibus:

250 3390 459 3431 Antiochi
500 3390 587 3431 dici
629 3390 858 3431 existimat
895 3389 1028 3442 idem,
1075 3387 1120 3428 id
1159 3388 1270 3440 quid
1315 3388 1403 3429 sibi
1440 3389 1550 3429 velit
1587 3399 1676 3429 non
1715 3398 1948 3439 assequor.
2011 3387 2139 3428 Certe
2175 3398 2203 3428 n
2299 3402 2301 3423 1

252 3463 572 3503 tenuissimum
602 3462 787 3515 quidem
819 3463 916 3503 eius
947 3462 1013 3502 rei
1034 3460 1277 3512 vestigium
1309 3461 1543 3502 continent
1564 3460 1779 3513 reliquiae
1801 3460 2052 3512 scripturae
2073 3415 2261 3517 super-⁶}
2298 3450 2301 3509 ζ

253 3535 394 3575 stites.
455 3534 738 3576 Probabilius
778 3535 971 3586 videtur,
1017 3534 1234 3586 quattuor
1271 3532 1407 3574 Attali
1444 3533 1560 3574 filios
1600 3534 1723 3574 tanta
1767 3532 1951 3573 caritate
1997 3520 2261 3588 amplexosfijss¹

252 3606 504 3658 praedicari
541 3606 816 3648 Antiochum
857 3607 1150 3659 Epiphanem‚
1195 3605 1248 3648 ut
1291 3615 1396 3645 eum
1437 3606 1566 3658 quasi
1612 3605 1822 3657 quintum
1866 3603 2049 3644 fratrem
2095 3613 2256 3645 suum·
2297 3609 2299 3614 ·

253 3677 489 3730 haberent3
523 3681 568 3718 at
598 3679 685 3720 hoc
715 3690 898 3731 quoque
930 3676 1271 3719 difficultatibus
1303 3689 1392 3718 non
1423 3677 1600 3718 levibus
1634 3676 1905 3730 implicatur.
