2314 3970
111 197 184 250 56]
604 196 848 238 Ptolemaei
877 196 935 236 111
965 197 1313 237 monumentum
1344 195 1608 248 Canopium.
2024 196 2092 247 93

253 366 618 427 Βασιλεύοντος
657 367 1011 437 Πτολεμαίου1
1047 371 1133 420 τοῦ
1173 366 1490 436 Πτολεμαίου
1529 365 1614 419 καὶ
1645 363 1918 437 Ἀρσινόης,
1959 367 2091 419 θεῶν

250 451 498 524 Ἀδελφῶν
514 457 550 522 ²,
590 454 731 514 ἔτους
770 454 946 508 ἐνάτου
960 457 996 523 3,
1038 454 1119 507 ἐπὶ
1161 454 1365 524 ἱερέως4
1395 451 1760 506 Ἀπολλωνίδου
1798 458 1885 505 τοῦ
1915 452 1922 524 Ι
1952 452 2094 505 Μοσ-

252 541 435 611 χίωνος
466 538 790 612 Ἀλεξάνδρου
839 540 925 593 καὶ
974 541 1105 592 θεῶν
1140 536 1396 611 Ἀδελφῶν
1442 538 1528 592 καὶ
1573 540 1707 593 θεῶν
1748 537 2039 610 Εὐεργετῶν
2056 542 2091 608 ⁶,

253 627 545 697 κανηφόρου
589 623 841 697 Ἀρσινόης
896 626 1259 696 Φιλαδέλφου6
1297 624 1670 697 Μενεκρατείας
1712 626 1718 696 Ι
1757 631 1847 696 τῆς
1896 624 2095 695 Φιλάμ-

107 845 152 886 in
182 844 393 886 versibus
425 844 677 885 dividendis
707 845 966 898 exemplum
989 844 1239 885 Taniticum
1275 841 1343 895 (A)
1376 846 1560 890 secutus
1582 856 1699 886 sum.
1751 845 1890 887 Cuius
1912 847 2094 898 septua-

107 918 229 969 ginta
259 927 338 958 sex
367 916 581 958 versibus
611 918 656 957 in
678 916 926 970 exemplari
956 913 1000 956 B
1026 915 1302 968 respondent
1323 917 1555 968 sexaginta
1577 919 1808 969 quattuor.
1861 918 2095 958 Lectiones

107 999 216 1030 vero
247 999 389 1041 paene
419 988 605 1042 ubique,
649 990 686 1029 si
718 989 978 1041 discrepant
1007 988 1193 1041 lapides,
1236 999 1291 1028 ex
1322 984 1366 1028 B
1392 989 1556 1041 recepi,
1598 990 1768 1042 quippe
1799 990 1922 1042 quod
1954 990 2096 1030 mani-

106 1060 220 1102 festo
251 1061 396 1101 multo
430 1061 601 1101 maiore
632 1071 737 1101 cum
771 1071 881 1101 cura
911 1062 1146 1101 exaratum
1178 1060 1249 1100 sit.
1311 1059 1610 1112 Quocumque
1639 1071 1749 1101 vero
1780 1061 1879 1102 loco
1912 1072 1967 1101 ex
1998 1061 2094 1102 solo

104 1129 148 1174 A
177 1133 415 1174 lectionem
439 1132 771 1185 discrepantem
803 1131 955 1186 affero,
987 1132 1034 1174 id
1055 1133 1206 1185 ipsum
1229 1132 1353 1184 quod
1383 1133 1428 1172 in
1459 1134 1619 1174 tenore
1648 1132 1768 1172 tituli
1799 1132 2019 1186 proposui
2050 1134 2097 1173 in

106 1204 253 1256 lapide
291 1200 336 1245 B
368 1215 468 1245 esse
506 1205 740 1245 sciendum
781 1207 862 1245 est.
1020 1208 1036 1244 4
1087 1204 1370 1245 Ptolemaeus
1401 1204 1457 1244 III
1496 1204 1739 1256 Euergetes
1782 1205 2015 1256 (247—224
2056 1217 2094 1246 a.

107 1276 209 1317 Chr.
231 1276 301 1327 n.).
481 1280 504 1316 2
546 1276 607 1318 Cf.
639 1288 681 1318 n.
707 1280 756 1316 60
770 1275 801 1318 2.
981 1280 1003 1317 3
1043 1276 1200 1318 Nonus
1233 1277 1478 1318 Ptolemaei
1508 1277 1756 1329 Euergetae
1787 1288 1931 1318 annus
1964 1275 2094 1333 239s8

106 1360 142 1389 a.
176 1347 276 1389 Chr.
309 1360 351 1389 n.
384 1350 464 1390 est.
527 1348 587 1390 Cf.
626 1350 718 1390 not.
749 1352 787 1389 9.
967 1352 989 1389 4
1034 1343 1095 1405 ἐφ’
1133 1347 1278 1405 ἱερέως
1318 1346 1373 1390 Α.
1553 1352 1574 1389 5
1618 1350 1682 1390 De
1725 1349 1979 1390 sacerdotio
2018 1361 2095 1391 an-

107 1431 197 1460 nuo
229 1420 470 1462 Alexandri
500 1422 546 1461 et
576 1421 939 1462 Ptolemaeorum
980 1421 1145 1462 divinis
1186 1421 1437 1462 honoribus
1477 1420 1747 1462 affectorum
1787 1421 1842 1462 cf.
1874 1422 2097 1463 Letronne

104 1493 286 1534 Recueil
316 1492 396 1533 des
427 1493 562 1534 inscr.
596 1493 668 1534 Gr.
701 1495 747 1533 et
776 1493 868 1534 Lat.
902 1493 957 1534 de
987 1481 1193 1546 l’Egypte
1225 1494 1242 1532 I
1274 1504 1317 1546 p.
1341 1496 1437 1534 26⁴.
1494 1493 1613 1534 Haec
1645 1504 1772 1535 sacra
1802 1493 2096 1535 Alexandriae

105 1564 256 1605 locum
289 1564 530 1618 habebant,
571 1576 718 1618 neque
758 1565 850 1606 ulla
891 1566 956 1606 eis
994 1565 1232 1606 intercedit
1269 1565 1557 1607 necessitudo
1597 1576 1703 1606 cum
1743 1565 1871 1606 cultu
1906 1566 2095 1607 deorum

105 1636 447 1690 Aegyptiorum,
479 1648 677 1690 quorum
700 1637 959 1678 sacerdotes
990 1638 1102 1678 haec
1128 1637 1441 1679 decreverunt.
1493 1637 1641 1685 Quare
1668 1649 1758 1679 non
1786 1638 1926 1678 modo
1959 1649 2096 1690 quem

106 1709 180 1748 hic
219 1707 456 1762 habemus,
503 1709 583 1750 sed
620 1720 778 1751 omnes
818 1710 1002 1751 omnino
1041 1710 1119 1762 qui
1166 1710 1261 1750 noti
1299 1711 1405 1751 sunt
1442 1721 1604 1750 eorum
1644 1710 1881 1762 antistites,
1930 1710 2098 1751 Graeca

105 1781 289 1821 nomina
327 1783 500 1833 gerunt.
565 1781 857 1822 Memorabile
897 1783 967 1822 est
998 1781 1288 1834 Philadelpho
1329 1783 1374 1822 et
1410 1781 1632 1834 Euergeta
1672 1781 1856 1834 regibus
1894 1782 2096 1822 nondum

105 1863 369 1905 comparere
400 1854 518 1894 inter
547 1853 677 1894 divos
708 1854 921 1907 maiores,
953 1865 1152 1906 quorum
1183 1854 1271 1895 hoc
1302 1854 1592 1895 sacerdotum
1624 1855 1706 1907 est,
1740 1854 2046 1895 Ptolemaeum
2080 1855 2097 1894 I

104 1926 149 1964 et
186 1924 429 1966 Berenicen
474 1922 601 1971 θεοὺς
647 1921 865 1983 Σωτῆρας,
918 1926 996 1978 qui
1039 1926 1292 1979 posteriore
1339 1927 1484 1967 aetate
1530 1937 1764 1978 nunquam
1811 1927 2097 1967 omittuntur.

103 1995 293 2049 Lepsius
324 2007 366 2049 p.
392 2000 429 2038 6.
492 1996 623 2045 Quod
654 1998 811 2039 contra
842 2009 949 2038 cum
980 1998 1092 2038 haec
1133 2008 1261 2039 sacra
1292 1998 1420 2039 initio
1453 2009 1542 2039 non
1573 1997 1765 2039 fuissent
1795 1998 1882 2039 nisi
1914 1998 2098 2039 defunc-

103 2069 254 2109 torum
288 2079 463 2123 regum,
501 2070 678 2122 primus
711 2070 1028 2123 Philadelphus
1061 2081 1110 2111 se
1141 2071 1435 2124 superstitem
1466 2082 1557 2111 una
1596 2081 1701 2111 cum
1740 2082 1884 2112 uxore
1915 2073 2099 2112 mortua

101 2139 291 2182 Arsinoe
321 2139 432 2183 θεῶν
464 2135 673 2198 Ἀὃελφῶν
707 2143 889 2183 nomine
921 2142 1008 2184 coli
1039 2153 1202 2195 passus
1225 2145 1307 2195 est,
1339 2142 1500 2184 deinde
1522 2143 1743 2195 Euergeta
1764 2154 1869 2195 rege
1896 2144 2098 2196 primum

105 2222 184 2252 rex
215 2214 260 2253 et
290 2214 444 2266 regina
475 2214 552 2266 qui
585 2216 685 2255 tum
716 2215 835 2256 inter
864 2215 996 2256 vivos
1028 2217 1157 2257 erant
1188 2215 1440 2256 maioribus
1472 2216 1551 2267 qui
1591 2215 1885 2256 decesserunt
1916 2215 2098 2267 adiungi

106 2287 368 2339 coeperunt,
400 2288 446 2326 et
477 2286 543 2327 sic
572 2286 788 2340 deinceps
820 2298 979 2328 omnes
1012 2288 1090 2340 qui
1120 2290 1226 2340 post
1255 2287 1356 2328 illos
1387 2290 1704 2339 regnaverunt.
1756 2288 1851 2328 Iam
1875 2287 2099 2328 Revillout

103 2356 301 2409 probare
339 2369 475 2410 posse
515 2358 602 2399 sibi
641 2359 768 2400 visus
809 2362 890 2412 est,
937 2360 1023 2400 hoc
1054 2360 1238 2415 demum
1271 2360 1564 2400 sacerdotum
1598 2360 1780 2400 decreto
1819 2362 1863 2400 et
1901 2360 2098 2413 appella-

103 2429 274 2470 tionem
313 2425 553 2487 Εὐεργέτης
595 2432 690 2483 regi
730 2431 950 2473 tributam
990 2434 1035 2472 et
1074 2429 1188 2473 θεῶν
1230 2427 1474 2488 Εὐεργετῶν
1523 2442 1651 2472 sacra
1693 2433 1940 2473 constituta
1981 2442 2094 2473 esse.

104 2500 237 2550 Quod
273 2502 401 2543 initio
441 2503 580 2543 totius
619 2503 740 2543 tituli
778 2504 890 2544 haec
939 2503 1188 2545 honorifica
1225 2504 1469 2556 appellatio
1512 2505 1606 2555 regi
1648 2515 1739 2544 non
1781 2504 2010 2557 tribuitur,
2051 2504 2097 2544 id

104 2583 210 2614 sane
252 2577 462 2615 neutram
507 2575 552 2614 in
594 2577 769 2627 partem
815 2576 1062 2628 quicquam
1100 2576 1232 2617 valet.
1299 2575 1413 2616 Nam
1461 2576 1685 2617 eiusmodi
1731 2577 2000 2628 cognomina
2051 2577 2096 2616 in

105 2645 281 2686 solenni
312 2647 533 2699 temporis
565 2646 891 2699 significatione
923 2659 1039 2700 quae
1070 2648 1214 2689 titulis
1246 2649 1567 2700 praemittitur,
1599 2649 1736 2689 etiam
1767 2650 1873 2701 post
1903 2649 2098 2701 Euerge-

104 2719 175 2758 tae
207 2719 415 2770 tempora
452 2729 778 2772 nonnunquam
811 2721 1098 2761 omittuntur.
1159 2720 1216 2760 At
1255 2721 1496 2762 verissime
1533 2720 1876 2761 Kornemannus
1908 2722 2097 2774 monuit,

34 2801 41 2810 ’
104 2789 227 2830 aliud
258 2791 490 2842 antiquius
513 2790 747 2832 decretum
769 2792 824 2833 de
853 2792 1044 2833 deorum
1066 2793 1395 2845 Euergetarum
1428 2794 1569 2834 sacris
1599 2792 1714 2834 infra
1745 2794 2097 2834 commemorari

106 2861 162 2912 (v.
187 2865 256 2903 20.
281 2865 326 2902 24
372 2861 448 2908 τάς
484 2876 530 2903 τε
575 2861 933 2922 προϋπαρχούσας
972 2862 1113 2919 τιμάς.
1164 2868 1214 2904 33
1248 2863 1392 2920 ἐπειδὴ
1431 2859 1526 2908 ’καθ’
1554 2862 1730 2905 ἕκαστον
1771 2869 1884 2920 μῆνα
1924 2862 2098 2920 ἄγονται

106 2931 149 2974 ἐν
178 2936 270 2979 τοῖς
303 2931 430 2989 ἱεροῖς
474 2931 616 2990 ἑορταὶ
644 2941 729 2976 τῶν
761 2931 1004 2993 Εὐεργετῶν
1043 2933 1156 2977 θεῶν
1198 2935 1308 2977 ’κατὰ
1345 2936 1392 2976 τὸ
1425 2934 1628 2992 πρότερον
1667 2935 1825 2993 γραφὲν
1864 2934 2095 2992 ψήφισμα).

107 3004 187 3046 Illo
219 3005 359 3057 igitur
388 3007 608 3060 instituta,
641 3007 731 3048 hoc
762 3010 896 3049 aucta
928 3010 1034 3048 sunt
1064 3019 1192 3049 sacra
1220 3009 1419 3049 Deorum
1441 3007 1767 3060 Beneficorum,
1799 3009 1850 3047 ut
1881 3010 2098 3059 appareat

106 3077 242 3122 etiam
273 3078 426 3130 ipsum
458 3089 709 3130 cognomen
740 3075 979 3136 Εὐεργέτης
1011 3091 1126 3121 anno
1159 3083 1242 3121 238
1266 3092 1303 3121 a.
1328 3081 1429 3121 Chr.
1453 3092 1493 3120 n.
1526 3080 1679 3132 paullo
1712 3081 1833 3119 certe
1864 3079 2096 3130 antiquius

107 3158 218 3190 esse.
279 3149 392 3190 Cum
431 3149 697 3203 Hieronymi
741 3152 1001 3192 testimonio
1043 3152 1096 3203 (n.
1122 3155 1171 3193 54
1187 3151 1252 3205 25),
1300 3153 1379 3204 qui
1425 3163 1530 3192 eum
1576 3152 1795 3192 honorem
1842 3162 1867 3190 a
1906 3150 2096 3190 deorum

107 3220 364 3262 simulacris
396 3233 513 3274 quae
544 3223 704 3264 Persae
735 3223 1015 3266 abstulerant
1044 3225 1090 3264 in
1110 3225 1369 3278 Aegyptum
1392 3224 1615 3265 restitutis
1642 3223 1819 3275 repetit,
1851 3223 1962 3263 haec
1983 3225 2097 3263 tem-

106 3293 231 3344 poris
261 3294 462 3335 definitio
494 3297 593 3335 non'
615 3296 734 3336 male
764 3298 994 3348 convenit;
1039 3299 1192 3337 tamen
1231 3299 1453 3349 quantum
1493 3297 1556 3335 illi
1586 3295 1691 3335 fidei
1731 3294 1991 3335 habendum
2024 3296 2094 3347 sit,

108 3363 154 3404 in
183 3365 332 3406 medio
366 3366 714 3418 relinquendum
745 3368 939 3409 videtur.
1089 3372 1112 3408 6
1155 3369 1297 3408 Huius
1330 3367 1570 3408 sacerdotii
1602 3367 1805 3418 primum
1845 3368 2014 3408 mentio
2047 3367 2096 3407 fit

108 3445 222 3477 anno
253 3437 470 3478 Ptolemai
503 3438 540 3477 II
572 3439 849 3492 Philadelphi
880 3440 1223 3492 undevigesimo
1257 3436 1416 3493 (267s6)
1454 3439 1498 3478 in
1530 3449 1707 3490 papyro
1740 3438 1980 3480 demotico.
2033 3439 2093 3479 Cf.

110 3505 156 3546 E.
180 3507 406 3550 Revillout
437 3510 590 3550 Revue
611 3511 847 3563 egyptol.1
879 3522 922 3564 p.
947 3515 1016 3552 43.
1073 3512 1107 3552 J.
1131 3512 1174 3551 P.
1198 3509 1408 3562 Mahaffy‚
1441 3510 1531 3549 The
1563 3511 1736 3562 empire
1767 3510 1815 3551 of
1842 3511 1917 3551 the
1949 3511 2095 3551 Ptole-

114 3578 226 3619 mies
257 3591 301 3632 p.
325 3584 404 3620 457
440 3583 530 3622 not.
555 3584 593 3622 4.
656 3582 778 3623 Idem
811 3583 1023 3624 sacerdos
1054 3585 1100 3623 et
1130 3582 1288 3623 eadem
1320 3581 1605 3633 canephorus
1636 3583 1874 3623 etiamtum
1917 3582 2093 3622 decimo

112 3647 356 3703 Euergetae
387 3663 502 3694 anno
535 3650 679 3708 (238s7
714 3666 750 3694 a.
774 3654 873 3695 Chr.
898 3655 969 3707 n.),
1009 3665 1146 3706 quem
1186 3653 1365 3694 definite
1407 3654 1650 3695 adnotatur
1691 3655 1892 3695 muneris
1935 3665 2094 3695 eorum
