2314 3970
171 159 271 207 104
849 152 898 192 11.
940 152 1142 202 Regnum
1175 150 1456 202 Lagidarum.
2074 150 2146 198 [56

320 326 577 396 ἀγομένων
637 327 686 377 ἐν
743 325 836 374 τῶι
890 324 1102 391 χειμῶνι
1159 317 1377 388 ἄγεσθαί
1432 339 1550 371 ποτε
1605 320 1656 371 ἐν
1711 321 1803 370 τῶι
1855 319 2010 388 θέρει,
2063 320 2148 370 τοῦ

316 412 501 483 ἄστρου
530 410 536 479 l
568 408 951 480 μεταβαίνοντος
992 405 1107 475 μίαν
1145 405 1339 475 ἡμέραν
1382 401 1466 456 διὰ
1503 402 1757 475 τεσσάρων
1798 405 1936 472 ἐτῶν,
1978 404 2151 474 ἑτέρας

317 498 370 551 δὲ
408 503 503 549 τῶν
549 499 633 548 νῦν
684 493 939 564 ἀγομένων
989 493 1038 544 ἐν
1087 493 1179 542 τῶι
1226 490 1368 560 θέρει
1416 489 1635 560 ἄγεσθαι
1682 494 1734 544 ἐν
1782 494 1873 543 τῶι
1919 494 2148 560 χειμῶνι,

315 586 365 637 ἐν
413 584 514 641 τοῖς
561 577 684 650 μετὰ
733 582 890 631 ταῦτα
937 578 1132 648 καιροῖς
1175 574 1408 646 καθάπερ
1446 575 1699 647 πρόΙτερόν
1738 597 1791 629 τε
1838 577 2149 647 συμβέβηκεν

313 670 549 739 γενέσθαι
585 666 726 718 καὶ71
763 668 845 718 νῦν
887 664 946 716 ἂν
988 664 1176 734 ἐγίνετο
1213 668 1303 732 τῆς
1337 661 1615 722 συντάξεως
1651 667 1737 715 τοῦ
1787 664 2016 716 ἐνιαυτοῦ
2066 683 2152 732 με-

314 755 496 823 νούσης
541 755 599 805 ἐκ
636 755 731 805 τῶν
771 750 1070 822 τριακοσίων
1111 750 1406 819 ἑξήκοντα72
1448 750 1650 819 ἡμερῶν
1688 749 1774 802 καὶ
1812 754 1908 802 τῶν
1950 750 2151 820 ὕστερον

314 839 788 912 προσΙνομισθεισῶν
837 835 1122 906 ἐπάγεσθαι
1163 836 1306 888 πέντε
1354 837 1571 906 ἡμερῶν,
1626 834 1721 887 ἀπὸ
1768 839 1854 888 τοῦ
1903 838 1986 887 νῦν
2038 835 2151 904 μίαν

313 928 505 997 ἡμέραν
555 925 729 996 ἑορτὴν
778 926 874 977 τῶν
923 921 1211 994 Εὐεργετῶν
1254 923 1383 974 θεῶν
1430 919 1714 991 ἐπάγεσθαι
1762 919 1847 973 διὰ
1899 919 2151 991 τεσσάρων

231 1027 284 1067 45
317 1014 439 1066 ἐτῶν
456 1015 499 1049 73
541 1009 621 1064 ἐπὶ
657 1012 766 1071 ταῖς
803 1011 947 1063 πέντε
984 1011 1092 1068 ταῖς
1128 1007 1144 1079 ΙΙ
1182 1008 1516 1078 ἐπαγομέναις
1564 1006 1657 1078 πρὸ
1706 1011 1792 1060 τοῦ
1842 1008 1957 1060 νέου
1997 1008 2149 1075 ἔτους,

315 1103 450 1158 ὅπως
501 1099 713 1157 ἅπαντες
761 1097 960 1149 εἰδῶσιν
1011 1097 1138 1148 διότι
1184 1093 1238 1146 τὸ
1289 1095 1576 1146 ἐνλεῖπον74
1621 1095 1859 1165 πρότερον
1909 1092 2020 1164 περὶ
2065 1095 2152 1164 τὴν

316 1186 537 1244 σύνταξιν
585 1187 681 1236 τῶν
730 1186 872 1254 ὡρῶν
924 1180 1009 1235 καὶ
1058 1184 1144 1234 τοῦ
1191 1182 1420 1233 ἐνιαυτοῦ
1469 1180 1554 1233 καὶ
1605 1183 1701 1233 τῶν
1748 1180 2156 1250 νομιζοΙμένων75

316 1271 429 1342 περὶ
467 1271 555 1342 τὴν
604 1273 727 1340 ὅλην
776 1270 1107 1338 διακόσμησιν
1152 1271 1238 1319 τοῦ
1275 1268 1432 1319 πόλου
1448 1269 1492 1303 76
1537 1267 1865 1337 διωρθῶσθαι
1910 1266 1994 1319 καὶ
2035 1268 2156 1318 ἀνα-

316 1357 682 1427 πεπληρῶσθαι
754 1355 1062 1425 συμβέβηκεν
1134 1350 1219 1406 διὰ
1283 1357 1379 1405 τῶν
1438 1351 1727 1423 Εὐεργετῶν
1796 1353 1929 1405 θεῶν
1947 1355 2003 1404 77.
2070 1352 2155 1404 καὶ

320 1443 493 1513 ἐπειδὴ
534 1443 621 1513 τὴν
660 1443 715 1510 ἐγ
758 1441 1007 1512 βασιλέως
1035 1438 1354 1508 Πτολεμαίου
1384 1439 1390 1509 Ι
1418 1438 1503 1491 καὶ
1543 1440 1836 1509 βασιλίσσης
1863 1437 2153 1510 Βερενίκης,

317 1532 447 1582 θεῶν
488 1526 792 1598 Εὐεργετῶν,
840 1525 1174 1597 γεγενημένην
1214 1525 1470 1596 θυγατέρα
1518 1522 1602 1577 καὶ
1649 1525 2018 1595 ὀνομασθεῖσαν
2059 1523 2155 1578 Βε-

317 1617 529 1688 ρενίκην,
578 1616 609 1684 ἢ
657 1613 744 1667 καὶ
791 1612 1056 1684 βασίλισσα
1107 1611 1299 1670 εὐθέως
1339 1611 1621 1682 ἀπεδείχθη
1638 1614 1696 1679 78,
1745 1612 1925 1683 συνέβη
1972 1612 2154 1681 ταύτην

289 1809 332 1845 71
383 1807 452 1846 ΚΑ
491 1801 544 1845 A.
694 1805 745 1843 72
787 1799 1040 1858 τριακοσίων
1077 1798 1167 1841 καὶ
1208 1799 1414 1855 ἐξήκοντα
1450 1797 1504 1841 A.
1565 1801 1946 1853 Antiquissimum
1987 1812 2156 1841 annum

172 1878 480 1918 trecentorum
512 1875 743 1926 sexaginta
774 1873 910 1914 modo
933 1873 1108 1913 dierum
1137 1872 1288 1924 fuisse,
1321 1883 1399 1912 sex
1422 1883 1722 1924 epagomenas
1754 1884 1862 1914 vero
1894 1875 2054 1925 postea
2084 1884 2157 1914 ac-

172 1951 363 1990 cessisse
386 1948 522 1988 etiam
544 1946 665 1999 apud
687 1946 976 1986 Plutarchum
1001 1944 1055 1985 de
1077 1944 1193 1985 Iside
1214 1946 1259 1984 et
1280 1943 1454 1984 Osiride
1477 1946 1529 1983 42
1552 1955 1595 1996 p.
1616 1947 1696 1984 355
1720 1945 1755 1984 D
1774 1944 1807 1984 E
1838 1945 2046 1997 traditur,
2078 1945 2157 1998 qui

174 2021 261 2062 hoc
290 2021 526 2061 inventum
557 2018 779 2059 Mercurio
819 2017 902 2057 deo
943 2016 1083 2057 tribui
1123 2015 1232 2056 dicit
1269 2015 1326 2056 ab
1355 2015 1604 2068 Aegyptiis.
1783 2019 1835 2056 73
1879 2016 1940 2058 Cf.
1973 2019 2064 2058 not.
2089 2021 2156 2058 65.

173 2095 224 2133 74
268 2089 466 2132 ἐλλεῖπον
505 2087 559 2132 A.
699 2092 752 2130 75
797 2088 1244 2142 ΝΟΜΙΞΟῑΜΕΝΩΝ
1284 2084 1340 2128 A.
1479 2090 1532 2128 76
1567 2088 1726 2129 ΡοΑοΥ
1757 2084 1813 2130 A.
1948 2091 1999 2129 77
2034 2087 2158 2137 Quae

170 2165 408 2216 hucusque
439 2162 666 2215 descripta
695 2163 765 2203 est
794 2159 1013 2202 fastorum
1037 2159 1366 2212 Aegyptiorum
1398 2159 1605 2211 mutati0,
1638 2170 1738 2200 eam
1768 2160 1962 2202 Graecae
1992 2161 2157 2202 doctri-

171 2247 254 2276 nae
298 2237 343 2275 et
388 2235 613 2276 sollertiae
659 2233 813 2274 deberi
858 2232 946 2273 sibi
990 2232 1218 2284 persuasit
1255 2231 1301 2271 B.
1325 2230 1457 2271 Niese
1498 2231 1654 2272 Gesch.
1688 2231 1768 2272 der
1807 2242 1871 2284 gr.
1903 2243 1947 2272 u.
1981 2232 2155 2273 maked.

172 2309 351 2348 Staaten
389 2307 426 2346 11
465 2317 507 2358 p.
546 2308 639 2346 474.
701 2305 866 2345 Contra
905 2314 1043 2357 quem
1083 2304 1137 2344 M.
1168 2303 1213 2343 L.
1245 2303 1401 2343 Strack
1445 2303 1638 2355 Gotting.
1671 2303 1753 2355 gel.
1783 2302 1889 2344 Anz.
1923 2307 2032 2344 ⁴900
2066 2316 2108 2345 n.
2133 2308 2156 2345 8

171 2391 213 2431 p.
240 2381 318 2419 648
352 2378 473 2419 haud
505 2379 655 2429 inepte
685 2377 878 2428 monuit,
917 2376 1001 2417 etsi
1032 2376 1078 2416 in
1109 2376 1376 2416 universum
1415 2375 1470 2416 de
1508 2375 1798 2416 sacerdotum
1828 2376 2157 2429 Aegyptiorum

172 2451 332 2491 litteris
363 2451 409 2490 et
439 2450 615 2502 ingenio
648 2460 738 2489 non
768 2448 904 2489 nimis
934 2446 1181 2489 honorifice
1212 2446 1563 2488 existimandum
1596 2450 1728 2500 esset,
1771 2447 1826 2488 de
1867 2449 1970 2488 anni
2002 2448 2157 2489 ordine

172 2533 250 2563 eos
285 2522 550 2574 neutiquam
582 2520 762 2562 Graecis
794 2520 1023 2573 magistris
1054 2530 1170 2572 opus
1212 2519 1438 2572 habuisse,
1479 2519 1560 2560 sed
1589 2519 1690 2560 vice
1720 2530 1853 2560 versa
1883 2520 1985 2560 illos
2016 2520 2159 2561 multa
2190 2550 2195 2552 „

174 2593 230 2633 ab
261 2593 373 2645 ipsis
404 2593 588 2632 demum
621 2591 844 2632 didicisse.
897 2591 1044 2639 Quare
1066 2602 1155 2632 non
1186 2601 1284 2631 esse
1307 2600 1390 2631 cur
1417 2590 1473 2631 ad
1494 2590 1617 2643 haec,
1650 2602 1767 2643 quae
1797 2603 1823 2632 a
1845 2590 2157 2632 sacerdotibus

174 2665 354 2705 decreta
390 2674 490 2704 esse
529 2664 706 2703 certum
744 2665 826 2714 est,
867 2662 968 2703 illos
1007 2673 1088 2703 sua
1127 2663 1288 2714 sponte
1319 2672 1554 2714 aggressos
1585 2673 1684 2703 esse
1716 2673 2000 2715 negaremus.
2062 2662 2159 2711 Qua

174 2747 223 2776 re
261 2735 398 2776 simul
439 2734 573 2775 aliam
614 2744 711 2774 rem
753 2734 862 2774 satis
902 2734 1066 2774 miram
1107 2732 1310 2784 expediri
1348 2733 1463 2773 vidit
1494 2733 1537 2773 U.
1571 2733 1774 2774 Wilcken
1815 2734 1887 2775 Gr.
1922 2733 2108 2774 Ostraka
2139 2735 2157 2774 I

174 2818 217 2860 p.
243 2809 339 2847 783.
398 2806 588 2858 Etenim,
627 2806 713 2845 etsi
742 2805 791 2846 A.
815 2816 904 2845 von
926 2804 1191 2845 Gutschmid
1223 2804 1287 2844 Kl.
1321 2803 1541 2844 Schriften
1568 2805 1587 2844 I
1618 2816 1660 2856 p.
1686 2809 1766 2845 388
1799 2806 1920 2846 hunc
1952 2805 2157 2846 ordinem

174 2879 277 2919 anni
307 2877 463 2918 Siriaci
493 2888 639 2929 usque
670 2877 727 2918 ad
756 2876 892 2917 finem
924 2877 1050 2928 regni
1071 2876 1340 2928 Lagidarum
1372 2877 1593 2917 mansisse
1614 2876 1703 2917 sibi
1734 2878 1974 2930 persuasit,
2006 2879 2159 2918 tamen

173 2961 294 2990 nunc
326 2960 457 2990 nemo
490 2948 684 3001 amplius
715 2948 906 3000 dubitat,
939 2949 1050 3000 quin
1079 2948 1201 2989 haud
1235 2948 1296 2988 ita
1326 2958 1488 3000 magno
1521 2949 1626 3000 post
1645 2948 1732 2989 hoc
1766 2948 1999 2989 decretum
2021 2950 2159 2990 inter-

172 3022 291 3062 vallo
323 3031 483 3062 rursus
514 3019 760 3072 abrogatus
791 3022 836 3060 et
865 3020 1079 3072 antiquus
1110 3029 1257 3060 annus
1287 3019 1470 3060 mobilis
1501 3020 1740 3061 restitutus
1772 3021 1844 3060 sit.
1895 3020 2082 3069 Quando
2113 3020 2160 3061 id

175 3093 344 3134 factum
376 3093 446 3145 sit,
479 3103 586 3133 sane
616 3093 891 3145 ignoramus.
953 3091 1081 3133 Haud
1103 3090 1419 3144 improbabilis
1450 3092 1632 3132 videtur
1662 3092 1810 3145 Lepsii
1841 3104 1884 3146 p.
1905 3095 1958 3133 44
1991 3093 2158 3145 opinio,

178 3176 259 3217 per
279 3165 526 3216 Euergetae
557 3163 743 3216 quidem
776 3174 964 3215 regnum
996 3163 1085 3204 hoc
1106 3163 1337 3204 decretum
1371 3162 1665 3204 observatum
1698 3175 1810 3217 esse,
1843 3164 1923 3205 sed
1954 3164 2159 3205 simulat-

176 3246 265 3286 que
294 3235 577 3276 Ptolemaeus
608 3235 666 3275 IV
698 3235 957 3287 Philopator
986 3245 1139 3275 rerum
1169 3235 1343 3287 potitus
1375 3236 1494 3275 esset
1527 3235 1615 3285 (22⁴
1650 3247 1686 3276 a.
1710 3235 1812 3276 Chr.
1835 3235 1892 3286 n.)
1925 3236 2158 3287 antiquam

177 3306 552 3347 consuetudinem
585 3307 857 3348 revocatam.
919 3306 1046 3347 Certe
1078 3308 1180 3347 ante
1219 3317 1386 3347 annum
1422 3309 1500 3347 496
1541 3318 1578 3347 a.
1612 3307 1712 3348 Chr.
1751 3306 1798 3347 id
1842 3306 2011 3348 factum
2058 3317 2158 3347 esse

177 3377 456 3417 demonstrat
486 3377 717 3419 decretum
748 3378 1042 3419 Rosettanum
1073 3378 1118 3418 in
1150 3388 1240 3430 quo
1281 3378 1370 3430 ipsi
1402 3379 1662 3420 sacerdotes
1694 3389 1854 3419 rursus
1893 3389 2008 3419 anno
2039 3379 2158 3419 anti-

176 3459 270 3500 quo
300 3449 492 3488 utuntur
523 3447 664 3500 (9025).
717 3449 861 3498 Quam
891 3461 989 3490 rem
1018 3449 1281 3489 Wilckenus
1311 3448 1414 3489 inde
1447 3451 1622 3503 repetit,
1655 3450 1779 3503 quod
1809 3461 1899 3492 non
1927 3451 2051 3502 regio
2073 3450 2158 3490 im·

178 3520 320 3571 perio,
360 3518 438 3558 sed
480 3519 659 3561 decreto
698 3520 987 3562 sacerdotum
1018 3520 1153 3562 modo
1185 3519 1259 3561 illa
1298 3521 1489 3562 mutatio
1528 3520 1687 3563 effecta
1717 3523 1850 3563 esset.
1998 3524 2049 3560 '78
2095 3521 2156 3562 Cf.

178 3602 219 3630 n.
247 3590 337 3630 441.
390 3590 437 3629 In
461 3589 685 3632 demotiea
706 3593 915 3634 versione
936 3592 1023 3645 legi
1055 3587 1208 3646 ‘quwm
1237 3589 1447 3647 reyinam
1477 3591 1794 3635 renuntiaturi
1821 3587 1987 3644 erant’,
2018 3593 2080 3634 ita
2108 3594 2160 3632 ut

2277 2702 2301 2990 ‹mammaea-«tvwe
2282 2650 2302 2694 „=.-<.-
2284 2612 2306 2630 -;

2267 3438 2293 3634 “m-⁸³³*
2272 3411 2291 3433 θ’
2268 3355 2292 3403 ''⁴''
2270 3215 2297 3350 v'wffi‘
2273 3085 2297 3211 *bun-s
2278 3015 2297 3079 :4:01-
2279 2994 2295 3007 »ο

2247 3779 2292 3970 maana

2295 3919 2314 3970 ,ιω
2296 3906 2307 3913 ··
