2314 3970
226 200 328 249 144
903 197 951 236 11.
999 196 1199 248 Regnum
1232 195 1510 247 Lagidarum.
2122 198 2188 250 [90

313 383 335 421 5
371 371 498 420 θεῶν
527 366 810 437 Εὐεργετῶν
850 365 936 418 καὶ
974 366 1105 418 θεῶν
1134 366 1494 437 Φιλοπατόρων
1522 365 1607 419 καὶ
1644 366 1660 438 ΙΙ
1697 369 1817 420 θεοῦ
1840 364 2135 438 Ἐπιφανοῦς
2152 370 2194 404 ¹⁹

366 453 680 525 Εὖχαρίστου
695 454 753 519 2⁰,
803 452 1093 523 ἀθλοφόροι)
1108 453 1154 488 ²¹
1191 450 1463 523 Βερενίκης
1502 451 1824 524 Εὐεργέτιὸος
1866 453 2067 524 Πύρρας
2105 459 2192 523 τῆς

367 540 590 605 Φιλίνου,
630 539 919 609 κανηφόρου
954 535 1210 610 Ἀρσινόης
1248 539 1631 610 Φιλαδέλφου22
1660 537 1853 610 Ἀρείας
1899 545 1985 609 τῆς
2024 539 2195 610 Διογέ-

365 645 492 692 νους,
538 624 718 696 ἱερείας
737 621 991 695 Ἀρσινόης
1019 623 1361 695 Φιλοπάτορος
1375 627 1417 661 23
1457 623 1677 696 Εἰρήνης
1707 627 1712 697 1
1741 632 1828 696 τῆς
1863 626 2193 696 Πτολεμαίου,

368 710 520 781 μηνὸς
568 711 876 764 Ξανδικοῦ24
932 709 1147 782 τετράδι,
1206 710 1490 781 Αἰγυπτίων
1550 711 1604 764 δὲ
1650 710 1847 783 Μεχεὶρ
1893 714 2196 765 ὀκτωκαιδε-

338 905 391 941 49
430 901 543 942 Cum
590 903 720 942 antea
758 901 909 942 variae
957 900 1122 941 fuerint
1166 900 1220 941 de
1258 900 1348 941 hoc
1396 901 1578 942 nomine
1621 902 1880 953 sententiae,
1925 902 2197 942 recentiores

221 973 324 1014 inde
354 985 380 1014 a
409 973 668 1014 Drumanno
700 974 998 1026 consentiunt,
1040 974 1325 1026 praesentem
1355 973 1746 1026 conspicuumque
1777 973 1912 1014 deum
1943 973 2196 1025 significari.

222 1046 293 1086 Sic
313 1044 572 1098 frequenter
603 1044 714 1087 θεῶν
748 1044 970 1101 ἐπιφάνεια
1001 1046 1398 1098 commemoratur,
1431 1046 1610 1098 praeter
1634 1045 1816 1086 Diodor.
1838 1046 1869 1098 l,
1891 1048 1959 1098 25,
1985 1048 2030 1085 4:
2061 1047 2197 1086 πᾶσαν

222 1114 300 1173 γὰρ
333 1115 485 1175 σχεδὸν
515 1115 592 1173 τὴν
624 1115 881 1173 οἰκουμένην
915 1120 1141 1174 μαρτυρεῖν
1174 1114 1354 1170 ἑαυτοῖς,
1387 1115 1446 1163 εἰς
1474 1116 1550 1163 τὰς
1576 1115 1734 1172 ταύτης
1766 1118 1856 1173 (τῆς
1878 1108 2045 1168 Ἴσιδος)
2074 1115 2199 1170 τιμὰς

223 1186 578 1246 φιλοτιμουμένην
618 1186 687 1230 διὰ
722 1188 801 1245 τὴν
844 1187 888 1230 ἐν
927 1192 1020 1235 ταῖς
1059 1186 1300 1244 θεραπείαις
1339 1187 1599 1246 ἐπιφάνειαν.
1648 1189 1834 1242 Dionys.
1857 1189 1957 1231 Ant.
1985 1189 2038 1242 11,
2062 1193 2196 1242 68,4;

222 1260 332 1302 πάνυ
364 1258 398 1302 δ’
419 1258 532 1310 ἄξιον
562 1259 635 1303 ’καὶ
664 1259 741 1317 τὴν
774 1258 1022 1316 ἐπιφάνειαν
1057 1259 1273 1317 ἱστορῆσαι
1300 1263 1379 1318 τῆς
1409 1259 1527 1315 θεᾶς,
1565 1259 1618 1316 ἣν
1650 1259 1888 1310 ἐπεδείξατο
1917 1264 2013 1307 ταῖς
2042 1258 2199 1307 ἀδίκως

223 1330 516 1391 ἐγκληθείσαις
546 1330 786 1390 παρθένοις,
832 1344 949 1386 quae
978 1333 1268 1374 Drumannus
1307 1333 1471 1387 attulit,
1510 1333 1564 1374 ci.
1596 1333 1708 1375 infra
1740 1345 1782 1375 n.
1806 1336 1902 1386 233,
1927 1337 2002 1374 35:
2044 1331 2199 1374 ἀπελο-

221 1403 390 1462 γίσαντο
422 1402 490 1445 διὰ
519 1402 724 1446 πλειόνων
754 1404 831 1459 τήν
862 1419 909 1446 τε
937 1408 1015 1461 τῆς
1046 1402 1150 1451 θεᾶς
1182 1402 1427 1462 ἐπιφάνειαν
1447 1403 1548 1446 κτλ..
1591 1403 1721 1458 Syll.2
1740 1407 1838 1458 256,
1860 1409 1934 1445 40;
1968 1406 2200 1461 ἐπιφανοῦς

223 1475 270 1517 δὲ
314 1474 546 1534 γενομένης
592 1475 682 1532 [τῆς
726 1471 992 1532 Ἀρτέμιδος].
1159 1480 1209 1518 20
1261 1477 1611 1519 Munificentiam
1657 1488 1710 1518 ac
1754 1477 2066 1519 liberalitatem
2114 1477 2201 1518 hoc

223 1549 489 1601 cognomine
537 1547 777 1601 significari
824 1548 939 1590 vidit
984 1549 1229 1603 Drumann,
1275 1559 1530 1602 provocans
1571 1549 1627 1590 ad
1666 1549 1846 1590 Diodor.
1878 1549 2031 1602 XVIII,
2063 1552 2130 1602 28,
2154 1553 2199 1590 5:

223 1620 264 1662 οἱ
296 1620 373 1676 μὲν
403 1618 482 1677 γὰρ
512 1618 732 1679 ἄνθρωποι
763 1619 834 1663 διὰ
863 1621 910 1662 τὸ
940 1624 1018 1678 τῆς
1049 1619 1192 1679 ψυχῆς
1223 1619 1470 1679 εὐχάριστον
1508 1619 1582 1663 καὶ
1620 1619 1922 1680 μεγαλόψυχον
1954 1619 2200 1678 συνέτρεχον

223 1691 431 1736 πάντοθεν
462 1690 521 1740 εἰς
550 1693 627 1750 τὴν
657 1688 982 1749 Ἀλεξάνδρειαν,
1022 1706 1158 1747 quem
1200 1694 1256 1735 ad
1287 1695 1436 1736 locum
1479 1694 1564 1736 alia
1595 1695 1731 1735 huius
1769 1695 1965 1736 notionis
1995 1694 2201 1747 exempla

224 1767 434 1819 ascripsit
463 1765 726 1819 Wesseling.
776 1766 891 1808 Nam
922 1778 1039 1819 quae
1069 1766 1279 1808 inferiore
1309 1768 1454 1808 aetate
1475 1767 1745 1820 plerumque
1775 1767 1822 1807 in
1852 1766 2043 1807 vocibus
2074 1765 2202 1823 εὐχά-

224 1851 376 1894 ριστος,
407 1836 661 1897 εὐχαριστία,
699 1835 959 1896 εὐχαριστέω
990 1840 1105 1879 inest
1137 1839 1326 1891 gratiam
1357 1839 1553 1880 habendi
1584 1838 1894 1892 referendique
1925 1839 2064 1891 notio,
2101 1850 2201 1879 eam

225 1913 282 1955 ab
323 1914 410 1955 hoc
449 1914 567 1967 regis
613 1915 879 1967 cognomine
927 1914 1117 1955 alienam
1156 1925 1254 1955 esse
1292 1917 1495 1968 apparet.
1555 1913 1653 1955 Non
1691 1914 1887 1955 multum
1929 1914 2202 1955 discriminis

224 1986 503 2028 intercedere
533 1987 649 2027 inter
679 1987 766 2028 hoc
797 1988 842 2027 et
871 1984 1103 2044 εὐεργέτης,
1135 1987 1259 2039 quod
1290 1989 1441 2028 tamen
1463 1997 1568 2027 cum
1600 1987 1674 2027 avi
1699 1997 1949 2038 cognomen
1969 1986 2128 2027 fuisset
2156 1987 2203 2026 in

226 2059 388 2110 nepote
419 2059 611 2099 vitatum
643 2069 755 2111 esse,
799 2057 1014 2099 observat
1042 2059 1286 2100 Drumann.
1338 2059 1547 2100 Ceterum
1579 2069 1684 2099 cum
1712 2053 1952 2114 Ἐπιφανής
1983 2059 2204 2111 perpetua

227 2131 286 2171 sit
314 2130 557 2171 Ptolemaei
587 2131 625 2171 V
666 2131 919 2184 appellatio,
966 2131 1078 2172 illud
1124 2131 1318 2173 alterum
1359 2142 1609 2184 cognomen
1650 2131 1786 2172 modo
1828 2130 2021 2184 additur,
2067 2131 2203 2172 modo

230 2203 467 2244 omittitur.
529 2202 590 2244 Cf.
621 2200 723 2246 θεοῦ
752 2198 1012 2258 Ἐπιφανοῦς
1043 2215 1085 2244 n.
1108 2208 1176 2257 94,
1199 2207 1238 2245 2.
1271 2207 1339 2257 93,
1365 2207 1402 2245 4.
1447 2201 1541 2246 θεοὶ
1571 2199 1817 2260 Ἐπιφανεῖς
1846 2215 1888 2244 n.
1913 2207 1980 2256 98,
2003 2206 2042 2244 2.
2073 2207 2140 2256 99,
2163 2207 2202 2244 8.

226 2272 339 2316 θεῶν
369 2269 611 2331 Ἐπιφανῶν
645 2279 742 2329 405,
759 2279 795 2317 3.
829 2279 924 2329 444,
949 2278 1015 2316 23.
1049 2279 1200 2330 428,2.
1232 2279 1329 2330 437,
1347 2279 1385 2317 5.
1419 2279 1519 2327 468,
1541 2279 1606 2316 46.
1630 2278 1697 2317 28.
1730 2298 1786 2305 —
1817 2272 1919 2318 θεοῦ
1947 2271 2204 2332 Ἐπιφανοῦς

227 2346 300 2388 ’καὶ
328 2343 594 2405 Εὐχαρίστου
627 2351 695 2401 92,
717 2350 754 2388 2.
789 2351 935 2401 409,4.
982 2345 1086 2390 θεοῦ
1112 2341 1374 2405 Ἐπιφανοῦς
1406 2345 1591 2404 μεγάλου
1622 2343 1886 2406 Εὐχαρίστου
1920 2350 1987 2401 94,
2010 2350 2066 2388 2..
2094 2343 2203 2389 Πτο-

227 2417 403 2475 λεμαίου
437 2414 699 2477 Ἐπιφανοῦς
738 2418 813 2461 καὶ
848 2415 1115 2478 Εὐχαρίστου
1158 2423 1254 2472 403,
1279 2424 1316 2462 6.
1361 2415 1489 2466 θεοὺς
1514 2413 1767 2476 Ἐπιφανεῖς
1803 2417 1877 2461 ’καὶ
1915 2415 2204 2478 Εὐχαρίστους

230 2496 327 2546 400,
351 2495 388 2533 7.
434 2490 546 2535 θεῶν
573 2486 823 2548 Ἐπιφανῶν
854 2490 926 2534 ’καὶ
951 2488 1225 2551 Εὐχαρίστων
1258 2496 1325 2546 95,
1349 2495 1387 2533 2.
1430 2496 1496 2546 97,
1519 2495 1558 2534 4.
1591 2496 1688 2545 406,
1711 2496 1750 2533 5.
1803 2492 2036 2534 Manifesto
2067 2492 2203 2533 etiam

230 2564 382 2606 Journ.
406 2565 453 2606 of
479 2565 587 2605 Hell.
611 2564 728 2606 stud.
750 2564 812 2605 IX
844 2568 951 2606 4888
984 2576 1027 2618 p.
1052 2568 1133 2606 235
1166 2577 1207 2606 n.
1233 2568 1299 2619 32,
1322 2569 1361 2607 4.
1385 2569 1424 2619 2,
1455 2576 1572 2618 quae
1602 2565 1797 2607 editores
1827 2577 1916 2606 non
1947 2565 2202 2618 attigerunt,

231 2637 296 2677 sic
325 2637 602 2678 restituenda
633 2639 758 2677 sunt:
790 2632 1013 2689 Βασιλεὺ[ς
1043 2633 1310 2691 Πτολεμαῖος
1328 2633 1581 2694 Ἐπιφανὴς]
1605 2634 1612 2692 Ι
1635 2636 1708 2679 καὶ
1738 2634 2015 2695 Εὐχά[ριστος
2035 2658 2174 2668 -----
2175 2637 2201 2690 ].

231 2711 276 2748 24
323 2708 633 2749 Sacerdotium
664 2719 890 2761 nusquam
921 2709 1029 2750 alibi
1059 2711 1464 2751 commemoratum
1494 2710 1622 2751 aviae
1652 2710 1770 2763 regis
1790 2710 2050 2763 Epiphanis‚
2080 2710 2204 2762 quod

230 2782 350 2822 certe
381 2792 418 2821 a.
443 2783 523 2820 238
548 2792 587 2821 a.
610 2780 711 2821 Chr.
745 2781 800 2831 (n.
825 2780 891 2832 56)
923 2781 1127 2822 nondum
1160 2781 1255 2822 fuit.
1417 2785 1470 2821 22
1511 2781 1571 2822 Cf.
1605 2793 1645 2823 n.
1669 2781 1763 2823 566.
1925 2785 1977 2822 23
2016 2782 2203 2823 Arsinoe

230 2852 473 2894 Ptolemaei
502 2852 749 2904 Euergetae
781 2854 826 2893 et
854 2853 1089 2894 Berenices
1128 2852 1230 2906 filia,
1271 2855 1412 2906 nupta
1449 2853 1574 2894 fratri
1613 2865 1827 2905 germano
1861 2855 2115 2895 Ptolemaeo
2146 2854 2203 2893 IV

230 2925 519 2979 Philopatori,
562 2936 588 2965 a
618 2924 793 2965 Sosibio
825 2925 1013 2977 eiusque
1045 2925 1228 2966 asseclis
1269 2927 1427 2966 necata
1465 2925 1632 2978 (Polyb.
1665 2925 1759 2978 XV,
1792 2929 1860 2978 25,
1892 2929 1916 2965 2
1935 2937 2032 2978 sqq.
2074 2929 2139 2979 32,
2165 2931 2203 2966 7.

232 3001 300 3050 33,
323 2998 404 3050 44).
551 2998 602 3036 24
641 2996 755 3037 Anni
776 2996 1050 3038 Macedonici
1071 2997 1127 3038 ab
1150 2998 1438 3050 aequinoctio
1462 2998 1741 3038 auctumnali
1762 2998 2014 3051 incipientis
2037 2999 2203 3039 mensis

231 3071 399 3122 sextus,
451 3068 726 3122 respondens
763 3068 1103 3109 Atheniensium
1143 3069 1493 3122 Elaphebolioni,
1548 3070 1856 3110 Romanorum
1902 3070 1994 3111 fere
2031 3070 2202 3111 Martio.

231 3141 312 3182 Hic
348 3142 485 3193 igitur
522 3141 578 3182 de
617 3141 720 3182 anni
757 3142 878 3181 certe
916 3142 1120 3193 tempore
1163 3141 1277 3181 bene
1318 3142 1529 3182 convenit
1559 3142 1675 3182 inter
1713 3142 1800 3182 diei
1833 3142 2203 3194 significationem

230 3213 562 3255 Macedonicam
602 3215 646 3254 et
682 3212 1004 3266 Aegyptiacam
1046 3214 1149 3262 (not.
1182 3213 1264 3264 25).
1335 3214 1613 3266 scripturam
1659 3225 1741 3266 per
1780 3211 1907 3254 δέλτα
1953 3225 2043 3255 non
2082 3215 2203 3254 recte

231 3286 504 3326 Letronnius
520 3285 694 3326 confert
709 3296 814 3326 cum
840 3284 1245 3326 ΕΥΕΡΓΕΤΗΔΕΙΣ
1268 3286 1312 3325 in
1333 3285 1625 3338 inscriptione
1641 3285 1858 3326 Nubiensi
1875 3287 1944 3326 est
1966 3287 2202 3327 ΕΥΔΗΝΙΑ

232 3358 278 3397 in
308 3369 495 3398 nummo
516 3357 786 3411 Agrippinae
816 3368 924 3398 cuso
946 3356 1251 3397 Alexandriae.
1303 3357 1476 3398 Etenim
1509 3358 1619 3398 haec
1641 3358 1802 3398 menda
1834 3359 1940 3398 sunt
1967 3357 2200 3398 hominum

233 3440 321 3469 non
351 3430 459 3470 satis
482 3429 647 3470 Graece
678 3430 933 3482 doctorum,
965 3429 1039 3470 illa
1069 3440 1177 3469 vero
1209 3430 1420 3469 constans
1451 3432 1520 3470 est
1550 3430 1592 3469 in
1626 3429 1838 3470 omnibus
1870 3429 2128 3481 regionibus
2159 3430 2204 3468 et

233 3511 314 3554 per
354 3501 503 3541 omnia
543 3501 723 3542 saecula
769 3502 1008 3542 titulorum
1052 3502 1289 3553 scriptura,
1335 3501 1422 3541 nisi
1461 3501 1586 3553 quod
1624 3503 1809 3554 perraro
1852 3512 1932 3554 per
1973 3502 2202 3553 postrema

235 3573 513 3624 antiquitatis
558 3575 763 3626 tempora
816 3574 969 3625 (veluti
1015 3585 1084 3626 ap.
1131 3572 1596 3624 Lebas-Waddington
1642 3574 1712 3626 III,
1750 3577 1874 3625 2705,
1926 3573 2199 3624 Antiochiae,

236 3657 272 3687 a.
298 3647 378 3685 476
400 3655 443 3698 p.
462 3644 575 3696 Chr.)
611 3641 817 3692 Ξανθικός
848 3645 1076 3687 scribitur.
1124 3646 1188 3686 Ac
1208 3644 1470 3686 Macedones
1491 3646 1674 3686 omnino
1706 3645 1866 3686 mediis
1886 3655 1970 3697 pro
1994 3645 2201 3698 aspiratis
