2314 3970
135 203 232 254 204]
870 201 986 242 Silco
1017 201 1261 243 Nubadum
1294 212 1384 242 rex.
2006 203 2111 254 309

276 373 369 430 ἕως
396 369 665 440 Τέλ(μ)εως
677 373 723 408 2⁸
751 372 757 439 Ι
787 372 838 424 ἓν
879 372 1008 430 ἅπαξ
1021 373 1080 439 ²9,
1121 370 1206 425 καὶ
1244 372 1291 424 οἱ
1321 370 1467 424 ἄλλοι
1495 369 1772 442 Νουβάδων
1801 372 2034 443 ἀνωτέρω
2051 375 2109 437 3⁰,

131 560 260 609 Quod
299 560 365 600 sic
395 559 580 611 quidem
611 570 772 599 verum
811 570 910 600 esse
948 560 1106 611 nequit
1137 561 1323 612 propter
1353 557 1436 599 ἀπὸ
1469 561 1514 600 et
1545 556 1640 612 ἕως,
1680 570 1797 612 quae
1841 559 1950 600 nihil
1990 560 2112 600 aliud

129 633 327 673 indicare
357 633 550 683 possunt
579 631 667 670 nisi
698 631 927 671 terminos.
980 630 1064 671 Sed
1097 630 1144 671 id
1165 641 1272 670 sane
1293 631 1631 671 concedendum
1659 633 1729 672 est
1748 632 1795 671 in
1815 631 1885 672 his
1905 632 2113 672 terminis

131 703 393 744 definiendis
425 713 575 754 regem
608 703 717 742 satis
748 702 915 743 habere
946 704 1201 742 extremum
1233 701 1290 742 ab
1321 703 1515 753 utraque
1546 704 1675 754 parte
1713 703 1934 755 oppidum
1965 703 2111 743 maius

130 775 381 828 appellasse
411 785 502 814 non
531 775 766 814 curantem
797 773 908 814 fines
938 784 987 813 re
1017 784 1125 814 vera
1156 772 1212 813 ad
1243 773 1598 824 septentrionem
1630 774 1963 826 aliquantulum
1994 775 2112 815 ultra

130 847 303 887 Talmin
332 856 479 897 usque
517 845 573 886 ad
609 846 756 886 Philas
792 845 987 886 insulam
1025 845 1226 896 itemque
1266 844 1322 884 ad
1361 844 1597 884 meridiem
1630 845 1962 898 aliquantulum
1993 846 2112 887 ultra

126 918 296 958 Primin
318 919 483 969 patere.
605 920 657 957 28
697 918 1012 958 ΤΘΛΗΛΘωΟ
1042 916 1155 968 lapis
1178 915 1414 956 manifesto
1438 926 1605 957 errore.
1645 917 1819 958 Mireris
1842 918 1961 958 idem
1984 919 2114 970 oppi-

129 990 237 1030 dum
259 999 400 1041 supra
419 1000 461 1029 v.
475 991 497 1028 2
522 985 703 1042 Τάλμιν,
735 989 809 1029 hic
827 984 985 1042 Τὲλμιν
1018 987 1247 1040 appellari,
1281 986 1361 1027 sed
1381 988 1533 1027 tamen
1555 988 1666 1039 quin
1686 988 1807 1028 idem
1829 990 1889 1029 sit
1910 990 2030 1030 nulla
2057 1001 2112 1029 ex

40 1074 44 1078 ·
129 1062 258 1114 parte
289 1059 480 1100 dubium
502 1062 584 1100 est.
637 1059 767 1108 Quod
788 1059 977 1112 Lepsius
999 1059 1119 1111 dicit,
1153 1055 1235 1104 ἕως
1265 1069 1348 1111 pro
1382 1056 1510 1115 μέχρι
1541 1069 1646 1099 cum
1669 1061 1876 1111 genetivo
1900 1062 2113 1101 coniunc-

128 1135 227 1173 tum
259 1131 314 1172 de
345 1133 551 1184 tempore
582 1131 766 1184 quidem
798 1131 1018 1171 Graecum
1049 1140 1161 1182 esse,
1205 1129 1260 1170 de
1291 1130 1394 1171 loco
1425 1141 1535 1171 vero
1568 1131 1643 1170 hic
1673 1142 1763 1171 non
1794 1132 2005 1183 usurpari
2027 1132 2114 1172 nisi

129 1204 303 1256 Coptici
319 1204 541 1244 sermonis
557 1203 821 1254 imitatione,
844 1201 1083 1242 manifesto
1102 1201 1282 1242 fallitur.
1318 1200 1380 1242 Cf.
1398 1203 1600 1254 n.54,49.
1618 1205 1695 1242 20:
1729 1199 1812 1247 ἕως
1828 1198 2112 1258 Βακτριανῆς.

131 1278 225 1328 476,
249 1278 300 1314 40
335 1272 415 1320 ἕως
437 1273 618 1330 ψυγμοῦ.
673 1276 768 1326 478,
791 1276 836 1313 Η
878 1269 960 1318 ἕως
991 1270 1164 1327 δρόμου.
1218 1276 1314 1326 499,
1338 1276 1390 1313 29
1424 1270 1507 1314 ἀπὸ
1528 1269 1699 1329 Λευκῆς
1730 1273 1884 1330 κώμης
1915 1270 1997 1319 ἕως
2028 1278 2111 1314 τῶν

129 1342 338 1402 Σαβαίων,
371 1357 475 1387 cum
497 1349 606 1387 v.⁴3
640 1343 766 1404 μέχρι
784 1349 870 1386 τῶν
891 1348 970 1400 τῆς
991 1340 1208 1401 Αἰγύπτου
1235 1342 1376 1400 ὁρίων,
1413 1357 1456 1386 v.
1482 1348 1534 1384 32
1568 1343 1696 1401 μέχρι
1715 1349 1793 1399 τῆς
1815 1342 2114 1402 Λιβανωτοφό-

129 1431 217 1473 ρου,
249 1429 291 1458 v.
317 1421 367 1457 33
402 1415 530 1475 μέχρι
549 1420 635 1458 τῶν
655 1420 733 1472 τῆς
754 1412 983 1462 Αἰθιοπίας
1003 1414 1075 1457 ’καὶ
1097 1412 1237 1458 Σάσου
1258 1414 1401 1458 τόπων
1429 1418 1501 1458 sit.
1650 1421 1702 1457 29
1742 1418 1806 1457 De
1828 1418 1914 1458 hoc
1936 1418 2114 1458 dicendi

127 1500 289 1542 genere
319 1489 373 1530 cf.
406 1491 498 1530 not.
522 1491 560 1530 7.
612 1488 724 1530 Cum
755 1488 1038 1541 antiquiores
1059 1488 1255 1529 editores
1278 1489 1365 1529 hoc
1385 1488 1441 1529 ad
1465 1489 1616 1541 priora
1636 1489 1893 1542 traxissent,
1926 1490 2113 1542 Lepsius

129 1564 230 1603 ante
263 1559 307 1602 ἓν
329 1558 440 1608 ἅπαξ
472 1562 698 1602 commate
722 1560 969 1612 distinguit.
1016 1560 1072 1601 At
1096 1571 1244 1613 neque
1270 1561 1356 1602 hoc
1381 1572 1463 1614 per
1493 1561 1835 1602 collocationem
1860 1561 2112 1602 verborum

128 1634 232 1674 licet
261 1644 409 1685 neque
440 1633 553 1673 ratio
586 1644 676 1685 qua
708 1635 894 1673 coactus
925 1632 982 1673 ad
1017 1633 1133 1674 hanc
1173 1635 1426 1674 contortam
1458 1635 1737 1674 structuram
1775 1633 1976 1684 confugit
2008 1645 2114 1674 vera

127 1707 208 1746 est.
262 1705 489 1745 Persuasit
519 1705 638 1744 enim
661 1703 749 1744 sibi
769 1704 843 1744 hic
865 1715 965 1757 non,
997 1706 1050 1744 ut
1070 1705 1249 1756 priores
1270 1705 1540 1756 interpretes
1567 1705 1947 1756 existimaverant,
1980 1716 2114 1756 quar-

126 1779 199 1818 tae
231 1776 532 1829 expeditionis
570 1777 727 1817 contra
758 1776 966 1828 Blemyes
997 1778 1235 1828 susceptae
1274 1777 1551 1816 mentionem
1591 1775 1700 1828 fieri,
1742 1776 1821 1816 sed
1858 1777 2023 1828 respici
2062 1787 2114 1817 ea

128 1860 244 1901 quae
275 1859 414 1900 supra
446 1847 500 1888 de
531 1847 678 1888 tribus
709 1848 796 1888 illis
826 1849 1007 1888 narrata
1037 1850 1200 1888 essent.
1261 1847 1438 1888 Etenim
1470 1858 1562 1887 non
1604 1849 1697 1888 tam
1727 1858 1799 1888 res
1832 1850 1980 1900 gestas
2013 1859 2114 1888 nar-

128 1920 218 1960 rari
249 1920 335 1972 hic,
374 1930 513 1972 quam
543 1919 728 1959 illorum
770 1929 887 1970 quae
916 1919 1128 1971 proxime
1160 1918 1214 1959 de
1244 1929 1293 1959 se
1334 1919 1692 1972 praedicavisset
1721 1914 1802 1965 ζεἰς
1840 1917 1960 1960 κάτω
2005 1917 2112 1977 μέρη

126 1989 236 2032 λέων
267 1989 355 2045 εἰμὶ
384 1989 456 2031 καὶ
488 1988 548 2036 εἰς
579 1988 668 2031 ἄνω
701 1989 810 2045 μέρη
842 1987 918 2045 ἄρξ
948 1984 1054 2044 εἰμι’
1088 1991 1324 2031 veritatem
1357 1990 1662 2032 demonstrari
1693 1990 1939 2032 admonitis
1970 1991 2116 2032 lecto-

126 2062 253 2104 ribus
284 2073 443 2103 eorum
474 2072 592 2114 quae
623 2063 725 2103 ante
761 2062 931 2114 scripta
962 2063 1125 2103 essent.
1186 2062 1323 2114 Atqui
1361 2063 1448 2103 hoc
1488 2062 1543 2103 de
1581 2062 1792 2115 gentibus
1822 2074 1939 2115 quae
1976 2074 2116 2115 supra

126 2133 340 2176 Nubadas
371 2133 627 2174 habitarent
659 2133 926 2186 perdomitis
958 2133 1194 2175 manifesto
1227 2145 1317 2175 non
1349 2136 1418 2174 est
1448 2145 1632 2186 verum3
1676 2134 1731 2176 de
1767 2135 1838 2175 his
1870 2135 1990 2175 enim
2021 2136 2114 2175 vic-

129 2206 258 2247 toriis
289 2205 466 2246 nullum
502 2217 646 2246 unum
678 2205 872 2247 verbum
911 2216 1051 2258 supra
1087 2206 1310 2258 scriptum
1352 2208 1433 2247 est.
1496 2207 1642 2254 Quare
1683 2218 1738 2247 ne
1777 2206 1832 2247 de
1870 2207 2112 2259 Blemyum

131 2277 316 2330 quidem
347 2277 473 2318 clade
502 2279 572 2317 est
609 2288 691 2317 cur
720 2278 783 2318 ita
814 2278 1089 2328 statuamus3
1128 2278 1271 2318 immo
1312 2278 1423 2318 haec
1463 2279 1625 2330 quarta
1664 2278 1890 2330 expeditio
1933 2277 1988 2319 ab
2027 2279 2114 2319 illis

129 2349 280 2390 tribus
311 2349 626 2401 distinguenda
655 2350 739 2389 est.
799 2347 944 2396 Quam
976 2348 1033 2390 ab
1063 2348 1150 2389 illis
1182 2349 1335 2389 divelli
1366 2349 1463 2390 aliis
1495 2349 1631 2389 rebus
1662 2350 1958 2402 interpositis,
1997 2361 2114 2402 quae

130 2423 200 2462 est
229 2422 370 2462 totius
392 2421 511 2461 tituli
542 2420 780 2472 dispositio
804 2431 936 2461 nemo
960 2420 1212 2461 mirabitur.
1362 2423 1412 2460 30
1452 2417 1691 2475 Νουβάὸων
1724 2432 1815 2461 non
1844 2422 2111 2474 partitivum

131 2503 230 2533 esse
261 2493 521 2544 genetivum
552 2492 608 2533 ab
641 2491 681 2534 οἱ
709 2490 836 2533 ἄλλοι
866 2492 1149 2545 pendentem,
1181 2492 1260 2533 sed
1285 2493 1651 2545 comparativum
1683 2493 1740 2533 ad
1771 2491 1970 2548 ἀνωτέρω
2002 2493 2114 2534 rela-

130 2566 229 2605 tum
261 2575 366 2605 cum
409 2564 506 2604 aliis
545 2563 600 2604 de
637 2564 786 2605 causis
817 2564 1113 2616 perspicuum
1151 2566 1232 2617 est,
1271 2566 1372 2604 tum
1403 2565 1621 2616 quoniam
1662 2567 1851 2617 apparet
1890 2564 2115 2606 Silconem

132 2636 374 2677 omnium
405 2635 649 2676 Nubadum
678 2646 831 2687 regem
863 2634 1001 2676 fuisse
1031 2637 1110 2676 aut
1130 2637 1251 2676 certe
1280 2646 1329 2676 se
1350 2636 1507 2676 haberi
1527 2637 1744 2677 voluisse.
1794 2637 1850 2676 At
1869 2638 2026 2676 utrum
2059 2636 2115 2677 ad

132 2706 172 2748 οἱ
195 2705 320 2749 ἄλλοι
341 2707 645 2760 supplendum
668 2707 728 2748 sit
746 2703 956 2762 Βλέμυες,
987 2719 1044 2748 an
1065 2707 1349 2748 substantive
1370 2708 1685 2760 accipiendum
1712 2709 1782 2760 sit,
1805 2709 1856 2748 ut
1877 2708 1987 2748 alias
2009 2718 2115 2759 gen-

131 2780 200 2820 tes
230 2780 276 2819 in
304 2780 572 2820 universum
600 2778 834 2832 significet,
865 2779 1156 2831 disceptatur.
1206 2779 1321 2820 Illud
1350 2780 1522 2832 placuit
1551 2780 1726 2833 Lepsio‚
1757 2780 1844 2820 hoc
1866 2780 2110 2820 Letronnio

131 2850 420 2903 Franzioque.
483 2850 568 2898 Qui
598 2852 644 2891 ni
673 2850 804 2892 fallor
833 2862 995 2892 verum
1024 2850 1251 2904 viderunt,
1283 2863 1388 2892 nam
1418 2856 1502 2893 τῶν
1534 2847 1742 2906 Βλεμύων
1775 2863 1817 2892 v.
1842 2855 1895 2892 46
1927 2863 2017 2893 non
2049 2853 2114 2891 sic

133 2922 310 2974 dicitur,
343 2924 394 2963 ut
425 2922 536 2963 alios
567 2922 704 2962 etiam
732 2932 832 2963 esse
854 2922 1063 2975 Blemyas
1093 2924 1139 2963 et
1163 2923 1317 2963 statim
1339 2925 1750 2964 commemoratum
1779 2923 1833 2963 lri
1855 2924 2111 2975 exspectes;

72 3040 73 3043 Ἰ
133 2991 216 3035 ἀπὸ
248 2991 444 3049 Πρίμεως
476 2991 558 3039 ἕως
588 2990 791 3048 Τέλμεως
821 2994 1011 3035 articulo
1040 2999 1124 3035 τῶν
1156 3006 1246 3036 non
1285 2996 1478 3047 repetito
1510 2995 1681 3036 nullam
1722 2994 1890 3035 habent
1929 2995 2113 3034 restrin-

60 3077 68 3110 ζ
133 3065 265 3117 gendi
296 3066 403 3117 vim,
446 3065 525 3106 sed
556 3065 613 3106 ab
643 3062 892 3120 ἐπολέμησα
922 3066 1131 3118 pendent.
1190 3065 1348 3118 Neque
1379 3078 1462 3118 per
1492 3077 1540 3107 se
1577 3066 1813 3119 probabile
1853 3067 1934 3118 est,
1977 3066 2113 3105 etiam

59 3152 65 3158 ’
133 3137 368 3177 meridiem
401 3147 561 3177 versus
592 3147 617 3176 a
638 3135 783 3178 Nubis
803 3138 979 3189 partem
1002 3137 1228 3190 quandam
1250 3138 1445 3179 nationis
1467 3137 1704 3190 Blemyum
1734 3136 1863 3177 sedes
1885 3135 2113 3176 habuisse.

61 3190 71 3222 ⁷*
134 3207 343 3248 Ceterum
376 3210 530 3260 gentes
561 3218 703 3260 prope
734 3208 916 3251 Meroen
947 3209 1066 3250 circa
1099 3206 1312 3252 Sermaar
1342 3211 1387 3249 et
1415 3206 1581 3250 Fasokl
1617 3208 1862 3249 incolentes
1900 3206 2113 3259 probabi-

53 3317 54 3320 ,
133 3279 234 3320 liter
262 3281 337 3320 hic
367 3281 571 3332 agnoscit
601 3279 832 3321 Letronne.
887 3280 1123 3322 Obiectum
1155 3282 1436 3322 nominativo
1470 3280 1678 3321 absoluto
1709 3279 2024 3331 praemissum,
2058 3279 2112 3319 ad

134 3362 271 3402 quem
302 3351 464 3392 deinde
485 3351 678 3392 refertur
698 3353 979 3404 pronominis
1007 3363 1141 3394 casus
1163 3353 1375 3404 obliquus
1406 3349 1558 3404 αὐτῶν,
1591 3352 1849 3392 accuratam
1872 3351 2112 3391 consuetu-

136 3421 251 3463 dinis
268 3422 478 3475 Copticae
500 3423 802 3463 imitationem
822 3423 988 3464 habere
1009 3424 1340 3465 demonstravit
1358 3423 1560 3475 Lepsius.
1608 3422 1729 3462 Idem
1754 3421 1869 3462 redit
1889 3433 1930 3462 v.
1950 3424 2017 3462 24.
2037 3424 2089 3462 22
2101 3434 2112 3473 ;

135 3504 226 3533 non
257 3496 378 3534 recte
401 3495 588 3547 Lepsius
610 3495 700 3534 huc
719 3495 857 3535 traxit
885 3507 929 3536 v.
953 3498 1018 3536 ⁴3.
1069 3494 1185 3536 Nam
1206 3495 1297 3535 illic
1318 3495 1544 3545 integrum
1565 3492 1848 3533 enuntiatum
1870 3492 2113 3533 relativum

137 3554 274 3606 habes
306 3577 411 3606 cum
443 3565 583 3606 verbo
615 3564 756 3618 finito,
786 3567 839 3606 ut
867 3567 953 3607 etsi
982 3567 1029 3606 in
1060 3566 1226 3608 talibus
1258 3565 1414 3606 Graeci
1445 3564 1618 3605 malunt
1648 3564 1888 3617 participio
1916 3565 1984 3604 uti
2014 3562 2112 3609 τοὺς

138 3633 468 3690 φιλονικοῦντας,
499 3639 651 3678 tamen
682 3637 791 3678 nibil
822 3638 881 3678 sit
909 3637 1032 3690 quod
1054 3649 1159 3679 cum
1179 3636 1601 3689 legibus-sermonis
1623 3646 1730 3677 vere
1750 3636 1907 3677 Graeci
1928 3637 2110 3689 pugnet.
