2314 3970
92 188 188 241 299]
651 188 873 228 Eumenes
905 189 941 228 Π
975 187 1215 238 (497-459
1249 201 1287 229 a.
1310 188 1411 230 Chr.
1434 189 1505 241 n.).
1959 191 2064 241 469

236 359 452 430 βασιλεῖ,
504 360 553 417 ἐξ
599 361 666 413 ῶν
705 356 767 414 τὰ
810 357 995 431 μέγιστ’
1045 357 1217 431 ἀγαθὰ
1255 363 1347 414 τῶι
1382 381 1435 413 τε
1472 360 1738 433 ἡμεΙτέρωι
1776 362 1943 431 δήμωι
1980 359 2066 413 καὶ

231 446 333 504 τοῖς
378 444 548 505 ἄλλοις
593 446 775 499 ἅπασιν
823 447 1157 518 περιγέγονεν,
1209 448 1433 518 καθῆκόν
1482 443 1525 500 τ’
1577 447 1706 501 ἐστὶν
1751 446 1873 518 πρὸς
1922 445 1928 518 Ι
1976 447 2064 518 τὴν

230 531 398 602 κοινὴν
437 532 582 603 τιμὴν
610 537 697 585 τοῦ
723 532 1010 605 πράγματος
1039 533 1306 603 ἀνήκοντος
1332 535 1567 605 πρόνοιαν
1593 537 1729 605 ἡμᾶς
1754 534 2066 604 ποιήσασθαι

16 637 19 651 ·
87 615 91 622 ’
144 632 196 673 10
225 621 320 672 τῶν
370 619 606 672 τοιούτων
645 619 659 690 ΙΙ
694 620 783 692 τὴν
834 621 1088 691 μεγίστην·
1144 619 1218 672 διὸ
1270 618 1353 672 καὶ
1401 621 1593 692 ἀγαθῆι
1630 621 1782 693 τύχηι
1822 621 2066 692 δεδόχθαι

228 710 311 776 τῆι
362 707 542 776 βοολῆι
578 706 663 759 καὶ
701 709 789 760 τῶι
839 708 1022 776 δήμωι,
1072 703 1374 776 ἐπῃΙνῆσθαί
1422 727 1475 759 τε
1515 705 1710 778 Μῆτριν
1750 708 1838 779 τὴν
1881 708 2063 779 ἱέρειαν

229 797 317 862 τῆς
362 788 572 862 Ἀθηνᾶς
619 792 698 845 ἐπὶ
736 797 823 846 τῶι
859 798 1081 864 προσηνῆ
1121 794 1423 864 γεγενῆσθαι
1465 793 1470 863 Ι
1513 794 1665 864 αὐτὴν
1703 800 1787 864 τῆι
1826 795 1944 848 θεᾶι
1981 794 2066 847 καὶ

226 878 314 949 τὴν
359 879 627 950 καλλίστην
679 878 984 933 κατάστασιν
1027 880 1365 948 ἀπηντηκέναι
1402 882 1496 932 τῶν
1535 879 1837 951 πραγμάτων
1855 883 1890 948 3,
1935 882 1939 951 Ι
1979 881 2065 934 καὶ

229 968 544 1037 στεφανῶσαι
608 966 761 1037 αὐτὴν
817 969 1012 1037 χροσῶι
1070 963 1324 1036 στεφάνωι
1381 970 1468 1019 τῶι
1524 968 1581 1018 ἐκ
1637 970 1722 1018 τοῦ
1773 968 1926 1036 νόμου
1979 967 2064 1020 καὶ

227 1053 383 1105 εἰκόνι
425 1051 430 1122 Ι
471 1055 676 1124 χαλκῆι,
718 1055 778 1123 ἢν
808 1058 988 1123 στῆσαι
1014 1054 1064 1106 ἐν
1103 1057 1196 1105 τῶι
1225 1053 1363 1122 ἱερῶι
1388 1058 1475 1122 τῆς
1504 1051 1800 1123 Νικηφόρου
1836 1049 2061 1123 Ἀθηνᾶς,

149 1152 200 1194 15
230 1136 314 1192 καὶ
361 1138 640 1210 ἐπιγράψαι
685 1138 764 1193 ἐπὶ
800 1138 816 1210 ΙΙ
851 1144 937 1192 τοῦ
984 1140 1206 1210 βήματος
1251 1142 1329 1192 ὅτι
1365 1133 1418 1191 (ὁ
1467 1141 1624 1209 δῆμος
1665 1138 1857 1210 Μῆτριν
1900 1137 2067 1211 Ἀρτε-

228 1225 449 1295 μιδώρου
517 1226 873 1296 ἱερητεύσασαν
931 1223 994 1278 τὰ
1052 1224 1205 1278 ἔνατα
1262 1224 1571 1296 ΝιΙκηφόρια
1627 1230 1712 1278 τοῦ
1772 1227 2065 1297 στεφανίτου

229 1306 456 1384 ἀγῶνοςῖ
523 1311 611 1382 τὴν
667 1310 708 1363 δ’
770 1314 1093 1383 ἀναγόρευσιν
1140 1313 1454 1382 ποιήσασθαι
1502 1317 1598 1366 τῶν
1649 1311 1655 1384 Ι
1709 1314 2063 1384 ἐψηφισμένων

82 1486 251 1540 (Polyb.
273 1487 410 1541 XXX,
437 1491 473 1540 3,
497 1487 550 1539 2).
603 1486 732 1535 Quod
756 1487 941 1528 Romani
974 1499 1029 1528 ne
1062 1487 1258 1528 facerent
1286 1499 1373 1529 non
1397 1490 1734 1540 recusaverunt,
1770 1488 1848 1529 sed
1875 1490 2064 1529 conatus

82 1570 162 1613 per
206 1560 375 1612 legatos
420 1571 579 1612 pacem
626 1560 744 1600 inter
782 1560 1027 1600 Eumenem
1075 1562 1117 1600 et
1160 1561 1307 1601 Gallos
1354 1561 1626 1602 conciliandi
1671 1560 1837 1601 frustra
1884 1560 2065 1601 fuerunt

48 1622 250 1685 '‘'(Polyb.
272 1633 409 1686 XXX,
435 1636 471 1683 3,
497 1636 534 1673 8.
569 1636 636 1686 20,
660 1636 726 1672 ⁴2.
774 1633 867 1673 Liv.
889 1633 1017 1686 XLV,
1043 1635 1108 1686 34,
1137 1634 1214 1685 40).
1267 1633 1440 1673 Bellum
1463 1633 1590 1674 varia
1621 1633 1799 1674 fortuna
1831 1634 2064 1674 continua-

79 1705 178 1746 tum
201 1706 281 1759 est,
315 1716 419 1746 cum
443 1705 553 1746 Galli
575 1705 620 1745 in
642 1705 834 1757 Phrygia
856 1705 1027 1745 cladem
1059 1706 1315 1758 acciperent
1347 1705 1544 1757 (Alterth.
1568 1718 1611 1747 v.
1633 1706 1882 1757 Pergamon
1905 1705 2014 1758 VIII,
2040 1709 2055 1745 4

50 1759 62 1772 ⁴
81 1788 122 1831 p.
149 1780 229 1818 402
262 1788 302 1818 n.
329 1781 429 1818 ⁴65:
469 1775 667 1833 ἐνίκησαν
708 1775 1049 1835 παραταξάμενοι
1089 1776 1142 1832 ἐμ
1181 1774 1360 1833 Φρυγίαι
1391 1800 1447 1806 -
1479 1774 1702 1830 Γαλάτας),
1747 1778 1825 1818 sed
1859 1777 1988 1818 brevi
2019 1778 2065 1818 in

60 1849 266 1903 {Lydiam
289 1851 594 1903 irrumperent
616 1852 661 1890 et
678 1850 837 1891 Sardes
862 1852 1187 1902 oppugnarent.
1240 1850 1300 1891 Cf.
1326 1862 1366 1891 n.
1393 1854 1488 1902 305,
1514 1853 1580 1903 44,
1606 1850 1685 1891 ubi
1712 1850 1914 1891 Sardiani
1934 1861 2064 1903 prae-

59 1908 230 1964 'dicant
260 1922 479 1963 auxilium
511 1922 567 1963 ab
589 1922 790 1963 Eumene
822 1922 909 1962 sibi
940 1922 1095 1963 latum.
1148 1923 1262 1962 Tum
1284 1922 1395 1963 fusis
1422 1922 1630 1963 barbaris
1652 1923 1875 1963 Eumenes
1898 1933 2064 1974 cogno-

72 2005 182 2050 *men
203 1994 326 2047 quod
347 1996 416 2036 est
440 1990 592 2050 Σωτήρ
615 1995 849 2047 meruisse,
883 1995 981 2034 tum
1006 1994 1282 2034 Philetaerus
1312 1994 1410 2034 eius
1432 1993 1568 2034 frater
1589 1995 1813 2046 egregiam
1836 1993 2064 2034 fortitudi-

26 2110 28 2126 ¹
77 2076 181 2107 nem
212 2067 493 2119 praestitisse
515 2066 697 2108 videtur
729 2066 794 2118 (cf.
819 2078 860 2107 n.
885 2069 965 2108 295
977 2065 1023 2117 9).
1077 2066 1251 2114 Quibus
1274 2066 1597 2108 certaminibus
1629 2066 1757 2107 fracti
1781 2066 1890 2107 Galli
1919 2078 1954 2107 a.
1981 2069 2063 2106 466

27 2191 29 2201 y
79 2150 117 2180 a.
141 2138 240 2179 Chr.
264 2151 304 2179 n.
339 2139 564 2180 Romanos
587 2139 807 2191 adierunt,
838 2140 890 2179 ut
922 2150 1078 2191 pacem
1111 2151 1216 2179 cum
1239 2139 1438 2179 Eumene
1468 2139 1772 2190 conciliarent,
1804 2150 1939 2191 quam
1974 2149 2063 2178 non

69 2210 438 2264 „impetraverunt
467 2212 554 2252 nisi
585 2210 933 2253 condicionibus
964 2212 1072 2252 satis
1105 2211 1230 2252 duris
1263 2210 1431 2263 (Polyb.
1454 2210 1613 2263 XXXI,
1636 2210 1684 2251 2:
1729 2209 1792 2250 ὅτι
1827 2214 1919 2256 τοῖς
1950 2207 2065 2264 παρὰ

53 2279 162 2324 ’τῶν
195 2281 244 2324 ἐκ
282 2286 359 2339 τῆς
389 2277 523 2328 Ἀσίας
555 2278 757 2323 Γαλατῶ)
797 2279 1074 2336 ποεσβευταῖς
1116 2282 1415 2339 συνεχώρησαν
1453 2279 1530 2336 τὴν
1571 2278 1824 2335 αὐτονομίαν
1868 2278 2064 2336 μένουσιν

83 2351 127 2396 ἐν
158 2357 253 2400 ταῖς
286 2351 408 2400 ἰδίαις
438 2351 669 2399 κατοικίαις
701 2352 771 2395 καὶ
803 2352 863 2409 μὴ
900 2367 1045 2411 στρατε
1051 2367 1157 2407 υομε
1145 2353 1249 2399 ’νςοι
1289 2351 1410 2398 ἐκτὸς
1440 2368 1523 2394 των
1559 2351 1674 2395 ἰδίων
1707 2349 1845 2410 ὅρων),
1884 2355 1935 2394 ut
1966 2354 2063 2394 sine

80 2427 219 2468 nimia
249 2427 592 2479 exaggeratione
622 2437 699 2467 eos
731 2426 944 2467 subactos
977 2438 1001 2466 a
1032 2437 1134 2478 rege
1166 2426 1287 2467 dicat
1316 2427 1541 2467 Diodorus
1563 2426 1721 2479 XXXI,
1745 2428 1817 2466 ⁴4:
1852 2423 1900 2466 οὐ
1935 2423 2063 2481 μόνον

81 2497 131 2541 ἐκ
163 2497 360 2556 μεγάλων
391 2496 594 2540 κινδύνων
627 2495 827 2554 ἐρρύσατο
861 2498 1113 2551 (Eumenes)
1152 2497 1228 2553 τὴν
1271 2495 1498 2553 βασιλείαν,
1538 2495 1650 2539 ἀλλὰ
1686 2495 1759 2538 καὶ
1788 2500 1870 2539 πᾶν
1902 2495 1949 2539 τὸ
1979 2502 2063 2539 τῶν

70 2560 282 2613 Χ»Γαλατῑιῑιν
323 2567 445 2616 ἔθνος
486 2568 729 2627 ὑποχείριον
771 2568 1011 2625 ἐποιήσατο.
1073 2570 1191 2611 Haec
1229 2572 1353 2622 gesta
1395 2572 1500 2611 sunt
1538 2582 1655 2611 anno
1689 2573 1771 2611 466
1806 2582 1843 2611 a.
1873 2570 1974 2610 Chr.
2006 2581 2062 2622 n.‚

80 2646 132 2684 ut
161 2643 394 2684 biennium
425 2654 506 2696 per
528 2642 649 2695 quod
671 2643 823 2684 Metris
846 2643 1098 2684 sacerdotio
1122 2643 1272 2684 functa
1302 2644 1371 2684 est
1393 2653 1536 2683 annos
1561 2646 1637 2682 467
1663 2645 1708 2683 et
1730 2646 1810 2683 466
1834 2655 1870 2683 a.
1895 2642 1995 2683 Chr.
2021 2654 2061 2682 n.

82 2715 154 2758 vel
183 2719 265 2756 466
297 2717 342 2756 et
374 2718 453 2756 465
488 2727 525 2756 a.
549 2715 648 2756 Chr.
673 2727 713 2755 n.
746 2716 973 2756 continere
1004 2714 1225 2756 videatur.
1288 2715 1402 2755 Huic
1432 2715 1652 2755 Fr'ankelii
1685 2714 2063 2767 argumentationi

83 2787 345 2840 obloquitur
384 2787 620 2840 Staehelin,
666 2788 740 2828 cui
786 2788 1048 2840 neutiquam
1092 2788 1452 2829 demonstratum
1494 2788 1689 2840 videtur,
1737 2788 1792 2828 ad
1832 2787 2063 2828 Gallorum

81 2861 373 2914 potissimum
412 2872 538 2901 arma
578 2860 784 2901 victoriis
824 2861 941 2912 regis
981 2859 1121 2901 fracta
1160 2860 1235 2901 illa
1277 2858 1449 2915 μείζονα
1489 2857 1795 2917 εὐημερήματα
1835 2861 2040 2912 spectare
2052 2871 2062 2911 ;

83 2944 186 2974 nam
218 2944 307 2973 non
338 2933 512 2973 minore
542 2932 643 2972 iure
673 2933 808 2973 etiam
832 2932 886 2973 de
907 2933 1056 2973 Persei
1079 2932 1204 2973 clade
1234 2932 1332 2985 (468
1357 2944 1394 2973 a.
1419 2932 1534 2983 Chr.)
1568 2932 1755 2983 cogitari
1777 2942 1923 2984 posse.
1977 2931 2060 2971 Sed

76 3005 130 3046 ,ni
158 3004 286 3045 fallor
318 3015 397 3056 per
419 3003 589 3062 bellum
610 3004 947 3045 Macedonicum
969 3005 1152 3046 tertium
1185 3015 1331 3057 neque
1363 3015 1435 3045 res
1462 3003 1518 3045 ab
1541 3004 1740 3044 Eumene
1769 3006 1919 3055 gestae
1951 3003 2063 3043 tanti

34 3080 39 3114 ὴ
85 3077 302 3118 momenti
334 3076 516 3117 fuerunt
553 3087 697 3129 neque
729 3077 982 3130 commoda,
1023 3089 1138 3130 quae
1170 3088 1225 3117 ex
1257 3089 1309 3118 eo
1341 3077 1545 3130 percepit
1576 3088 1667 3128 rex,
1712 3077 1762 3116 ut
1802 3077 1894 3116 tam
1928 3075 2061 3127 pleno

35 3143 37 3204 .
82 3158 164 3189 ore
194 3160 246 3190 ea
274 3149 526 3201 praedicari
556 3148 793 3201 probabile
825 3150 901 3201 sit;
933 3150 1057 3202 quod
1078 3151 1234 3191 contra
1254 3161 1370 3202 quae
1392 3149 1636 3190 identidem
1665 3148 1787 3200 apud
1819 3148 2062 3199 scriptores

35 3206 37 3212 Ι
86 3219 201 3272 (vide
232 3221 382 3274 supra)
414 3221 605 3261 redeunt
635 3221 857 3273 querellae
887 3221 943 3262 de
966 3222 1119 3262 Gallici
1148 3222 1372 3262 tumultus
1404 3221 1616 3274 periculis
1649 3222 1693 3261 et
1715 3219 2063 3272 calamitatibus,

35 3272 41 3333 Ι
84 3290 282 3334 indicant
311 3295 478 3346 quanta
509 3293 677 3334 laetitia
707 3294 900 3335 victoria
930 3296 1063 3348 regis,
1103 3306 1193 3346 qua
1223 3305 1412 3346 regnum
1448 3293 1586 3333 tantis
1618 3293 1747 3332 malis
1778 3291 2063 3344 liberaverat,

36 3356 42 3426 Ι
87 3374 113 3405 a
141 3365 321 3406 civitate
360 3367 737 3417 Pergamenorum
778 3366 921 3418 accipi
960 3366 1179 3409 debuerit
1242 3366 1387 3413 Quare
1428 3377 1518 3406 non
1558 3366 1639 3417 est,
1679 3375 1761 3405 cur
1791 3375 1816 3404 a
1846 3364 2065 3404 Frankelii

88 3436 335 3479 rationibus
366 3448 506 3479 nonas
544 3437 676 3478 ferias
706 3436 1086 3491 Nicephoriorum
1127 3449 1243 3479 anno
1279 3441 1358 3478 467
1392 3449 1429 3478 a.
1463 3437 1564 3478 Chr.
1596 3436 1790 3489 ideoque
1829 3436 2063 3477 decretum

38 3518 44 3551 ι
71 3506 143 3549 vde
173 3509 236 3551 eis
266 3509 554 3551 instituendis
586 3520 701 3550 anno
733 3513 813 3550 483
837 3522 874 3551 a.
898 3511 998 3551 Chr.
1034 3510 1300 3551 vindicantis
1333 3509 1665 3550 dissentiamus.
1815 3512 1836 3547 3
1879 3509 1943 3549 Ex
1975 3509 2064 3549 for-

38 3558 43 3628 Ι
89 3579 197 3621 tuna
226 3580 344 3635 belli,
387 3593 524 3635 quam
555 3581 639 3622 dea
668 3581 951 3634 Pergamenis
983 3593 1237 3634 eorumque
1269 3582 1362 3633 regi
1393 3581 1590 3634 dederat,
1631 3580 1913 3622 sacerdotem
1946 3581 2064 3621 eius-

39 3636 42 3680 Ι
89 3662 178 3704 que
210 3652 355 3696 officia
385 3655 426 3695 ei
458 3655 582 3706 grata
613 3656 886 3707 acceptaque
919 3655 1138 3711 (προσηνῆ)
1172 3654 1311 3694 fuisse
1343 3653 1584 3705 colligitur.
