<?xml version="1.0" encoding="UTF-8"?>
<!DOCTYPE html PUBLIC "-//W3C//DTD XHTML 1.0 Transitional//EN"
    "http://www.w3.org/TR/xhtml1/DTD/xhtml1-transitional.dtd">
<html xmlns="http://www.w3.org/1999/xhtml" xml:lang="en" lang="en">
 <head>
  <title>
</title>
<meta http-equiv="Content-Type" content="text/html;charset=utf-8" />
  <meta name='ocr-system' content='tesseract 3.04.00' />
  <meta name='ocr-capabilities' content='ocr_page ocr_carea ocr_par ocr_line ocrx_word'/>
</head>
<body>
  <div class='ocr_page' id='page_1' title='image "./orientisgraeciin01dittuoft_0626.png"; bbox 0 0 2314 3970; ppageno 0'>
   <div class='ocr_carea' id='block_1_1' title="bbox 200 153 2186 206">
    <p class='ocr_par' dir='ltr' id='par_1_1' title="bbox 200 153 2186 206">
     <span class='ocr_line' id='line_1_1' title="bbox 200 153 2186 206; baseline 0.001 -13"><span class='ocrx_word' id='word_1_1' title='bbox 200 157 304 206; x_wconf 82' lang='lat'>612</span> <span class='ocrx_word' id='word_1_2' title='bbox 626 154 693 195; x_wconf 89' lang='lat' dir='ltr'>Vl.</span> <span class='ocrx_word' id='word_1_3' title='bbox 741 154 885 204; x_wconf 85' lang='lat' dir='ltr'>Regna</span> <span class='ocrx_word' id='word_1_4' title='bbox 918 154 1079 193; x_wconf 87' lang='lat' dir='ltr'>Asiana</span> <span class='ocrx_word' id='word_1_5' title='bbox 1113 153 1300 193; x_wconf 84' lang='lat' dir='ltr'>miuora.</span> <span class='ocrx_word' id='word_1_6' title='bbox 1362 156 1400 193; x_wconf 89' lang='lat'>7.</span> <span class='ocrx_word' id='word_1_7' title='bbox 1433 153 1746 205; x_wconf 80' lang='lat' dir='ltr'><strong>Commagene.</strong></span> <span class='ocrx_word' id='word_1_8' title='bbox 2021 153 2186 205; x_wconf 70' lang='grc'>[394-</span> 
     </span>
    </p>
   </div>
   <div class='ocr_carea' id='block_1_2' title="bbox 209 229 416 233">
    <p class='ocr_par' dir='ltr' id='par_1_2' title="bbox 209 229 416 233">
     <span class='ocr_line' id='line_1_2' title="bbox 209 229 416 233; baseline 0 0"><span class='ocrx_word' id='word_1_9' title='bbox 209 229 416 233; x_wconf 95' lang='lat' dir='ltr'> </span> 
     </span>
    </p>
   </div>
   <div class='ocr_carea' id='block_1_3' title="bbox 195 318 2192 1825">
    <p class='ocr_par' dir='ltr' id='par_1_3' title="bbox 195 318 2192 1825">
     <span class='ocr_line' id='line_1_3' title="bbox 199 318 2185 383; baseline -0.001 -15"><span class='ocrx_word' id='word_1_10' title='bbox 199 329 313 383; x_wconf 76' lang='grc' dir='ltr'>ἐμῶν</span> <span class='ocrx_word' id='word_1_11' title='bbox 344 332 428 368; x_wconf 83' lang='grc' dir='ltr'>τῶν</span> <span class='ocrx_word' id='word_1_12' title='bbox 460 323 814 367; x_wconf 52' lang='lat' dir='ltr'>mmmmm-arom</span> <span class='ocrx_word' id='word_1_13' title='bbox 848 323 890 365; x_wconf 84' lang='grc' dir='ltr'>έν</span> <span class='ocrx_word' id='word_1_14' title='bbox 921 319 1158 380; x_wconf 83' lang='grc' dir='ltr'>Ἀρσαμείαι</span> <span class='ocrx_word' id='word_1_15' title='bbox 1189 322 1265 376; x_wconf 87' lang='grc' dir='ltr'>[ἐν]</span> <span class='ocrx_word' id='word_1_16' title='bbox 1303 321 1436 376; x_wconf 80' lang='grc' dir='ltr'>θε[ἇ]ς</span> <span class='ocrx_word' id='word_1_17' title='bbox 1466 318 1776 381; x_wconf 81' lang='grc' dir='ltr'>Ἀργ[α]ν”ὀηνῆς</span> <span class='ocrx_word' id='word_1_18' title='bbox 1807 322 2051 382; x_wconf 78' lang='grc' dir='ltr'>περιβόλωι)</span> <span class='ocrx_word' id='word_1_19' title='bbox 2091 337 2185 366; x_wconf 84' lang='lat' dir='ltr'>ma-</span> 
     </span>
     <span class='ocr_line' id='line_1_4' title="bbox 199 393 2185 451; baseline -0.002 -10"><span class='ocrx_word' id='word_1_20' title='bbox 199 399 360 441; x_wconf 85' lang='lat' dir='ltr'>nifesto</span> <span class='ocrx_word' id='word_1_21' title='bbox 392 400 512 439; x_wconf 88' lang='lat' dir='ltr'>recte</span> <span class='ocrx_word' id='word_1_22' title='bbox 545 397 705 437; x_wconf 76' lang='lat' dir='ltr'><strong>statuit</strong></span> <span class='ocrx_word' id='word_1_23' title='bbox 735 396 944 437; x_wconf 85' lang='lat' dir='ltr'>Reinach.</span> <span class='ocrx_word' id='word_1_24' title='bbox 1115 399 1138 436; x_wconf 84' lang='lat'>6</span> <span class='ocrx_word' id='word_1_25' title='bbox 1184 393 1332 451; x_wconf 82' lang='grc' dir='ltr'>Σάμου</span> <span class='ocrx_word' id='word_1_26' title='bbox 1366 397 1607 437; x_wconf 86' lang='lat' dir='ltr'>Puchstein</span> <span class='ocrx_word' id='word_1_27' title='bbox 1638 397 1684 436; x_wconf 90' lang='lat' dir='ltr'>in</span> <span class='ocrx_word' id='word_1_28' title='bbox 1714 398 1944 450; x_wconf 85' lang='lat' dir='ltr'>contextu,</span> <span class='ocrx_word' id='word_1_29' title='bbox 1977 397 2056 437; x_wconf 88' lang='lat' dir='ltr'>sed</span> <span class='ocrx_word' id='word_1_30' title='bbox 2087 397 2185 450; x_wconf 90' lang='lat' dir='ltr'>ipse</span> 
     </span>
     <span class='ocr_line' id='line_1_5' title="bbox 200 465 2185 525; baseline -0.001 -13"><span class='ocrx_word' id='word_1_31' title='bbox 200 472 396 523; x_wconf 87' lang='lat' dir='ltr'>adnotat,</span> <span class='ocrx_word' id='word_1_32' title='bbox 439 470 630 522; x_wconf 90' lang='lat' dir='ltr'>propter</span> <span class='ocrx_word' id='word_1_33' title='bbox 667 469 802 522; x_wconf 88' lang='lat' dir='ltr'>spatii</span> <span class='ocrx_word' id='word_1_34' title='bbox 841 469 1038 509; x_wconf 90' lang='lat' dir='ltr'>rationes</span> <span class='ocrx_word' id='word_1_35' title='bbox 1070 467 1353 521; x_wconf 84' lang='lat' dir='ltr'>probabilius</span> <span class='ocrx_word' id='word_1_36' title='bbox 1397 479 1495 509; x_wconf 89' lang='lat' dir='ltr'>esse</span> <span class='ocrx_word' id='word_1_37' title='bbox 1537 469 1903 521; x_wconf 87' lang='lat' dir='ltr'>supplementum</span> <span class='ocrx_word' id='word_1_38' title='bbox 1937 465 2185 525; x_wconf 82' lang='grc' dir='ltr'>[Ἀρ]σάμου,</span> 
     </span>
     <span class='ocr_line' id='line_1_6' title="bbox 200 540 2184 596; baseline -0.001 -13"><span class='ocrx_word' id='word_1_39' title='bbox 200 543 322 596; x_wconf 85' lang='lat' dir='ltr'>quod</span> <span class='ocrx_word' id='word_1_40' title='bbox 367 542 502 582; x_wconf 90' lang='lat' dir='ltr'>etiam</span> <span class='ocrx_word' id='word_1_41' title='bbox 544 541 814 581; x_wconf 85' lang='lat' dir='ltr'>Reinachius</span> <span class='ocrx_word' id='word_1_42' title='bbox 854 540 1081 593; x_wconf 87' lang='lat' dir='ltr'>praetulit.</span> <span class='ocrx_word' id='word_1_43' title='bbox 1143 540 1353 581; x_wconf 92' lang='lat' dir='ltr'>Ceterum</span> <span class='ocrx_word' id='word_1_44' title='bbox 1401 542 1509 593; x_wconf 91' lang='lat' dir='ltr'>post</span> <span class='ocrx_word' id='word_1_45' title='bbox 1545 540 1762 582; x_wconf 87' lang='lat' dir='ltr'>Arsamen</span> <span class='ocrx_word' id='word_1_46' title='bbox 1810 543 1918 582; x_wconf 89' lang='lat' dir='ltr'>natu</span> <span class='ocrx_word' id='word_1_47' title='bbox 1963 541 2184 582; x_wconf 85' lang='lat' dir='ltr'>minorem</span> 
     </span>
     <span class='ocr_line' id='line_1_7' title="bbox 199 612 2185 666; baseline -0.001 -12"><span class='ocrx_word' id='word_1_48' title='bbox 199 625 314 666; x_wconf 88' lang='lat' dir='ltr'>quae</span> <span class='ocrx_word' id='word_1_49' title='bbox 345 615 508 654; x_wconf 83' lang='lat' dir='ltr'>vacant</span> <span class='ocrx_word' id='word_1_50' title='bbox 539 613 623 653; x_wconf 89' lang='lat' dir='ltr'>tria</span> <span class='ocrx_word' id='word_1_51' title='bbox 655 612 756 653; x_wconf 88' lang='lat' dir='ltr'>loca</span> <span class='ocrx_word' id='word_1_52' title='bbox 787 612 875 665; x_wconf 93' lang='lat' dir='ltr'>(XI,</span> <span class='ocrx_word' id='word_1_53' title='bbox 907 612 1001 665; x_wconf 90' lang='lat' dir='ltr'>XII,</span> <span class='ocrx_word' id='word_1_54' title='bbox 1031 612 1131 652; x_wconf 93' lang='lat' dir='ltr'>XIII</span> <span class='ocrx_word' id='word_1_55' title='bbox 1175 613 1220 652; x_wconf 93' lang='lat' dir='ltr'>in</span> <span class='ocrx_word' id='word_1_56' title='bbox 1251 612 1459 665; x_wconf 88' lang='lat' dir='ltr'>planiclei</span> <span class='ocrx_word' id='word_1_57' title='bbox 1492 612 1720 653; x_wconf 90' lang='lat' dir='ltr'>orientalis</span> <span class='ocrx_word' id='word_1_58' title='bbox 1754 623 1886 653; x_wconf 91' lang='lat' dir='ltr'>muro</span> <span class='ocrx_word' id='word_1_59' title='bbox 1918 613 2185 665; x_wconf 89' lang='lat' dir='ltr'>septentrio-</span> 
     </span>
     <span class='ocr_line' id='line_1_8' title="bbox 200 684 2185 738; baseline -0.001 -12"><span class='ocrx_word' id='word_1_60' title='bbox 200 685 315 738; x_wconf 86' lang='lat' dir='ltr'>nali),</span> <span class='ocrx_word' id='word_1_61' title='bbox 347 685 403 726; x_wconf 90' lang='lat' dir='ltr'>de</span> <span class='ocrx_word' id='word_1_62' title='bbox 433 685 511 738; x_wconf 85' lang='lat' dir='ltr'>eis,</span> <span class='ocrx_word' id='word_1_63' title='bbox 544 695 649 725; x_wconf 89' lang='lat' dir='ltr'>eum</span> <span class='ocrx_word' id='word_1_64' title='bbox 675 684 987 725; x_wconf 89' lang='lat' dir='ltr'>Puchsteinius</span> <span class='ocrx_word' id='word_1_65' title='bbox 1010 684 1139 725; x_wconf 90' lang='lat' dir='ltr'>aliter</span> <span class='ocrx_word' id='word_1_66' title='bbox 1161 685 1389 737; x_wconf 77' lang='lat' dir='ltr'>sensisset,</span> <span class='ocrx_word' id='word_1_67' title='bbox 1421 685 1650 736; x_wconf 82' lang='lat' dir='ltr'>ingeniose</span> <span class='ocrx_word' id='word_1_68' title='bbox 1674 686 1720 724; x_wconf 92' lang='lat' dir='ltr'>et</span> <span class='ocrx_word' id='word_1_69' title='bbox 1749 684 1812 725; x_wconf 89' lang='lat' dir='ltr'>ita</span> <span class='ocrx_word' id='word_1_70' title='bbox 1841 686 1893 725; x_wconf 94' lang='lat' dir='ltr'>ut</span> <span class='ocrx_word' id='word_1_71' title='bbox 1923 685 2054 736; x_wconf 90' lang='lat' dir='ltr'>plane</span> <span class='ocrx_word' id='word_1_72' title='bbox 2084 695 2185 736; x_wconf 91' lang='lat' dir='ltr'>per-</span> 
     </span>
     <span class='ocr_line' id='line_1_9' title="bbox 198 755 2186 809; baseline -0.001 -11"><span class='ocrx_word' id='word_1_73' title='bbox 198 757 409 798; x_wconf 89' lang='lat' dir='ltr'>suaderet</span> <span class='ocrx_word' id='word_1_74' title='bbox 439 757 690 809; x_wconf 85' lang='lat' dir='ltr'>disputavit</span> <span class='ocrx_word' id='word_1_75' title='bbox 712 757 919 798; x_wconf 88' lang='lat' dir='ltr'>Reinacb.</span> <span class='ocrx_word' id='word_1_76' title='bbox 972 757 1234 797; x_wconf 86' lang='lat' dir='ltr'>Proximum</span> <span class='ocrx_word' id='word_1_77' title='bbox 1266 756 1404 797; x_wconf 83' lang='lat' dir='ltr'>fuisse</span> <span class='ocrx_word' id='word_1_78' title='bbox 1427 756 1629 797; x_wconf 87' lang='lat' dir='ltr'>Arsamis</span> <span class='ocrx_word' id='word_1_79' title='bbox 1661 756 1849 797; x_wconf 89' lang='lat' dir='ltr'>minoris</span> <span class='ocrx_word' id='word_1_80' title='bbox 1880 755 2022 797; x_wconf 85' lang='lat' dir='ltr'>fillum</span> <span class='ocrx_word' id='word_1_81' title='bbox 2055 756 2186 808; x_wconf 90' lang='lat' dir='ltr'>plane</span> 
     </span>
     <span class='ocr_line' id='line_1_10' title="bbox 198 828 2185 883; baseline -0.001 -14"><span class='ocrx_word' id='word_1_82' title='bbox 198 831 418 883; x_wconf 89' lang='lat' dir='ltr'>ignotum,</span> <span class='ocrx_word' id='word_1_83' title='bbox 465 828 625 869; x_wconf 88' lang='lat' dir='ltr'>deinde</span> <span class='ocrx_word' id='word_1_84' title='bbox 662 831 868 870; x_wconf 89' lang='lat' dir='ltr'>secutum</span> <span class='ocrx_word' id='word_1_85' title='bbox 911 828 1184 870; x_wconf 88' lang='lat' dir='ltr'>duodecimo</span> <span class='ocrx_word' id='word_1_86' title='bbox 1226 828 1327 869; x_wconf 90' lang='lat' dir='ltr'>loeo</span> <span class='ocrx_word' id='word_1_87' title='bbox 1371 829 1681 869; x_wconf 77' lang='lat' dir='ltr'>Ptolemaeum</span> <span class='ocrx_word' id='word_1_88' title='bbox 1719 828 1921 869; x_wconf 88' lang='lat' dir='ltr'>Arsamis</span> <span class='ocrx_word' id='word_1_89' title='bbox 1959 829 2185 880; x_wconf 81' lang='lat' dir='ltr'>nepotem.</span> 
     </span>
     <span class='ocr_line' id='line_1_11' title="bbox 199 899 2187 953; baseline 0 -13"><span class='ocrx_word' id='word_1_90' title='bbox 199 901 375 941; x_wconf 88' lang='lat' dir='ltr'>Etenim</span> <span class='ocrx_word' id='word_1_91' title='bbox 408 902 452 940; x_wconf 89' lang='lat' dir='ltr'>et</span> <span class='ocrx_word' id='word_1_92' title='bbox 484 903 662 941; x_wconf 87' lang='lat' dir='ltr'>exstare</span> <span class='ocrx_word' id='word_1_93' title='bbox 705 900 950 941; x_wconf 82' lang='lat' dir='ltr'>frustulum</span> <span class='ocrx_word' id='word_1_94' title='bbox 983 901 1185 942; x_wconf 92' lang='lat' dir='ltr'>eiusdem</span> <span class='ocrx_word' id='word_1_95' title='bbox 1218 901 1407 953; x_wconf 91' lang='lat' dir='ltr'>generis,</span> <span class='ocrx_word' id='word_1_96' title='bbox 1450 900 1575 952; x_wconf 92' lang='lat' dir='ltr'>quod</span> <span class='ocrx_word' id='word_1_97' title='bbox 1607 900 1935 953; x_wconf 90' lang='lat' dir='ltr'>Puchsteinius‚</span> <span class='ocrx_word' id='word_1_98' title='bbox 1975 899 2187 940; x_wconf 84' lang='lat' dir='ltr'>dubitans</span> 
     </span>
     <span class='ocr_line' id='line_1_12' title="bbox 200 970 2187 1025; baseline -0.001 -12"><span class='ocrx_word' id='word_1_99' title='bbox 200 984 319 1025; x_wconf 90' lang='lat' dir='ltr'>sane,</span> <span class='ocrx_word' id='word_1_100' title='bbox 352 973 439 1025; x_wconf 90' lang='lat' dir='ltr'>ipsi</span> <span class='ocrx_word' id='word_1_101' title='bbox 471 972 767 1014; x_wconf 85' lang='lat' dir='ltr'>duodecimae</span> <span class='ocrx_word' id='word_1_102' title='bbox 798 970 980 1013; x_wconf 83' lang='lat' dir='ltr'>tabulae</span> <span class='ocrx_word' id='word_1_103' title='bbox 1011 973 1286 1014; x_wconf 83' lang='lat' dir='ltr'>vindicasset</span> <span class='ocrx_word' id='word_1_104' title='bbox 1317 972 1373 1025; x_wconf 89' lang='lat' dir='ltr'>(p.</span> <span class='ocrx_word' id='word_1_105' title='bbox 1398 973 1509 1025; x_wconf 83' lang='lat'>286),</span> <span class='ocrx_word' id='word_1_106' title='bbox 1542 983 1647 1012; x_wconf 91' lang='lat' dir='ltr'>cum</span> <span class='ocrx_word' id='word_1_107' title='bbox 1679 972 1840 1012; x_wconf 87' lang='lat' dir='ltr'>litteris</span> <span class='ocrx_word' id='word_1_108' title='bbox 1873 973 2037 1025; x_wconf 85' lang='grc' dir='ltr'>ΑΙΟΝ,</span> <span class='ocrx_word' id='word_1_109' title='bbox 2070 981 2187 1024; x_wconf 90' lang='lat' dir='ltr'>quae</span> 
     </span>
     <span class='ocr_line' id='line_1_13' title="bbox 199 1041 2187 1100; baseline -0.001 -15"><span class='ocrx_word' id='word_1_110' title='bbox 199 1044 478 1097; x_wconf 85' lang='lat' dir='ltr'>supplendae</span> <span class='ocrx_word' id='word_1_111' title='bbox 510 1046 660 1085; x_wconf 89' lang='lat' dir='ltr'>essent</span> <span class='ocrx_word' id='word_1_112' title='bbox 691 1042 883 1099; x_wconf 82' lang='grc' dir='ltr'>[βασιλέα</span> <span class='ocrx_word' id='word_1_113' title='bbox 903 1041 1202 1100; x_wconf 85' lang='grc' dir='ltr'>Πτολεμ]αῖον,</span> <span class='ocrx_word' id='word_1_114' title='bbox 1236 1047 1281 1085; x_wconf 92' lang='lat' dir='ltr'>et</span> <span class='ocrx_word' id='word_1_115' title='bbox 1310 1046 1468 1085; x_wconf 91' lang='lat' dir='ltr'>notum</span> <span class='ocrx_word' id='word_1_116' title='bbox 1497 1055 1596 1084; x_wconf 91' lang='lat' dir='ltr'>esse</span> <span class='ocrx_word' id='word_1_117' title='bbox 1619 1044 1925 1085; x_wconf 89' lang='lat' dir='ltr'>Ptolemaeum</span> <span class='ocrx_word' id='word_1_118' title='bbox 1947 1043 2187 1096; x_wconf 87' lang='lat' dir='ltr'>quendam,</span> 
     </span>
     <span class='ocr_line' id='line_1_14' title="bbox 198 1116 2190 1170; baseline -0.001 -13"><span class='ocrx_word' id='word_1_119' title='bbox 198 1117 331 1157; x_wconf 87' lang='lat' dir='ltr'>cuius</span> <span class='ocrx_word' id='word_1_120' title='bbox 361 1128 443 1169; x_wconf 89' lang='lat' dir='ltr'>per</span> <span class='ocrx_word' id='word_1_121' title='bbox 473 1118 572 1169; x_wconf 87' lang='lat' dir='ltr'>ipsa</span> <span class='ocrx_word' id='word_1_122' title='bbox 602 1117 676 1157; x_wconf 89' lang='lat' dir='ltr'>illa</span> <span class='ocrx_word' id='word_1_123' title='bbox 707 1118 927 1170; x_wconf 88' lang='lat' dir='ltr'>tempora,</span> <span class='ocrx_word' id='word_1_124' title='bbox 961 1116 1130 1169; x_wconf 90' lang='lat' dir='ltr'>quibus</span> <span class='ocrx_word' id='word_1_125' title='bbox 1160 1117 1362 1158; x_wconf 89' lang='lat' dir='ltr'>Arsamis</span> <span class='ocrx_word' id='word_1_126' title='bbox 1394 1119 1502 1158; x_wconf 89' lang='lat' dir='ltr'>natu</span> <span class='ocrx_word' id='word_1_127' title='bbox 1534 1117 1726 1157; x_wconf 90' lang='lat' dir='ltr'>minoris</span> <span class='ocrx_word' id='word_1_128' title='bbox 1758 1118 1986 1169; x_wconf 90' lang='lat' dir='ltr'>nepotem,</span> <span class='ocrx_word' id='word_1_129' title='bbox 2017 1116 2190 1156; x_wconf 88' lang='lat' dir='ltr'>Mithri-</span> 
     </span>
     <span class='ocr_line' id='line_1_15' title="bbox 197 1188 2186 1241; baseline -0.001 -12"><span class='ocrx_word' id='word_1_130' title='bbox 197 1188 362 1229; x_wconf 88' lang='lat' dir='ltr'>datisI</span> <span class='ocrx_word' id='word_1_131' title='bbox 402 1200 540 1229; x_wconf 90' lang='lat' dir='ltr'>avum</span> <span class='ocrx_word' id='word_1_132' title='bbox 579 1189 791 1230; x_wconf 89' lang='lat' dir='ltr'>floruisse</span> <span class='ocrx_word' id='word_1_133' title='bbox 832 1191 1186 1230; x_wconf 87' lang='lat' dir='ltr'>consentaneum</span> <span class='ocrx_word' id='word_1_134' title='bbox 1231 1191 1363 1241; x_wconf 91' lang='lat' dir='ltr'>esset,</span> <span class='ocrx_word' id='word_1_135' title='bbox 1410 1189 1455 1229; x_wconf 90' lang='lat' dir='ltr'>in</span> <span class='ocrx_word' id='word_1_136' title='bbox 1502 1189 1589 1229; x_wconf 91' lang='lat' dir='ltr'>illis</span> <span class='ocrx_word' id='word_1_137' title='bbox 1634 1189 1894 1240; x_wconf 84' lang='lat' dir='ltr'>regionibus</span> <span class='ocrx_word' id='word_1_138' title='bbox 1942 1188 2186 1241; x_wconf 91' lang='lat' dir='ltr'>imperium</span> 
     </span>
     <span class='ocr_line' id='line_1_16' title="bbox 197 1256 2189 1317; baseline -0.001 -16"><span class='ocrx_word' id='word_1_139' title='bbox 197 1260 338 1302; x_wconf 91' lang='lat' dir='ltr'>fuisse</span> <span class='ocrx_word' id='word_1_140' title='bbox 377 1263 618 1315; x_wconf 86' lang='lat' dir='ltr'>constaret,</span> <span class='ocrx_word' id='word_1_141' title='bbox 660 1272 715 1302; x_wconf 84' lang='lat' dir='ltr'>ex</span> <span class='ocrx_word' id='word_1_142' title='bbox 746 1261 948 1302; x_wconf 92' lang='lat' dir='ltr'>Diodoro</span> <span class='ocrx_word' id='word_1_143' title='bbox 979 1261 1139 1314; x_wconf 90' lang='lat' dir='ltr'>XXXI,</span> <span class='ocrx_word' id='word_1_144' title='bbox 1173 1266 1290 1303; x_wconf 75' lang='lat' dir='ltr'>l9a:</span> <span class='ocrx_word' id='word_1_145' title='bbox 1338 1258 1403 1302; x_wconf 83' lang='grc' dir='ltr'>ὅτι</span> <span class='ocrx_word' id='word_1_146' title='bbox 1444 1258 1466 1302; x_wconf 87' lang='grc' dir='ltr'>ὁ</span> <span class='ocrx_word' id='word_1_147' title='bbox 1503 1265 1581 1316; x_wconf 86' lang='grc' dir='ltr'>τῆς</span> <span class='ocrx_word' id='word_1_148' title='bbox 1620 1256 1923 1317; x_wconf 77' lang='grc' dir='ltr'>Κομμαγηνῆς</span> <span class='ocrx_word' id='word_1_149' title='bbox 1962 1258 2189 1315; x_wconf 83' lang='grc' dir='ltr'>ἐπιστάτης</span> 
     </span>
     <span class='ocr_line' id='line_1_17' title="bbox 199 1329 2190 1391; baseline -0.001 -17"><span class='ocrx_word' id='word_1_150' title='bbox 199 1330 468 1387; x_wconf 87' lang='grc' dir='ltr'>Πτολεμαῖος</span> <span class='ocrx_word' id='word_1_151' title='bbox 501 1331 562 1375; x_wconf 76' lang='grc' dir='ltr'>ἔτι</span> <span class='ocrx_word' id='word_1_152' title='bbox 594 1332 671 1389; x_wconf 88' lang='grc' dir='ltr'>μὲν</span> <span class='ocrx_word' id='word_1_153' title='bbox 702 1331 775 1374; x_wconf 73' lang='grc' dir='ltr'>καὶ</span> <span class='ocrx_word' id='word_1_154' title='bbox 806 1331 1008 1391; x_wconf 85' lang='grc' dir='ltr'>πρότερον</span> <span class='ocrx_word' id='word_1_155' title='bbox 1039 1332 1369 1390; x_wconf 77' lang='grc' dir='ltr'>’καταφρονήσας</span> <span class='ocrx_word' id='word_1_156' title='bbox 1400 1338 1484 1374; x_wconf 82' lang='grc' dir='ltr'>τῶν</span> <span class='ocrx_word' id='word_1_157' title='bbox 1509 1329 1734 1389; x_wconf 74' lang='grc' dir='ltr'>Συριακῶν</span> <span class='ocrx_word' id='word_1_158' title='bbox 1766 1330 1973 1387; x_wconf 88' lang='grc' dir='ltr'>βασιλέων</span> <span class='ocrx_word' id='word_1_159' title='bbox 2003 1329 2190 1373; x_wconf 86' lang='grc' dir='ltr'>ἀποστά-</span> 
     </span>
     <span class='ocr_line' id='line_1_18' title="bbox 196 1401 2189 1463; baseline -0.001 -18"><span class='ocrx_word' id='word_1_160' title='bbox 196 1420 274 1461; x_wconf 82' lang='grc' dir='ltr'>της</span> <span class='ocrx_word' id='word_1_161' title='bbox 307 1404 487 1462; x_wconf 83' lang='grc' dir='ltr'>ἐγένετο,</span> <span class='ocrx_word' id='word_1_162' title='bbox 525 1404 598 1446; x_wconf 74' lang='grc' dir='ltr'>καὶ</span> <span class='ocrx_word' id='word_1_163' title='bbox 629 1403 697 1446; x_wconf 84' lang='grc' dir='ltr'>διὰ</span> <span class='ocrx_word' id='word_1_164' title='bbox 725 1403 824 1452; x_wconf 87' lang='grc' dir='ltr'>τοὺς</span> <span class='ocrx_word' id='word_1_165' title='bbox 857 1403 986 1452; x_wconf 80' lang='grc' dir='ltr'>ἰδίους</span> <span class='ocrx_word' id='word_1_166' title='bbox 1028 1403 1203 1447; x_wconf 77' lang='grc' dir='ltr'>ἐκείνων</span> <span class='ocrx_word' id='word_1_167' title='bbox 1235 1403 1555 1461; x_wconf 89' lang='grc' dir='ltr'>περισπασμοὺς</span> <span class='ocrx_word' id='word_1_168' title='bbox 1586 1403 1724 1450; x_wconf 81' lang='grc' dir='ltr'>ἀδεῶς</span> <span class='ocrx_word' id='word_1_169' title='bbox 1754 1407 1832 1461; x_wconf 86' lang='grc' dir='ltr'>τῆς</span> <span class='ocrx_word' id='word_1_170' title='bbox 1861 1405 2011 1463; x_wconf 87' lang='grc' dir='ltr'>χώρας</span> <span class='ocrx_word' id='word_1_171' title='bbox 2042 1401 2189 1445; x_wconf 79' lang='grc' dir='ltr'>ἐδυνά-</span> 
     </span>
     <span class='ocr_line' id='line_1_19' title="bbox 199 1473 2192 1535; baseline -0.001 -18"><span class='ocrx_word' id='word_1_172' title='bbox 199 1490 356 1530; x_wconf 84' lang='grc' dir='ltr'>στευσε,</span> <span class='ocrx_word' id='word_1_173' title='bbox 397 1475 582 1531; x_wconf 89' lang='grc' dir='ltr'>μάλιστα</span> <span class='ocrx_word' id='word_1_174' title='bbox 621 1475 828 1518; x_wconf 81' lang='grc' dir='ltr'>πιστεύων</span> <span class='ocrx_word' id='word_1_175' title='bbox 870 1481 964 1524; x_wconf 86' lang='grc' dir='ltr'>ταῖς</span> <span class='ocrx_word' id='word_1_176' title='bbox 1001 1483 1087 1519; x_wconf 83' lang='grc' dir='ltr'>τῶν</span> <span class='ocrx_word' id='word_1_177' title='bbox 1124 1476 1269 1519; x_wconf 87' lang='grc' dir='ltr'>τόπων</span> <span class='ocrx_word' id='word_1_178' title='bbox 1312 1476 1564 1535; x_wconf 74' lang='grc' dir='ltr'>ὀχυρότησι·</span> <span class='ocrx_word' id='word_1_179' title='bbox 1609 1475 1684 1519; x_wconf 69' lang='grc' dir='ltr'>καὶ</span> <span class='ocrx_word' id='word_1_180' title='bbox 1721 1475 1800 1519; x_wconf 77' lang='grc' dir='ltr'>οὐκ</span> <span class='ocrx_word' id='word_1_181' title='bbox 1837 1473 2100 1533; x_wconf 77' lang='grc' dir='ltr'>ἀρκούμενος</span> <span class='ocrx_word' id='word_1_182' title='bbox 2138 1475 2192 1532; x_wconf 82' lang='grc' dir='ltr'>τῇ</span> 
     </span>
     <span class='ocr_line' id='line_1_20' title="bbox 197 1544 2188 1606; baseline -0.001 -17"><span class='ocrx_word' id='word_1_183' title='bbox 197 1547 417 1605; x_wconf 77' lang='grc' dir='ltr'>πλεονεξίᾳ</span> <span class='ocrx_word' id='word_1_184' title='bbox 457 1547 588 1604; x_wconf 80' lang='grc' dir='ltr'>ταύτῃ</span> <span class='ocrx_word' id='word_1_185' title='bbox 638 1550 882 1606; x_wconf 81' lang='grc' dir='ltr'>συναγαγὼν</span> <span class='ocrx_word' id='word_1_186' title='bbox 926 1547 1102 1606; x_wconf 81' lang='grc' dir='ltr'>δύναμιν</span> <span class='ocrx_word' id='word_1_187' title='bbox 1149 1547 1349 1606; x_wconf 80' lang='grc' dir='ltr'>ἐνέβαλεν</span> <span class='ocrx_word' id='word_1_188' title='bbox 1390 1548 1449 1596; x_wconf 85' lang='grc' dir='ltr'>εἰς</span> <span class='ocrx_word' id='word_1_189' title='bbox 1490 1549 1568 1606; x_wconf 79' lang='grc' dir='ltr'>τὴν</span> <span class='ocrx_word' id='word_1_190' title='bbox 1609 1546 1883 1604; x_wconf 72' lang='grc' dir='ltr'>καλουμένην</span> <span class='ocrx_word' id='word_1_191' title='bbox 1922 1544 2188 1603; x_wconf 77' lang='grc' dir='ltr'>Μελιτηνὴν,</span> 
     </span>
     <span class='ocr_line' id='line_1_21' title="bbox 199 1616 2189 1680; baseline -0.001 -18"><span class='ocrx_word' id='word_1_192' title='bbox 199 1619 327 1662; x_wconf 81' lang='grc' dir='ltr'>οὖσαν</span> <span class='ocrx_word' id='word_1_193' title='bbox 358 1626 437 1679; x_wconf 82' lang='grc' dir='ltr'>τῆς</span> <span class='ocrx_word' id='word_1_194' title='bbox 468 1617 781 1668; x_wconf 80' lang='grc' dir='ltr'>Καππαδοκίας</span> <span class='ocrx_word' id='word_1_195' title='bbox 812 1620 886 1663; x_wconf 73' lang='grc' dir='ltr'>καὶ</span> <span class='ocrx_word' id='word_1_196' title='bbox 913 1619 1177 1679; x_wconf 77' lang='grc' dir='ltr'>τεταγμένην</span> <span class='ocrx_word' id='word_1_197' title='bbox 1207 1619 1289 1664; x_wconf 79' lang='grc' dir='ltr'>ὑπὸ</span> <span class='ocrx_word' id='word_1_198' title='bbox 1318 1616 1584 1680; x_wconf 77' lang='grc' dir='ltr'>Ἀριαράθην,</span> <span class='ocrx_word' id='word_1_199' title='bbox 1624 1620 1697 1662; x_wconf 71' lang='grc' dir='ltr'>καὶ</span> <span class='ocrx_word' id='word_1_200' title='bbox 1726 1619 1826 1667; x_wconf 88' lang='grc' dir='ltr'>τοὺς</span> <span class='ocrx_word' id='word_1_201' title='bbox 1857 1618 2057 1666; x_wconf 78' lang='grc' dir='ltr'>εὐθέτους</span> <span class='ocrx_word' id='word_1_202' title='bbox 2087 1633 2189 1675; x_wconf 88' lang='grc' dir='ltr'>προ-</span> 
     </span>
     <span class='ocr_line' id='line_1_22' title="bbox 195 1687 2190 1752; baseline 0 -18"><span class='ocrx_word' id='word_1_203' title='bbox 195 1691 408 1748; x_wconf 65' lang='grc' dir='ltr'>κατέλαβε</span> <span class='ocrx_word' id='word_1_204' title='bbox 445 1691 615 1739; x_wconf 82' lang='grc' dir='ltr'>τόπους.</span> <span class='ocrx_word' id='word_1_205' title='bbox 665 1691 988 1752; x_wconf 82' lang='grc' dir='ltr'>στρατεύσαντος</span> <span class='ocrx_word' id='word_1_206' title='bbox 1027 1688 1058 1734; x_wconf 74' lang='grc' dir='ltr'>δ’</span> <span class='ocrx_word' id='word_1_207' title='bbox 1086 1688 1146 1735; x_wconf 79' lang='grc' dir='ltr'>ἐπ’</span> <span class='ocrx_word' id='word_1_208' title='bbox 1173 1692 1298 1736; x_wconf 81' lang='grc' dir='ltr'>αὐτὸν</span> <span class='ocrx_word' id='word_1_209' title='bbox 1341 1692 1450 1749; x_wconf 85' lang='grc' dir='ltr'>μετὰ</span> <span class='ocrx_word' id='word_1_210' title='bbox 1490 1691 1655 1751; x_wconf 86' lang='grc' dir='ltr'>πολλῆς</span> <span class='ocrx_word' id='word_1_211' title='bbox 1693 1691 1914 1749; x_wconf 86' lang='grc' dir='ltr'>δυνάμεως</span> <span class='ocrx_word' id='word_1_212' title='bbox 1941 1687 2190 1748; x_wconf 78' lang='grc' dir='ltr'>Ἀριαράθου</span> 
     </span>
     <span class='ocr_line' id='line_1_23' title="bbox 198 1763 2191 1825; baseline 0 -19"><span class='ocrx_word' id='word_1_213' title='bbox 198 1764 469 1824; x_wconf 84' lang='grc' dir='ltr'>ἀνεχώρησεν</span> <span class='ocrx_word' id='word_1_214' title='bbox 503 1764 564 1813; x_wconf 85' lang='grc' dir='ltr'>εἰς</span> <span class='ocrx_word' id='word_1_215' title='bbox 593 1765 671 1822; x_wconf 86' lang='grc' dir='ltr'>τὴν</span> <span class='ocrx_word' id='word_1_216' title='bbox 706 1763 811 1807; x_wconf 84' lang='grc' dir='ltr'>ἰδίαν</span> <span class='ocrx_word' id='word_1_217' title='bbox 845 1763 1070 1825; x_wconf 85' lang='grc' dir='ltr'>ἐπαρχίαν.</span> <span class='ocrx_word' id='word_1_218' title='bbox 1133 1766 1230 1815; x_wconf 82' lang='lat' dir='ltr'>Qua</span> <span class='ocrx_word' id='word_1_219' title='bbox 1260 1768 1305 1807; x_wconf 89' lang='lat' dir='ltr'>in</span> <span class='ocrx_word' id='word_1_220' title='bbox 1337 1768 1595 1808; x_wconf 81' lang='lat' dir='ltr'>narratione</span> <span class='ocrx_word' id='word_1_221' title='bbox 1634 1767 1812 1819; x_wconf 83' lang='lat' dir='ltr'>primus</span> <span class='ocrx_word' id='word_1_222' title='bbox 1849 1777 1906 1807; x_wconf 82' lang='lat' dir='ltr'>ex</span> <span class='ocrx_word' id='word_1_223' title='bbox 1943 1766 2029 1807; x_wconf 85' lang='lat' dir='ltr'>hac</span> <span class='ocrx_word' id='word_1_224' title='bbox 2059 1767 2191 1818; x_wconf 78' lang='lat' dir='ltr'>gente</span> 
     </span>
    </p>
   </div>
   <div class='ocr_carea' id='block_1_4' title="bbox 2255 300 2282 778">
    <p class='ocr_par' dir='ltr' id='par_1_4' title="bbox 2255 300 2282 778">
     <span class='ocr_line' id='line_1_24' title="bbox 2255 300 2282 778; textangle 90"><span class='ocrx_word' id='word_1_225' title='bbox 2267 773 2269 778; x_wconf 93' lang='lat'>-</span> <span class='ocrx_word' id='word_1_226' title='bbox 2262 737 2272 760; x_wconf 61' lang='grc' dir='ltr'><strong><em>υ</em></strong></span> <span class='ocrx_word' id='word_1_227' title='bbox 2262 696 2280 722; x_wconf 55' lang='lat' dir='ltr'>-r</span> <span class='ocrx_word' id='word_1_228' title='bbox 2258 421 2282 660; x_wconf 41' lang='lat' dir='ltr'>”frosm-1³⁶¹·</span> <span class='ocrx_word' id='word_1_229' title='bbox 2257 404 2265 413; x_wconf 87' lang='grc'>·</span> <span class='ocrx_word' id='word_1_230' title='bbox 2255 300 2279 394; x_wconf 52' lang='lat'>»⁰0¹2</span> 
     </span>
    </p>
   </div>
   <div class='ocr_carea' id='block_1_5' title="bbox 2312 740 2314 1278">
    <p class='ocr_par' dir='ltr' id='par_1_5' title="bbox 2312 740 2314 1278">
     <span class='ocr_line' id='line_1_25' title="bbox 2312 740 2314 1278; baseline 0 0"><span class='ocrx_word' id='word_1_231' title='bbox 2312 740 2314 1278; x_wconf 95' lang='lat' dir='ltr'> </span> 
     </span>
    </p>
   </div>
   <div class='ocr_carea' id='block_1_6' title="bbox 2307 1445 2314 1575">
    <p class='ocr_par' dir='ltr' id='par_1_6' title="bbox 2307 1445 2314 1575">
     <span class='ocr_line' id='line_1_26' title="bbox 2307 1445 2314 1575; baseline 0 2395"><span class='ocrx_word' id='word_1_232' title='bbox 2307 1445 2314 1575; x_wconf 95' lang='lat' dir='ltr'> </span> 
     </span>
    </p>
   </div>
   <div class='ocr_carea' id='block_1_7' title="bbox 2264 1099 2289 1785">
    <p class='ocr_par' dir='ltr' id='par_1_7' title="bbox 2264 1099 2289 1785">
     <span class='ocr_line' id='line_1_27' title="bbox 2264 1099 2289 1785; textangle 90"><span class='ocrx_word' id='word_1_233' title='bbox 2272 1783 2274 1785; x_wconf 96' lang='lat'>·</span> <span class='ocrx_word' id='word_1_234' title='bbox 2264 1332 2289 1749; x_wconf 49' lang='lat' dir='ltr'>&gt;·›·.*-offl·aest.,-N.Ku</span> <span class='ocrx_word' id='word_1_235' title='bbox 2268 1307 2282 1319; x_wconf 75' lang='grc' dir='ltr'><strong><em>ι</em></strong></span> <span class='ocrx_word' id='word_1_236' title='bbox 2270 1239 2283 1295; x_wconf 78' lang='grc'>-,-··</span> <span class='ocrx_word' id='word_1_237' title='bbox 2269 1192 2281 1210; x_wconf 62' lang='grc' dir='ltr'>,ν</span> <span class='ocrx_word' id='word_1_238' title='bbox 2270 1142 2281 1166; x_wconf 84' lang='grc'>.·</span> <span class='ocrx_word' id='word_1_239' title='bbox 2277 1127 2281 1130; x_wconf 89' lang='grc'><em>.</em></span> <span class='ocrx_word' id='word_1_240' title='bbox 2271 1099 2282 1114; x_wconf 78' lang='lat'>.-</span> 
     </span>
    </p>
   </div>
   <div class='ocr_carea' id='block_1_8' title="bbox 198 1837 2192 1892">
    <p class='ocr_par' dir='ltr' id='par_1_8' title="bbox 198 1822 2282 1893">
     <span class='ocr_line' id='line_1_28' title="bbox 198 1837 2192 1892; baseline -0 -14"><span class='ocrx_word' id='word_1_241' title='bbox 198 1838 484 1879; x_wconf 90' lang='lat' dir='ltr'>Ptolemaeus</span> <span class='ocrx_word' id='word_1_242' title='bbox 517 1837 698 1879; x_wconf 88' lang='lat' dir='ltr'>definite</span> <span class='ocrx_word' id='word_1_243' title='bbox 731 1838 1060 1891; x_wconf 84' lang='lat' dir='ltr'>Commagenes</span> <span class='ocrx_word' id='word_1_244' title='bbox 1101 1839 1347 1891; x_wconf 91' lang='lat' dir='ltr'>imperium</span> <span class='ocrx_word' id='word_1_245' title='bbox 1388 1841 1543 1880; x_wconf 90' lang='lat' dir='ltr'>tenere</span> <span class='ocrx_word' id='word_1_246' title='bbox 1580 1839 1760 1892; x_wconf 78' lang='lat' dir='ltr'>dicitur,</span> <span class='ocrx_word' id='word_1_247' title='bbox 1800 1838 1848 1879; x_wconf 91' lang='lat' dir='ltr'>id</span> <span class='ocrx_word' id='word_1_248' title='bbox 1887 1837 2012 1891; x_wconf 88' lang='lat' dir='ltr'>quod</span> <span class='ocrx_word' id='word_1_249' title='bbox 2049 1837 2192 1878; x_wconf 92' lang='lat' dir='ltr'>mani·</span> 
     </span>
    </p>
   </div>
   <div class='ocr_carea' id='block_1_9' title="bbox 199 1910 2286 2042">
    <p class='ocr_par' dir='ltr' id='par_1_9' title="bbox 199 1910 2286 2042">
     <span class='ocr_line' id='line_1_29' title="bbox 199 1910 2286 1964; baseline 0 -14"><span class='ocrx_word' id='word_1_250' title='bbox 199 1910 311 1951; x_wconf 85' lang='lat' dir='ltr'>festo</span> <span class='ocrx_word' id='word_1_251' title='bbox 344 1912 464 1950; x_wconf 91' lang='lat' dir='ltr'>recte</span> <span class='ocrx_word' id='word_1_252' title='bbox 496 1921 549 1952; x_wconf 91' lang='lat' dir='ltr'>eo</span> <span class='ocrx_word' id='word_1_253' title='bbox 581 1910 757 1951; x_wconf 90' lang='lat' dir='ltr'>rettulit</span> <span class='ocrx_word' id='word_1_254' title='bbox 785 1911 1070 1964; x_wconf 88' lang='lat' dir='ltr'>Reinaehius,</span> <span class='ocrx_word' id='word_1_255' title='bbox 1110 1912 1233 1964; x_wconf 89' lang='lat' dir='ltr'>quod</span> <span class='ocrx_word' id='word_1_256' title='bbox 1273 1923 1430 1952; x_wconf 91' lang='lat' dir='ltr'>omnes</span> <span class='ocrx_word' id='word_1_257' title='bbox 1468 1912 1662 1953; x_wconf 88' lang='lat' dir='ltr'>maiores</span> <span class='ocrx_word' id='word_1_258' title='bbox 1700 1921 1848 1964; x_wconf 89' lang='lat' dir='ltr'>usque</span> <span class='ocrx_word' id='word_1_259' title='bbox 1886 1910 1943 1952; x_wconf 92' lang='lat' dir='ltr'>ad</span> <span class='ocrx_word' id='word_1_260' title='bbox 1971 1910 2191 1951; x_wconf 88' lang='lat' dir='ltr'>Arsamen</span> <span class='ocrx_word' id='word_1_261' title='bbox 2270 1919 2286 1960; x_wconf 72' lang='grc' dir='ltr'>ζ·</span> 
     </span>
     <span class='ocr_line' id='line_1_30' title="bbox 199 1983 2283 2042; baseline 0 -20"><span class='ocrx_word' id='word_1_262' title='bbox 199 1984 309 2023; x_wconf 86' lang='lat' dir='ltr'>natu</span> <span class='ocrx_word' id='word_1_263' title='bbox 346 1983 568 2023; x_wconf 88' lang='lat' dir='ltr'>minorem</span> <span class='ocrx_word' id='word_1_264' title='bbox 611 1983 668 2023; x_wconf 90' lang='lat' dir='ltr'>ad</span> <span class='ocrx_word' id='word_1_265' title='bbox 705 1984 948 2035; x_wconf 92' lang='lat' dir='ltr'>utramque</span> <span class='ocrx_word' id='word_1_266' title='bbox 984 1983 1228 2036; x_wconf 88' lang='lat' dir='ltr'>Euphratis</span> <span class='ocrx_word' id='word_1_267' title='bbox 1270 1984 1416 2037; x_wconf 91' lang='lat' dir='ltr'>ripam</span> <span class='ocrx_word' id='word_1_268' title='bbox 1458 1985 1732 2037; x_wconf 87' lang='lat' dir='ltr'>regnassent,</span> <span class='ocrx_word' id='word_1_269' title='bbox 1770 1984 1832 2024; x_wconf 88' lang='lat' dir='ltr'>ita</span> <span class='ocrx_word' id='word_1_270' title='bbox 1872 1985 1925 2024; x_wconf 91' lang='lat' dir='ltr'>ut</span> <span class='ocrx_word' id='word_1_271' title='bbox 1953 1983 2192 2024; x_wconf 89' lang='lat' dir='ltr'>Armeniae</span> <span class='ocrx_word' id='word_1_272' title='bbox 2268 1998 2283 2042; x_wconf 71' lang='lat'>,²</span> 
     </span>
    </p>
   </div>
   <div class='ocr_carea' id='block_1_10' title="bbox 197 2054 2192 2691">
    <p class='ocr_par' dir='ltr' id='par_1_10' title="bbox 197 2054 2192 2691">
     <span class='ocr_line' id='line_1_31' title="bbox 199 2054 2191 2109; baseline 0.001 -15"><span class='ocrx_word' id='word_1_273' title='bbox 199 2055 322 2106; x_wconf 87' lang='lat' dir='ltr'>regio</span> <span class='ocrx_word' id='word_1_274' title='bbox 354 2055 665 2095; x_wconf 87' lang='lat' dir='ltr'>meridionalis</span> <span class='ocrx_word' id='word_1_275' title='bbox 697 2057 742 2095; x_wconf 91' lang='lat' dir='ltr'>et</span> <span class='ocrx_word' id='word_1_276' title='bbox 772 2055 1062 2096; x_wconf 90' lang='lat' dir='ltr'>occidentalis</span> <span class='ocrx_word' id='word_1_277' title='bbox 1085 2056 1320 2108; x_wconf 89' lang='lat' dir='ltr'>(Sophene)</span> <span class='ocrx_word' id='word_1_278' title='bbox 1348 2056 1461 2097; x_wconf 90' lang='lat' dir='ltr'>adeo</span> <span class='ocrx_word' id='word_1_279' title='bbox 1486 2055 1750 2109; x_wconf 89' lang='lat' dir='ltr'>principalis</span> <span class='ocrx_word' id='word_1_280' title='bbox 1771 2056 1895 2107; x_wconf 85' lang='lat' dir='ltr'>regni</span> <span class='ocrx_word' id='word_1_281' title='bbox 1927 2066 2032 2108; x_wconf 90' lang='lat' dir='ltr'>pars</span> <span class='ocrx_word' id='word_1_282' title='bbox 2054 2054 2191 2096; x_wconf 91' lang='lat' dir='ltr'>habe·-</span> 
     </span>
     <span class='ocr_line' id='line_1_32' title="bbox 198 2126 2189 2181; baseline 0 -14"><span class='ocrx_word' id='word_1_283' title='bbox 198 2130 323 2167; x_wconf 89' lang='lat' dir='ltr'>retur</span> <span class='ocrx_word' id='word_1_284' title='bbox 361 2126 517 2179; x_wconf 88' lang='lat' dir='ltr'>ibique</span> <span class='ocrx_word' id='word_1_285' title='bbox 554 2128 678 2178; x_wconf 83' lang='lat' dir='ltr'>regni</span> <span class='ocrx_word' id='word_1_286' title='bbox 710 2130 848 2180; x_wconf 88' lang='lat' dir='ltr'>caput</span> <span class='ocrx_word' id='word_1_287' title='bbox 878 2127 1172 2169; x_wconf 88' lang='lat' dir='ltr'>Arsamosata</span> <span class='ocrx_word' id='word_1_288' title='bbox 1202 2128 1491 2181; x_wconf 88' lang='lat' dir='ltr'>conderetur;</span> <span class='ocrx_word' id='word_1_289' title='bbox 1533 2129 1613 2169; x_wconf 91' lang='lat' dir='ltr'>sed</span> <span class='ocrx_word' id='word_1_290' title='bbox 1651 2139 1705 2169; x_wconf 90' lang='lat' dir='ltr'>eo</span> <span class='ocrx_word' id='word_1_291' title='bbox 1738 2128 1862 2181; x_wconf 93' lang='lat' dir='ltr'>quod</span> <span class='ocrx_word' id='word_1_292' title='bbox 1901 2128 2189 2168; x_wconf 90' lang='lat' dir='ltr'>interiectum</span> 
     </span>
     <span class='ocr_line' id='line_1_33' title="bbox 197 2198 2190 2252; baseline 0.001 -14"><span class='ocrx_word' id='word_1_293' title='bbox 197 2200 318 2238; x_wconf 86' lang='lat' dir='ltr'>esset</span> <span class='ocrx_word' id='word_1_294' title='bbox 358 2199 476 2238; x_wconf 87' lang='lat' dir='ltr'>inter</span> <span class='ocrx_word' id='word_1_295' title='bbox 505 2198 723 2239; x_wconf 89' lang='lat' dir='ltr'>Arsamen</span> <span class='ocrx_word' id='word_1_296' title='bbox 764 2200 809 2238; x_wconf 91' lang='lat' dir='ltr'>et</span> <span class='ocrx_word' id='word_1_297' title='bbox 844 2198 1153 2239; x_wconf 90' lang='lat' dir='ltr'>Ptolemaeum</span> <span class='ocrx_word' id='word_1_298' title='bbox 1196 2201 1403 2252; x_wconf 88' lang='lat' dir='ltr'>tempore</span> <span class='ocrx_word' id='word_1_299' title='bbox 1434 2201 1587 2241; x_wconf 92' lang='lat' dir='ltr'>omnia</span> <span class='ocrx_word' id='word_1_300' title='bbox 1617 2211 1734 2252; x_wconf 88' lang='lat' dir='ltr'>quae</span> <span class='ocrx_word' id='word_1_301' title='bbox 1765 2202 1891 2240; x_wconf 90' lang='lat' dir='ltr'>trans</span> <span class='ocrx_word' id='word_1_302' title='bbox 1930 2199 2190 2252; x_wconf 91' lang='lat' dir='ltr'>Euphraten</span> 
     </span>
     <span class='ocr_line' id='line_1_34' title="bbox 198 2270 2190 2324; baseline 0.001 -14"><span class='ocrx_word' id='word_1_303' title='bbox 198 2272 349 2310; x_wconf 90' lang='lat' dir='ltr'>essent</span> <span class='ocrx_word' id='word_1_304' title='bbox 380 2271 560 2323; x_wconf 90' lang='lat' dir='ltr'>amissa,</span> <span class='ocrx_word' id='word_1_305' title='bbox 592 2272 643 2310; x_wconf 91' lang='lat' dir='ltr'>ut</span> <span class='ocrx_word' id='word_1_306' title='bbox 675 2282 762 2311; x_wconf 86' lang='lat' dir='ltr'>una</span> <span class='ocrx_word' id='word_1_307' title='bbox 786 2270 1089 2323; x_wconf 89' lang='lat' dir='ltr'>Commagene</span> <span class='ocrx_word' id='word_1_308' title='bbox 1119 2272 1184 2312; x_wconf 92' lang='lat' dir='ltr'>eis</span> <span class='ocrx_word' id='word_1_309' title='bbox 1216 2271 1561 2324; x_wconf 83' lang='lat' dir='ltr'>relinqueretur.</span> <span class='ocrx_word' id='word_1_310' title='bbox 1613 2271 1743 2320; x_wconf 88' lang='lat' dir='ltr'>Quod</span> <span class='ocrx_word' id='word_1_311' title='bbox 1775 2271 2033 2312; x_wconf 88' lang='lat' dir='ltr'>confirmari</span> <span class='ocrx_word' id='word_1_312' title='bbox 2065 2271 2190 2311; x_wconf 89' lang='lat' dir='ltr'>testi-</span> 
     </span>
     <span class='ocr_line' id='line_1_35' title="bbox 200 2342 2189 2396; baseline 0.001 -14"><span class='ocrx_word' id='word_1_313' title='bbox 200 2343 351 2383; x_wconf 91' lang='lat' dir='ltr'>monio</span> <span class='ocrx_word' id='word_1_314' title='bbox 391 2342 582 2395; x_wconf 81' lang='lat' dir='ltr'>Polybii,</span> <span class='ocrx_word' id='word_1_315' title='bbox 623 2344 701 2395; x_wconf 90' lang='lat' dir='ltr'>qui</span> <span class='ocrx_word' id='word_1_316' title='bbox 730 2342 842 2396; x_wconf 89' lang='lat' dir='ltr'>VIII,</span> <span class='ocrx_word' id='word_1_317' title='bbox 876 2346 944 2396; x_wconf 79' lang='lat'>25,</span> <span class='ocrx_word' id='word_1_318' title='bbox 979 2347 995 2382; x_wconf 78' lang='grc'><strong>4</strong></span> <span class='ocrx_word' id='word_1_319' title='bbox 1043 2343 1229 2384; x_wconf 83' lang='lat' dir='ltr'>referret</span> <span class='ocrx_word' id='word_1_320' title='bbox 1268 2344 1560 2385; x_wconf 91' lang='lat' dir='ltr'>Arsamosata</span> <span class='ocrx_word' id='word_1_321' title='bbox 1598 2344 1643 2384; x_wconf 92' lang='lat' dir='ltr'>in</span> <span class='ocrx_word' id='word_1_322' title='bbox 1681 2344 1858 2385; x_wconf 89' lang='lat' dir='ltr'>dicione</span> <span class='ocrx_word' id='word_1_323' title='bbox 1894 2343 2072 2396; x_wconf 83' lang='lat' dir='ltr'>Xerxis,</span> <span class='ocrx_word' id='word_1_324' title='bbox 2111 2343 2189 2395; x_wconf 90' lang='lat' dir='ltr'>qui</span> 
     </span>
     <span class='ocr_line' id='line_1_36' title="bbox 199 2414 2190 2470; baseline 0 -16"><span class='ocrx_word' id='word_1_325' title='bbox 199 2414 438 2455; x_wconf 85' lang='lat' dir='ltr'>manifesto</span> <span class='ocrx_word' id='word_1_326' title='bbox 471 2426 562 2455; x_wconf 91' lang='lat' dir='ltr'>non</span> <span class='ocrx_word' id='word_1_327' title='bbox 594 2415 799 2455; x_wconf 91' lang='lat' dir='ltr'>eiusdem</span> <span class='ocrx_word' id='word_1_328' title='bbox 822 2417 958 2468; x_wconf 91' lang='lat' dir='ltr'>atque</span> <span class='ocrx_word' id='word_1_329' title='bbox 979 2415 1190 2457; x_wconf 90' lang='lat' dir='ltr'>Arsames</span> <span class='ocrx_word' id='word_1_330' title='bbox 1213 2416 1379 2457; x_wconf 90' lang='lat' dir='ltr'>domus</span> <span class='ocrx_word' id='word_1_331' title='bbox 1401 2419 1534 2470; x_wconf 87' lang='lat' dir='ltr'>esset,</span> <span class='ocrx_word' id='word_1_332' title='bbox 1566 2415 1705 2457; x_wconf 88' lang='lat' dir='ltr'>fuisse</span> <span class='ocrx_word' id='word_1_333' title='bbox 1736 2418 1882 2457; x_wconf 91' lang='lat' dir='ltr'>aetate</span> <span class='ocrx_word' id='word_1_334' title='bbox 1903 2416 2112 2456; x_wconf 86' lang='lat' dir='ltr'>Antiochi</span> <span class='ocrx_word' id='word_1_335' title='bbox 2132 2415 2190 2455; x_wconf 90' lang='lat' dir='ltr'>III</span> 
     </span>
     <span class='ocr_line' id='line_1_37' title="bbox 201 2486 2189 2542; baseline 0 -15"><span class='ocrx_word' id='word_1_336' title='bbox 201 2487 358 2538; x_wconf 89' lang='lat' dir='ltr'>Magni.</span> <span class='ocrx_word' id='word_1_337' title='bbox 420 2486 535 2528; x_wconf 90' lang='lat' dir='ltr'>Nam</span> <span class='ocrx_word' id='word_1_338' title='bbox 576 2487 632 2527; x_wconf 90' lang='lat' dir='ltr'>de</span> <span class='ocrx_word' id='word_1_339' title='bbox 663 2489 873 2540; x_wconf 91' lang='lat' dir='ltr'>tempore</span> <span class='ocrx_word' id='word_1_340' title='bbox 904 2499 995 2540; x_wconf 91' lang='lat' dir='ltr'>quo</span> <span class='ocrx_word' id='word_1_341' title='bbox 1028 2488 1200 2529; x_wconf 85' lang='lat' dir='ltr'>Xerxes</span> <span class='ocrx_word' id='word_1_342' title='bbox 1243 2491 1475 2541; x_wconf 86' lang='lat' dir='ltr'>regnasset</span> <span class='ocrx_word' id='word_1_343' title='bbox 1512 2489 1644 2542; x_wconf 86' lang='lat' dir='ltr'>plane</span> <span class='ocrx_word' id='word_1_344' title='bbox 1684 2490 1895 2529; x_wconf 85' lang='lat' dir='ltr'>constare</span> <span class='ocrx_word' id='word_1_345' title='bbox 1925 2488 2189 2530; x_wconf 86' lang='lat' dir='ltr'>testimonio</span> 
     </span>
     <span class='ocr_line' id='line_1_38' title="bbox 199 2557 2190 2617; baseline 0.001 -19"><span class='ocrx_word' id='word_1_346' title='bbox 199 2559 378 2599; x_wconf 89' lang='lat' dir='ltr'>Ioannis</span> <span class='ocrx_word' id='word_1_347' title='bbox 408 2558 676 2600; x_wconf 88' lang='lat' dir='ltr'>Antiocheni</span> <span class='ocrx_word' id='word_1_348' title='bbox 707 2560 880 2612; x_wconf 90' lang='lat' dir='ltr'>Fragm.</span> <span class='ocrx_word' id='word_1_349' title='bbox 903 2560 1014 2601; x_wconf 90' lang='lat' dir='ltr'>Hist.</span> <span class='ocrx_word' id='word_1_350' title='bbox 1037 2561 1110 2601; x_wconf 90' lang='lat' dir='ltr'>Gr.</span> <span class='ocrx_word' id='word_1_351' title='bbox 1132 2561 1191 2601; x_wconf 92' lang='lat' dir='ltr'>IV</span> <span class='ocrx_word' id='word_1_352' title='bbox 1222 2572 1265 2614; x_wconf 89' lang='lat' dir='ltr'>p.</span> <span class='ocrx_word' id='word_1_353' title='bbox 1291 2564 1372 2602; x_wconf 79' lang='lat'>557</span> <span class='ocrx_word' id='word_1_354' title='bbox 1406 2560 1458 2602; x_wconf 86' lang='lat' dir='ltr'>fr.</span> <span class='ocrx_word' id='word_1_355' title='bbox 1483 2564 1558 2609; x_wconf 80' lang='lat'>53:</span> <span class='ocrx_word' id='word_1_356' title='bbox 1601 2558 1665 2602; x_wconf 79' lang='grc' dir='ltr'>ὅτι</span> <span class='ocrx_word' id='word_1_357' title='bbox 1695 2559 1806 2602; x_wconf 68' lang='grc' dir='ltr'>κατὰ</span> <span class='ocrx_word' id='word_1_358' title='bbox 1834 2559 1905 2601; x_wconf 86' lang='grc' dir='ltr'>τὸν</span> <span class='ocrx_word' id='word_1_359' title='bbox 1935 2559 2088 2617; x_wconf 88' lang='grc' dir='ltr'>χρόνον</span> <span class='ocrx_word' id='word_1_360' title='bbox 2121 2557 2190 2601; x_wconf 79' lang='grc' dir='ltr'>ὅτε</span> 
     </span>
     <span class='ocr_line' id='line_1_39' title="bbox 198 2624 2192 2691; baseline 0.001 -19"><span class='ocrx_word' id='word_1_361' title='bbox 198 2625 381 2686; x_wconf 85' lang='grc' dir='ltr'>Ἀννίβας</span> <span class='ocrx_word' id='word_1_362' title='bbox 415 2628 617 2686; x_wconf 84' lang='grc' dir='ltr'>ἐπολέμει</span> <span class='ocrx_word' id='word_1_363' title='bbox 648 2634 739 2677; x_wconf 80' lang='grc' dir='ltr'>τοῖς</span> <span class='ocrx_word' id='word_1_364' title='bbox 772 2624 1014 2687; x_wconf 88' lang='grc' dir='ltr'>Ῥωμαίοις,</span> <span class='ocrx_word' id='word_1_365' title='bbox 1056 2627 1267 2691; x_wconf 86' lang='grc' dir='ltr'>Ἀντίοχος</span> <span class='ocrx_word' id='word_1_366' title='bbox 1299 2630 1321 2673; x_wconf 86' lang='grc' dir='ltr'>ὁ</span> <span class='ocrx_word' id='word_1_367' title='bbox 1351 2636 1431 2689; x_wconf 84' lang='grc' dir='ltr'>τῆς</span> <span class='ocrx_word' id='word_1_368' title='bbox 1463 2629 1617 2688; x_wconf 89' lang='grc' dir='ltr'>Συρίας</span> <span class='ocrx_word' id='word_1_369' title='bbox 1648 2630 1843 2688; x_wconf 85' lang='grc' dir='ltr'>βασιλεὺς</span> <span class='ocrx_word' id='word_1_370' title='bbox 1869 2655 1928 2662; x_wconf 90' lang='grc'><strong>-</strong></span> <span class='ocrx_word' id='word_1_371' title='bbox 1958 2628 2092 2690; x_wconf 79' lang='grc' dir='ltr'>Ξέρξῃ</span> <span class='ocrx_word' id='word_1_372' title='bbox 2129 2631 2192 2688; x_wconf 82' lang='grc' dir='ltr'>τῷ</span> 
     </span>
    </p>
   </div>
   <div class='ocr_carea' id='block_1_11' title="bbox 198 2694 2270 2762">
    <p class='ocr_par' dir='ltr' id='par_1_11' title="bbox 198 2683 2311 2762">
     <span class='ocr_line' id='line_1_40' title="bbox 198 2694 2270 2762; baseline -0 -18"><span class='ocrx_word' id='word_1_373' title='bbox 198 2696 414 2759; x_wconf 89' lang='grc' dir='ltr'>Ἀρμενίας</span> <span class='ocrx_word' id='word_1_374' title='bbox 443 2701 636 2759; x_wconf 82' lang='grc' dir='ltr'>τυράννῳ</span> <span class='ocrx_word' id='word_1_375' title='bbox 667 2701 743 2758; x_wconf 85' lang='grc' dir='ltr'>τὴν</span> <span class='ocrx_word' id='word_1_376' title='bbox 777 2702 930 2744; x_wconf 78' lang='grc' dir='ltr'>ἑαυτοῦ</span> <span class='ocrx_word' id='word_1_377' title='bbox 962 2701 1152 2762; x_wconf 81' lang='grc' dir='ltr'>ἀδελφὴν</span> <span class='ocrx_word' id='word_1_378' title='bbox 1192 2702 1445 2758; x_wconf 75' lang='grc' dir='ltr'>συνοικίσας,</span> <span class='ocrx_word' id='word_1_379' title='bbox 1487 2701 1652 2746; x_wconf 81' lang='grc' dir='ltr'>ἐκεῖνον</span> <span class='ocrx_word' id='word_1_380' title='bbox 1685 2703 1763 2760; x_wconf 89' lang='grc' dir='ltr'>μὲν</span> <span class='ocrx_word' id='word_1_381' title='bbox 1795 2702 1863 2746; x_wconf 82' lang='grc' dir='ltr'>διὰ</span> <span class='ocrx_word' id='word_1_382' title='bbox 1891 2707 1969 2761; x_wconf 84' lang='grc' dir='ltr'>τῆς</span> <span class='ocrx_word' id='word_1_383' title='bbox 2001 2701 2189 2761; x_wconf 83' lang='grc' dir='ltr'>ἀδελφῆς</span> <span class='ocrx_word' id='word_1_384' title='bbox 2267 2694 2270 2699; x_wconf 55' lang='grc'><strong>’</strong></span> 
     </span>
    </p>
   </div>
   <div class='ocr_carea' id='block_1_12' title="bbox 198 2763 2311 3044">
    <p class='ocr_par' dir='ltr' id='par_1_12' title="bbox 198 2763 2311 3044">
     <span class='ocr_line' id='line_1_41' title="bbox 199 2763 2311 2832; baseline 0.001 -18"><span class='ocrx_word' id='word_1_385' title='bbox 199 2772 456 2832; x_wconf 82' lang='grc' dir='ltr'>διεχρήσατο</span> <span class='ocrx_word' id='word_1_386' title='bbox 487 2771 578 2815; x_wconf 73' lang='grc' dir='ltr'>κτλ.</span> <span class='ocrx_word' id='word_1_387' title='bbox 642 2775 855 2816; x_wconf 91' lang='lat' dir='ltr'>Eiusdem</span> <span class='ocrx_word' id='word_1_388' title='bbox 886 2775 1050 2816; x_wconf 84' lang='lat' dir='ltr'>Xerxis</span> <span class='ocrx_word' id='word_1_389' title='bbox 1081 2777 1284 2829; x_wconf 91' lang='lat' dir='ltr'>itemque</span> <span class='ocrx_word' id='word_1_390' title='bbox 1305 2777 1563 2819; x_wconf 88' lang='lat' dir='ltr'>Abdissaris</span> <span class='ocrx_word' id='word_1_391' title='bbox 1596 2776 1835 2818; x_wconf 90' lang='lat' dir='ltr'>cuiusdam</span> <span class='ocrx_word' id='word_1_392' title='bbox 1868 2786 2082 2818; x_wconf 91' lang='lat' dir='ltr'>nummos</span> <span class='ocrx_word' id='word_1_393' title='bbox 2113 2786 2189 2816; x_wconf 81' lang='lat' dir='ltr'>ex·</span> <span class='ocrx_word' id='word_1_394' title='bbox 2271 2780 2274 2781; x_wconf 73' lang='grc'>’</span> <span class='ocrx_word' id='word_1_395' title='bbox 2309 2763 2311 2774; x_wconf 78' lang='lat'>&#39;</span> 
     </span>
     <span class='ocr_line' id='line_1_42' title="bbox 198 2845 2189 2902; baseline 0 -16"><span class='ocrx_word' id='word_1_396' title='bbox 198 2847 318 2886; x_wconf 89' lang='lat' dir='ltr'>stare</span> <span class='ocrx_word' id='word_1_397' title='bbox 352 2845 510 2887; x_wconf 89' lang='lat' dir='ltr'>habitu</span> <span class='ocrx_word' id='word_1_398' title='bbox 543 2848 801 2900; x_wconf 91' lang='lat' dir='ltr'>ornatuque</span> <span class='ocrx_word' id='word_1_399' title='bbox 832 2848 1035 2900; x_wconf 89' lang='lat' dir='ltr'>capitum</span> <span class='ocrx_word' id='word_1_400' title='bbox 1067 2859 1223 2900; x_wconf 86' lang='lat' dir='ltr'>regum</span> <span class='ocrx_word' id='word_1_401' title='bbox 1258 2861 1375 2901; x_wconf 88' lang='lat' dir='ltr'>quae</span> <span class='ocrx_word' id='word_1_402' title='bbox 1406 2850 1450 2889; x_wconf 91' lang='lat' dir='ltr'>in</span> <span class='ocrx_word' id='word_1_403' title='bbox 1482 2850 1547 2890; x_wconf 91' lang='lat' dir='ltr'>eis</span> <span class='ocrx_word' id='word_1_404' title='bbox 1578 2850 2027 2902; x_wconf 87' lang='lat' dir='ltr'>repraesentarentur</span> <span class='ocrx_word' id='word_1_405' title='bbox 2056 2847 2189 2900; x_wconf 85' lang='lat' dir='ltr'>plane</span> 
     </span>
     <span class='ocr_line' id='line_1_43' title="bbox 200 2918 2276 2972; baseline 0.001 -14"><span class='ocrx_word' id='word_1_406' title='bbox 200 2918 508 2970; x_wconf 89' lang='lat' dir='ltr'>discrepantes</span> <span class='ocrx_word' id='word_1_407' title='bbox 541 2931 566 2960; x_wconf 93' lang='lat' dir='ltr'>a</span> <span class='ocrx_word' id='word_1_408' title='bbox 588 2919 1000 2971; x_wconf 89' lang='lat' dir='ltr'>Commagenorum</span> <span class='ocrx_word' id='word_1_409' title='bbox 1023 2931 1183 2972; x_wconf 87' lang='lat' dir='ltr'>regum</span> <span class='ocrx_word' id='word_1_410' title='bbox 1204 2923 1399 2962; x_wconf 89' lang='lat' dir='ltr'>moneta.</span> <span class='ocrx_word' id='word_1_411' title='bbox 1453 2921 1576 2969; x_wconf 88' lang='lat' dir='ltr'>Quae</span> <span class='ocrx_word' id='word_1_412' title='bbox 1597 2922 1828 2963; x_wconf 91' lang='lat' dir='ltr'>Diodorus</span> <span class='ocrx_word' id='word_1_413' title='bbox 1855 2921 1911 2961; x_wconf 90' lang='lat' dir='ltr'>de</span> <span class='ocrx_word' id='word_1_414' title='bbox 1936 2921 2187 2961; x_wconf 89' lang='lat' dir='ltr'>Ptolemaeo</span> <span class='ocrx_word' id='word_1_415' title='bbox 2270 2939 2276 2943; x_wconf 89' lang='lat'>·</span> 
     </span>
     <span class='ocr_line' id='line_1_44' title="bbox 203 2992 2189 3044; baseline 0.001 -14"><span class='ocrx_word' id='word_1_416' title='bbox 203 2992 367 3043; x_wconf 89' lang='lat' dir='ltr'>narrat,</span> <span class='ocrx_word' id='word_1_417' title='bbox 410 3002 525 3031; x_wconf 90' lang='lat' dir='ltr'>anno</span> <span class='ocrx_word' id='word_1_418' title='bbox 569 2994 648 3031; x_wconf 77' lang='grc'>463</span> <span class='ocrx_word' id='word_1_419' title='bbox 683 2993 759 3032; x_wconf 92' lang='lat' dir='ltr'>aut</span> <span class='ocrx_word' id='word_1_420' title='bbox 800 2995 880 3032; x_wconf 74' lang='lat'>⁴62</span> <span class='ocrx_word' id='word_1_421' title='bbox 914 3004 951 3032; x_wconf 91' lang='lat' dir='ltr'>a.</span> <span class='ocrx_word' id='word_1_422' title='bbox 975 2992 1075 3033; x_wconf 91' lang='lat' dir='ltr'>Chr.</span> <span class='ocrx_word' id='word_1_423' title='bbox 1109 3004 1150 3033; x_wconf 91' lang='lat' dir='ltr'>n.</span> <span class='ocrx_word' id='word_1_424' title='bbox 1183 2995 1308 3044; x_wconf 83' lang='lat' dir='ltr'>gesta</span> <span class='ocrx_word' id='word_1_425' title='bbox 1349 2993 1679 3035; x_wconf 88' lang='lat' dir='ltr'>demonstravit</span> <span class='ocrx_word' id='word_1_426' title='bbox 1718 2994 1925 3034; x_wconf 84' lang='lat' dir='ltr'>Reinaeh.</span> <span class='ocrx_word' id='word_1_427' title='bbox 1986 2992 2189 3044; x_wconf 92' lang='lat' dir='ltr'>Denique</span> 
     </span>
    </p>
   </div>
   <div class='ocr_carea' id='block_1_13' title="bbox 201 3062 2188 3190">
    <p class='ocr_par' dir='ltr' id='par_1_13' title="bbox 201 3062 2188 3190">
     <span class='ocr_line' id='line_1_45' title="bbox 203 3062 2188 3119; baseline 0.001 -17"><span class='ocrx_word' id='word_1_428' title='bbox 203 3062 510 3103; x_wconf 87' lang='lat' dir='ltr'>Ptolemaeum</span> <span class='ocrx_word' id='word_1_429' title='bbox 543 3074 591 3103; x_wconf 92' lang='lat' dir='ltr'>re</span> <span class='ocrx_word' id='word_1_430' title='bbox 623 3074 730 3104; x_wconf 91' lang='lat' dir='ltr'>vera</span> <span class='ocrx_word' id='word_1_431' title='bbox 753 3064 872 3104; x_wconf 91' lang='lat' dir='ltr'>Sami</span> <span class='ocrx_word' id='word_1_432' title='bbox 904 3066 1094 3117; x_wconf 90' lang='lat' dir='ltr'>patrem,</span> <span class='ocrx_word' id='word_1_433' title='bbox 1125 3065 1395 3106; x_wconf 90' lang='lat' dir='ltr'>Mithridatis</span> <span class='ocrx_word' id='word_1_434' title='bbox 1427 3078 1566 3107; x_wconf 87' lang='lat' dir='ltr'>avum</span> <span class='ocrx_word' id='word_1_435' title='bbox 1597 3067 1835 3119; x_wconf 90' lang='lat' dir='ltr'>paternum</span> <span class='ocrx_word' id='word_1_436' title='bbox 1868 3065 2006 3106; x_wconf 86' lang='lat' dir='ltr'>fuisse</span> <span class='ocrx_word' id='word_1_437' title='bbox 2030 3065 2188 3104; x_wconf 86' lang='lat' dir='ltr'>Reina-</span> 
     </span>
     <span class='ocr_line' id='line_1_46' title="bbox 201 3134 2186 3190; baseline 0.001 -16"><span class='ocrx_word' id='word_1_438' title='bbox 201 3134 332 3175; x_wconf 88' lang='lat' dir='ltr'>chius</span> <span class='ocrx_word' id='word_1_439' title='bbox 373 3135 498 3175; x_wconf 93' lang='lat' dir='ltr'>omni</span> <span class='ocrx_word' id='word_1_440' title='bbox 545 3135 827 3176; x_wconf 89' lang='lat' dir='ltr'>dubitatione</span> <span class='ocrx_word' id='word_1_441' title='bbox 868 3138 1037 3177; x_wconf 85' lang='lat' dir='ltr'>exemit</span> <span class='ocrx_word' id='word_1_442' title='bbox 1081 3138 1249 3177; x_wconf 85' lang='lat' dir='ltr'>rectius</span> <span class='ocrx_word' id='word_1_443' title='bbox 1296 3138 1506 3190; x_wconf 90' lang='lat' dir='ltr'>suppleto</span> <span class='ocrx_word' id='word_1_444' title='bbox 1549 3138 1682 3178; x_wconf 93' lang='lat' dir='ltr'>titulo</span> <span class='ocrx_word' id='word_1_445' title='bbox 1723 3149 1764 3178; x_wconf 89' lang='lat' dir='ltr'>n.</span> <span class='ocrx_word' id='word_1_446' title='bbox 1795 3139 1893 3190; x_wconf 74' lang='lat'>402,</span> <span class='ocrx_word' id='word_1_447' title='bbox 1925 3141 1963 3178; x_wconf 93' lang='grc'>8.</span> <span class='ocrx_word' id='word_1_448' title='bbox 2025 3135 2085 3177; x_wconf 84' lang='lat' dir='ltr'>Cf.</span> <span class='ocrx_word' id='word_1_449' title='bbox 2125 3135 2186 3176; x_wconf 89' lang='lat' dir='ltr'>ib.</span> 
     </span>
    </p>
   </div>
   <div class='ocr_carea' id='block_1_14' title="bbox 201 3206 2314 3340">
    <p class='ocr_par' dir='ltr' id='par_1_14' title="bbox 201 3175 2314 3340">
     <span class='ocr_line' id='line_1_47' title="bbox 201 3206 2314 3263; baseline 0.001 -18"><span class='ocrx_word' id='word_1_450' title='bbox 201 3207 295 3246; x_wconf 92' lang='lat' dir='ltr'>not.</span> <span class='ocrx_word' id='word_1_451' title='bbox 321 3209 387 3246; x_wconf 75' lang='lat'>43.</span> <span class='ocrx_word' id='word_1_452' title='bbox 439 3206 640 3246; x_wconf 90' lang='lat' dir='ltr'>Tertium</span> <span class='ocrx_word' id='word_1_453' title='bbox 673 3207 902 3248; x_wconf 88' lang='lat' dir='ltr'>decimum</span> <span class='ocrx_word' id='word_1_454' title='bbox 925 3208 1063 3260; x_wconf 88' lang='lat' dir='ltr'>igitur</span> <span class='ocrx_word' id='word_1_455' title='bbox 1083 3208 1249 3261; x_wconf 92' lang='lat' dir='ltr'>locum,</span> <span class='ocrx_word' id='word_1_456' title='bbox 1281 3210 1397 3249; x_wconf 87' lang='lat' dir='ltr'>inter</span> <span class='ocrx_word' id='word_1_457' title='bbox 1419 3210 1726 3250; x_wconf 90' lang='lat' dir='ltr'>Ptolemaeum</span> <span class='ocrx_word' id='word_1_458' title='bbox 1749 3211 1925 3262; x_wconf 87' lang='lat' dir='ltr'>patrem</span> <span class='ocrx_word' id='word_1_459' title='bbox 1947 3210 1992 3249; x_wconf 91' lang='lat' dir='ltr'>et</span> <span class='ocrx_word' id='word_1_460' title='bbox 2011 3208 2189 3248; x_wconf 89' lang='lat' dir='ltr'>Mithri·</span> <span class='ocrx_word' id='word_1_461' title='bbox 2313 3206 2314 3263; x_wconf 66' lang='lat' dir='ltr'>J</span> 
     </span>
     <span class='ocr_line' id='line_1_48' title="bbox 202 3276 2314 3340; baseline 0.002 -23"><span class='ocrx_word' id='word_1_462' title='bbox 202 3277 352 3318; x_wconf 88' lang='lat' dir='ltr'>datem</span> <span class='ocrx_word' id='word_1_463' title='bbox 384 3277 542 3330; x_wconf 87' lang='lat' dir='ltr'>filium,</span> <span class='ocrx_word' id='word_1_464' title='bbox 575 3278 758 3319; x_wconf 91' lang='lat' dir='ltr'>tenebat</span> <span class='ocrx_word' id='word_1_465' title='bbox 788 3291 866 3320; x_wconf 84' lang='lat' dir='ltr'>rex</span> <span class='ocrx_word' id='word_1_466' title='bbox 898 3281 1073 3333; x_wconf 90' lang='lat' dir='ltr'>Samus,</span> <span class='ocrx_word' id='word_1_467' title='bbox 1113 3281 1242 3321; x_wconf 90' lang='lat' dir='ltr'>cuius</span> <span class='ocrx_word' id='word_1_468' title='bbox 1274 3281 1421 3333; x_wconf 85' lang='lat' dir='ltr'>imago</span> <span class='ocrx_word' id='word_1_469' title='bbox 1453 3283 1498 3321; x_wconf 93' lang='lat' dir='ltr'>et</span> <span class='ocrx_word' id='word_1_470' title='bbox 1527 3281 1688 3322; x_wconf 91' lang='lat' dir='ltr'>titulus</span> <span class='ocrx_word' id='word_1_471' title='bbox 1719 3282 1765 3321; x_wconf 90' lang='lat' dir='ltr'>in</span> <span class='ocrx_word' id='word_1_472' title='bbox 1796 3282 1949 3322; x_wconf 92' lang='lat' dir='ltr'>monte</span> <span class='ocrx_word' id='word_1_473' title='bbox 1981 3276 2189 3321; x_wconf 79' lang='lat' dir='ltr'>Nemrud</span> <span class='ocrx_word' id='word_1_474' title='bbox 2275 3287 2278 3302; x_wconf 82' lang='lat'>³</span> <span class='ocrx_word' id='word_1_475' title='bbox 2312 3325 2314 3340; x_wconf 23' lang='lat' dir='ltr'><em>A</em></span> 
     </span>
    </p>
   </div>
   <div class='ocr_carea' id='block_1_15' title="bbox 201 3345 2186 3465">
    <p class='ocr_par' dir='ltr' id='par_1_15' title="bbox 201 3345 2186 3465">
     <span class='ocr_line' id='line_1_49' title="bbox 201 3345 2186 3404; baseline 0.001 -16"><span class='ocrx_word' id='word_1_476' title='bbox 201 3345 334 3402; x_wconf 74' lang='lat' dir='ltr'>Dayh</span> <span class='ocrx_word' id='word_1_477' title='bbox 365 3349 550 3401; x_wconf 90' lang='lat' dir='ltr'>quidem</span> <span class='ocrx_word' id='word_1_478' title='bbox 582 3351 729 3403; x_wconf 89' lang='lat' dir='ltr'>periit,</span> <span class='ocrx_word' id='word_1_479' title='bbox 769 3350 848 3392; x_wconf 91' lang='lat' dir='ltr'>sed</span> <span class='ocrx_word' id='word_1_480' title='bbox 887 3352 1226 3404; x_wconf 89' lang='lat' dir='ltr'>inscriptionem</span> <span class='ocrx_word' id='word_1_481' title='bbox 1258 3353 1542 3393; x_wconf 92' lang='lat' dir='ltr'>monumenti</span> <span class='ocrx_word' id='word_1_482' title='bbox 1585 3353 1670 3393; x_wconf 87' lang='lat' dir='ltr'>allo</span> <span class='ocrx_word' id='word_1_483' title='bbox 1709 3352 1809 3393; x_wconf 89' lang='lat' dir='ltr'>loco</span> <span class='ocrx_word' id='word_1_484' title='bbox 1850 3364 1875 3392; x_wconf 92' lang='lat' dir='ltr'>a</span> <span class='ocrx_word' id='word_1_485' title='bbox 1906 3353 2070 3404; x_wconf 91' lang='lat' dir='ltr'>nepote</span> <span class='ocrx_word' id='word_1_486' title='bbox 2100 3350 2186 3390; x_wconf 88' lang='lat' dir='ltr'>An-</span> 
     </span>
     <span class='ocr_line' id='line_1_50' title="bbox 201 3421 950 3465; baseline 0.007 -6"><span class='ocrx_word' id='word_1_487' title='bbox 201 3421 355 3460; x_wconf 90' lang='lat' dir='ltr'>tiocho</span> <span class='ocrx_word' id='word_1_488' title='bbox 389 3421 584 3462; x_wconf 85' lang='lat' dir='ltr'>dedicati</span> <span class='ocrx_word' id='word_1_489' title='bbox 614 3422 755 3463; x_wconf 89' lang='lat' dir='ltr'>habes</span> <span class='ocrx_word' id='word_1_490' title='bbox 787 3434 829 3463; x_wconf 92' lang='lat' dir='ltr'>n.</span> <span class='ocrx_word' id='word_1_491' title='bbox 855 3426 950 3465; x_wconf 78' lang='lat'><strong>402.</strong></span> 
     </span>
    </p>
   </div>
   <div class='ocr_carea' id='block_1_16' title="bbox 2259 2774 2314 3970">
    <p class='ocr_par' dir='ltr' id='par_1_16' title="bbox 2259 2774 2314 3970">
     <span class='ocr_line' id='line_1_51' title="bbox 2259 2774 2314 3970; baseline 0 0"><span class='ocrx_word' id='word_1_492' title='bbox 2259 2774 2314 3970; x_wconf 95' lang='lat' dir='ltr'> </span> 
     </span>
    </p>
   </div>
  </div>
 </body>
</html>
