2314 3970
169 235 239 283 44
496 234 526 272 l.
573 232 721 283 Regna
750 229 1003 281 Alexandri,
1035 230 1260 281 Antigoni,
1291 229 1520 280 Demetrii,
1552 228 1822 280 Lysimachi.
2011 229 2043 280 [4
2057 231 2140 269 4-—

315 399 662 453 ’Βασίλισσανῑ
702 395 956 469 Ἀρσινόην
1020 397 1266 467 βασιλέως
1307 396 1313 467 Ι
1355 396 1670 466 Πτολεμαίου
1717 397 1801 450 καὶ
1856 398 2149 467 βασιλίσσης

316 485 617 557 Βερενίκης2
657 483 663 554 Ι
706 483 1010 554 Στρατονίκη
1053 483 1300 552 βασιλέως
1339 482 1628 553 Δημητρίου
1643 486 1679 534 3.

285 662 478 701 Litterae
515 659 725 709 volgares
766 657 946 708 praeter
988 656 1066 708 ΠΣ,
1108 655 1147 695 si
1189 654 1324 695 modo
1366 654 1639 707 apographis
1679 655 1790 696 fides
1830 655 2039 697 habenda
2068 658 2149 696 est.

172 737 187 772 4
237 732 368 783 Regis
399 741 563 771 nomen
594 730 639 769 in
669 727 818 779 regnis
850 737 966 779 quae
997 737 1052 767 ex
1082 726 1324 767 Alexandri
1355 726 1547 778 imperio
1588 728 1691 767 nata
1722 729 1861 779 erant,
1904 738 2037 768 nemo
2068 739 2151 767 un-

172 814 310 855 quam
341 802 479 854 gessit
515 800 603 840 nisi
634 799 713 850 qui
744 799 819 839 aut
853 798 980 838 solus
1011 799 1090 839 aut
1120 808 1227 838 cum
1258 797 1344 838 alio
1374 797 1639 849 imperaret;
1672 800 1718 838 at
1745 799 1924 850 reginae
1955 798 2150 851 appella·

170 876 340 915 tionem
371 883 460 913 non
488 869 626 911 modo
650 871 715 911 eis
736 869 1004 911 mulieribus
1028 869 1246 910 tributam
1278 879 1391 921 esse,
1423 879 1539 920 quae
1561 870 1639 909 aut
1660 869 1785 921 ipsae
1808 871 2046 921 regnarent
2074 871 2152 910 aut

171 956 329 996 regum
360 953 527 984 uxores
558 943 721 994 essent,
761 941 840 982 sed
871 940 1109 992 aliquando
1141 940 1278 981 etiam
1308 939 1487 980 filiabus
1518 949 1690 992 regum,
1730 941 1852 980 certe
1891 941 1936 981 in
1969 940 2152 992 Lagida-

170 1028 274 1057 rum
313 1017 457 1067 gente,
503 1014 785 1054 demonstrat
821 1011 982 1053 titulus
1013 1023 1054 1052 n.
1081 1015 1148 1065 56,
1176 1013 1228 1052 47
1248 1021 1368 1064 sqq.:
1414 1009 1493 1067 τὴν
1540 1008 1587 1066 ἐγ
1634 1008 1839 1066 βασιλέως
1882 1008 2150 1067 Πτολεμαίου

169 1086 241 1129 καὶ
269 1083 518 1142 βασιλίσσης
538 1081 786 1140 Βερενίκης,
819 1081 930 1126 θεῶν
950 1079 1211 1139 Εὐεργετῶν,
1242 1080 1529 1139 γεγενημένην
1552 1079 1764 1137 θυγατέρα
1794 1080 1867 1122 καὶ
1895 1079 2151 1136 ὀνομασθεῖ-

173 1172 246 1200 σαν
277 1154 523 1212 Βερενίκην,
562 1153 590 1211 ἢ
622 1154 696 1196 καὶ
726 1152 945 1210 βασίλισσα
975 1152 1135 1200 εὐθέως
1166 1151 1418 1211 ἀπεδείχθη.
1479 1153 1623 1201 Quem
1654 1154 1875 1195 honorem
1913 1154 1975 1194 illi
2007 1154 2152 1195 Ptole-

171 1231 289 1271 maei
319 1231 377 1270 111
408 1229 654 1280 Euergetae
684 1227 801 1268 filiae
831 1237 947 1279 quae
979 1237 1094 1267 anno
1127 1228 1209 1266 238
1231 1237 1269 1266 3.
1293 1225 1393 1266 Chr.
1424 1225 1568 1266 infans
1601 1225 1713 1266 obiit
1733 1227 1813 1266 aut
1833 1226 1911 1266 uni
1933 1227 2011 1266 aut
2032 1228 2153 1266 certe

170 1304 345 1355 primae
376 1301 592 1352 obtigisse
623 1309 769 1351 neque
799 1298 1059 1338 enuntiatur
1089 1297 1136 1337 in
1165 1296 1241 1338 illo
1272 1297 1406 1337 titulo
1437 1308 1584 1349 neque
1622 1297 1714 1338 ulla
1753 1298 1930 1338 ratione
1967 1297 2151 1349 probari

171 1375 333 1426 potest.
385 1374 529 1413 Immo
548 1372 585 1412 si
608 1370 971 1423 reputaverimus
991 1369 1214 1411 Arsinoen
1234 1368 1489 1410 Ptolemaeo
1510 1369 1615 1421 Lagi
1635 1369 1662 1410 f.
1691 1369 1887 1422 primam
1916 1380 1972 1410 ex
1998 1369 2153 1410 matri-

173 1445 328 1486 monio
369 1455 474 1484 cum
510 1443 722 1483 Berenice
770 1453 908 1493 quam
946 1441 1078 1481 unice
1120 1440 1334 1492 diligebat
1373 1440 1441 1493 (cf.
1474 1441 1659 1482 Theocr.
1691 1441 1824 1493 XVII,
1856 1444 1907 1482 34
1926 1452 1992 1492 sq.
2037 1440 2153 1481 Plut.

171 1517 328 1568 Pyrrh.
355 1518 399 1556 4:
443 1513 522 1569 τὴν
562 1513 608 1555 δὲ
638 1510 871 1569 Βερενίκην
913 1509 1022 1567 ὁρῶν
1064 1509 1260 1567 μέγιστον
1300 1509 1537 1567 δυναμένην
1574 1511 1649 1554 καὶ
1686 1511 1984 1569 πρωτεύουσαν
2025 1510 2156 1568 ἀρετῇ

170 1586 242 1628 καὶ
272 1584 475 1643 φρονήσει
502 1590 587 1626 τῶν
611 1582 880 1638 Πτολεμαίου
911 1588 1120 1640 γυναικῶν
1153 1583 1223 1624 311.
1255 1583 1311 1624 311
1340 1583 1382 1623 U.
1404 1583 1640 1624 Wilckeno
1671 1595 1741 1636 ap.
1762 1584 2155 1637 Pauly-Wissowa

171 1659 516 1710 Realencyklop.
549 1658 606 1696 111
638 1662 653 1696 4
693 1668 736 1709 p.
771 1655 866 1707 283)
898 1657 1051 1697 11313111
1091 1665 1203 1707 esse,
1250 1656 1290 1695 ei
1328 1656 1427 1695 tum
1469 1667 1575 1695 cum
1613 1657 1743 1708 pater
1779 1656 1955 1708 regium
1986 1667 2154 1698 nomen

172 1731 333 1772 ascivit
371 1732 449 1771 aut
486 1729 638 1781 paullo
677 1729 783 1780 post
813 1728 1051 1768 etiamtum
1083 1727 1245 1778 virgini
1276 1727 1456 1778 reginae
1495 1727 1847 1779 appellationem
1886 1729 2153 1780 impositam

171 1812 271 1843 esse
300 1802 565 1853 neutiquam
597 1798 860 1840 incredibile
890 1800 971 1851 est,
1012 1798 1280 1851 praesertim
1311 1809 1417 1839 cum
1458 1799 1504 1838 in
1541 1799 1673 1839 titulo
1709 1800 1950 1840 honorario
1983 1801 2154 1841 sororis

172 1875 270 1914 eius
301 1884 343 1914 n.
377 1875 444 1925 35,
477 1876 493 1912 4
533 1872 735 1923 legamus
775 1867 1018 1926 βασίλισσαν
1056 1867 1314 1925 Φιλωτέραν.
1376 1870 1587 1911 Ceterum
1626 1871 1758 1923 plane
1799 1872 1977 1922 gemina
2015 1872 2155 1911 huius

173 1945 460 1996 discriminis,
500 1943 627 1995 quod
661 1944 708 1983 in
746 1952 914 1983 vocum
955 1939 1151 1996 βασιλέυς
1188 1943 1233 1982 01
1272 1939 1492 1996 βασίλισσα
1527 1953 1616 1983 usu
1647 1942 1931 1995 observatur,
1973 1943 2049 1983 illa
2085 1945 2156 1983 est

172 2017 288 2058 ratio
321 2028 462 2068 quarn
493 2016 570 2055 Th.
592 2016 846 2056 Mommsen
875 2014 1003 2054 Rom.
1036 2012 1347 2054 Staatsrecht.3
1376 2014 1474 2066 11,2
1507 2025 1550 2066 p.
1585 2017 1658 2055 824
1683 2025 1796 2067 sqq.,
1835 2016 1956 2055 certe
1993 2015 2097 2055 inde
2129 2026 2155 2055 a

172 2088 416 2129 Domitiani
447 2087 655 2140 imperio,
697 2087 814 2126 inter
842 2082 1043 2140 Auyusti
1079 2087 1123 2125 et
1160 2082 1390 2139 Auyustae
1429 2086 1613 2126 nomina
1649 2086 1927 2127 intercedere
1967 2086 2154 2127 demon-

174 2159 347 2201 stravit.
408 2159 575 2198 Iniuria
614 2158 752 2209 igitur
787 2168 844 2198 ex
884 2157 971 2198 hoc
1001 2157 1225 2197 vocabulo
1265 2157 1542 2209 collegerunt
1580 2158 1788 2198 homines
1819 2157 1953 2210 docti,
1993 2169 2154 2199 monu-

172 2233 376 2272 mentum
409 2231 571 2281 utique
602 2241 691 2270 non
721 2230 825 2270 ante
855 2240 1023 2270 annum
1046 2231 1127 2269 299
1151 2241 1188 2269 a.
1213 2229 1314 2269 Chr.
1336 2240 1392 2281 n.,
1424 2240 1518 2281 quo
1548 2229 1623 2270 illa
1653 2230 1781 2282 prius
1812 2230 2155 2271 matrimonium

173 2314 280 2343 cum
312 2302 582 2354 Lysimacho
624 2311 728 2352 rege
758 2301 944 2353 iniisset,
986 2299 1243 2341 dedicatum
1275 2311 1387 2340 esse.
1535 2303 1559 2340 2
1599 2300 1788 2342 Arsinoe
1819 2302 1856 2341 11
1899 2302 2154 2343 Ptolemaeo

174 2375 279 2425 Lagi
309 2373 335 2413 f.
369 2385 423 2413 ex
454 2373 666 2413 Berenice
696 2373 800 2413 nata
830 2374 898 2412 est
930 2373 1009 2412 aut
1039 2383 1155 2412 anno
1189 2374 1269 2412 346
1301 2384 1339 2412 3.
1373 2372 1473 2412 Chr.
1506 2374 1586 2412 aut
1614 2373 1766 2424 paullo
1802 2374 1907 2425 post
1937 2373 2156 2426 (Droysen

174 2446 332 2485 Gesch.
364 2444 443 2485 des
474 2444 772 2484 Hellenismus
803 2444 854 2496 11,
889 2446 913 2483 2
945 2454 989 2495 p.
1021 2446 1102 2483 236
1135 2445 1225 2484 not.
1260 2445 1297 2484 2.
1357 2443 1401 2483 U.
1424 2443 1629 2484 Wilcken
1659 2455 1728 2496 ap.
1762 2444 2156 2496 Pauly-Wissowa

172 2515 609 2568 Realencyklop'adie
638 2516 675 2554 ΙΙ
706 2518 721 2554 4
766 2526 809 2567 p.
834 2514 973 2566 4282).
1034 2513 1134 2562 Quo
1174 2516 1383 2567 tempore
1420 2515 1533 2556 haec
1572 2516 1720 2556 statua
1759 2517 1800 2556 ei
1836 2516 1984 2568 posita
2021 2518 2155 2569 esset,

174 2589 440 2639 Droysenus
471 2597 633 2638 magna
664 2587 905 2638 sagacitate
925 2586 1162 2627 enucleare
1185 2586 1379 2638 studuit;
1413 2598 1465 2627 ac
1495 2597 1577 2639 per
1597 2588 1875 2628 matrimonii
1901 2599 2007 2628 cum
2027 2589 2155 2640 Lysi-

176 2659 326 2700 machi
357 2660 564 2710 tempora
596 2657 829 2707 (299-284
871 2669 908 2698 3.
932 2657 1047 2708 Chr.)
1088 2658 1134 2698 id
1174 2658 1271 2698 fieri
1312 2660 1516 2711 potuisse
1555 2662 1700 2712 negat,
1741 2660 1802 2699 ita
1839 2662 1892 2700 ut
1930 2662 2009 2700 aut
2039 2672 2155 2700 anno

176 2734 256 2771 280
291 2742 329 2771 3.
359 2730 459 2770 Chr.
492 2731 570 2787 3111
599 2731 704 2781 post
735 2729 928 2769 alterum
958 2729 1303 2770 matrimonium
1342 2740 1446 2770 cum
1487 2730 1624 2771 fratre
1655 2741 1868 2782 germano
1899 2732 2155 2773 Ptolemaeo

174 2801 463 2853 Philadelpho
502 2801 664 2841 initum
697 2800 762 2851 (27
773 2803 793 2839 4
817 2812 854 2840 3.
879 2800 994 2852 Chr„
1027 2800 1079 2840 cf.
1101 2811 1143 2840 n.
1167 2803 1219 2840 27
1231 2799 1277 2853 3),
1319 2801 1365 2841 id
1396 2801 1519 2852 quod
1550 2801 1679 2853 longe
1710 2802 1993 2854 probabilius
2023 2805 2155 2855 esset,

177 2875 372 2913 statuam
405 2874 601 2912 erectam
639 2882 737 2912 esse
779 2874 1029 2924 appareret.
1082 2871 1177 2919 Qua
1208 2872 1254 2912 in
1285 2883 1333 2912 re
1363 2873 1562 2913 rationes
1591 2884 1707 2924 quae
1738 2885 1819 2926 per
1854 2874 1929 2914 illa
1950 2876 2156 2927 tempora

175 2945 290 2983 inter
320 2943 482 2983 harum
513 2943 772 2993 reginarum
804 2943 991 2983 maritos
1022 2943 1375 2983 intercesserunt
1405 2945 1617 2996 respexit,
1660 2944 1739 2985 sed
1777 2945 1909 2996 plane
1947 2946 2155 2998 neglexit,

176 3014 301 3066 quod
330 3016 376 3055 in
406 3014 550 3066 ipsius
582 3013 636 3054 de
667 3015 811 3054 aetate
842 3015 1123 3054 monumenti
1153 3015 1373 3055 sententia
1402 3016 1656 3066 permirum
1687 3027 1786 3056 esse
1818 3016 2024 3068 debebat,
2062 3029 2156 3058 ma-

177 3087 377 3127 trimonii
415 3086 584 3126 nullam
624 3085 698 3125 hic
738 3085 1017 3125 mentionem
1047 3085 1157 3126 fieri.
1225 3085 1355 3133 Quod
1384 3088 1435 3125 ut
1465 3087 1510 3126 in
1544 3087 1732 3129 Arsinoe
1763 3088 1826 3128 ita
1857 3087 2047 3128 fortasse
2078 3099 2154 3129 ex-

176 3158 335 3210 plicari
365 3159 529 3209 potest,
569 3158 621 3197 ut
652 3156 799 3197 medio
831 3157 1025 3209 tempori
1057 3157 1173 3196 inter
1202 3157 1460 3209 Lysimachi
1499 3168 1656 3198 necem
1695 3160 1740 3198 et
1778 3159 1939 3200 alteras
1978 3160 2157 3211 reginae

179 3229 358 3281 nuptias
387 3228 548 3269 titulus
577 3228 834 3269 vindicetur
861 3251 919 3256 —
949 3239 1227 3280 quamquam
1258 3229 1346 3280 ipsi
1366 3229 1601 3281 Droyseno
1633 3231 1817 3282 quidem
1848 3232 1935 3271 hoc
1965 3231 2156 3271 incredi-

178 3299 268 3340 bile
298 3299 479 3339 videtur
508 3322 564 3329 —-
594 3300 657 3340 ita
697 3301 743 3340 in
773 3301 1022 3341 Stratonice
1054 3299 1157 3351 (not.
1183 3299 1219 3351 3)
1262 3300 1428 3340 nullam
1463 3300 1599 3341 habet
1639 3301 1922 3353 probabilem
1961 3302 2155 3354 explica-

179 3371 362 3411 tionem.
431 3370 577 3417 Quare
616 3371 767 3412 nullus
817 3371 990 3424 dubito,
1035 3372 1145 3423 quin
1186 3371 1339 3423 paullo
1380 3373 1481 3412 ante
1513 3383 1679 3413 annum
1703 3376 1784 3413 299
1819 3385 1856 3414 a.
1881 3373 1996 3425 Chr„
2032 3376 2156 3414 utra-

180 3453 268 3494 que
314 3441 464 3482 adulta
510 3442 694 3493 quidem
741 3443 820 3483 sed
866 3443 1067 3484 nondum
1107 3444 1262 3495 nupta,
1316 3443 1474 3484 titulus
1514 3443 1747 3485 dedicatus
1791 3445 1848 3485 sit
1887 3443 1953 3495 (ci'.
1986 3446 2078 3485 not.
2103 3445 2154 3496 4).

182 3516 204 3551 3
249 3513 496 3552 Stratonice
536 3514 751 3554 Demetrii
792 3514 1066 3555 Poliorcetae
1103 3525 1158 3555 ex
1197 3514 1320 3555 Phila
1357 3514 1459 3567 filia,
1509 3527 1624 3556 anno
1663 3518 1716 3556 ut
1753 3515 1935 3567 quidem
1977 3515 2156 3556 videtur

183 3584 403 3635 (Droysen
442 3583 597 3624 Gesch.
638 3584 716 3625 des
755 3585 1052 3626 Hellenismus
1083 3587 1134 3638 11,
1164 3590 1187 3625 2
1236 3597 1279 3638 p.
1313 3589 1394 3626 238
1433 3588 1523 3627 1101.
1560 3587 1596 3637 4)
1645 3590 1725 3627 299
1759 3598 1796 3627 a.
1828 3586 1927 3626 Chr.
1970 3586 2155 3627 Seleuco

180 3656 334 3707 nupsit
366 3654 489 3706 (Plut.
518 3655 711 3695 Demetr.
747 3657 811 3707 34)
823 3667 833 3707 ;
873 3659 1031 3708 postea
1062 3658 1100 3698 is
1132 3659 1230 3698 eius
1261 3658 1549 3698 matrimonio
1590 3659 1724 3699 cessit
1764 3657 1855 3698 filio
1886 3657 2106 3698 Antiocho
2139 3657 2156 3696 Ι
