2314 3970
170 203 274 253 656

855 199 1069 241 Addenda
1099 201 1144 240 et
1175 199 1460 252 Corrigenda.

282 375 337 416 de
369 386 482 416 corr.
517 374 624 414 Hell.
657 373 798 414 XXVI
831 385 871 426 p.
907 377 987 415 455
1034 386 1074 414 n.
1106 378 1142 427 5,
1177 377 1215 415 2.
1268 385 1310 427 p.
1346 377 1427 415 456
1460 386 1500 415 n.
1534 379 1571 428 6,
1596 377 1635 416 2.
1668 375 1720 428 3),
1763 375 1889 428 quod
1920 377 2154 428 praeterea

283 458 508 499 nusquam
540 448 764 487 terrarum
799 448 1045 499 comparet.
1107 445 1235 494 Quod
1266 446 1323 487 ad
1353 447 1612 499 exemplum
1645 447 1965 489 Boeoticorum
1995 442 2155 504 Ἀκραι-

281 517 412 575 φιεύς,
447 515 664 571 Gentem,
699 514 888 573 Θισβεύς,
922 514 1162 574 Κορωνεύς,
1195 513 1423 573 Λεβαδεύς,
1466 515 1724 576 Χαιρωνεύς,
1756 516 1965 575 Χορσιεύς
1996 519 2153 561 fictum

282 602 380 631 esse
412 591 649 631 verissime
681 590 946 631 observavit
966 590 1196 643 Holleaux,
1229 590 1306 631 sed
1330 590 1453 643 quod
1486 590 1530 632 id
1562 592 1720 632 aetatis
1751 591 1966 633 indicium
2001 593 2155 634 existi-

281 664 388 716 mat,
433 663 539 714 quia
587 662 826 703 Philetaeri
871 663 992 704 illius
1031 663 1206 715 antiqui
1248 664 1393 704 aetate
1442 663 1680 704 etiamtum
1728 675 1878 705 errare
1923 664 2156 717 potuerint

281 735 578 787 Thespienses
610 735 664 776 de
702 735 897 788 genuina
927 735 1095 776 ethnici
1126 735 1283 788 forma,
1324 735 1542 776 Eumenis
1573 735 1610 775 II
1641 747 1749 778 vero
1788 747 1925 788 regno
1967 738 2156 790 propter

278 807 500 859 insignem
534 818 686 848 rerum
720 809 1100 860 pergamenarum
1141 808 1301 848 florem
1341 819 1394 848 ea
1433 818 1762 861 usquequaque
1795 808 2007 850 omnibus
2049 810 2152 850 nota

278 879 426 932 fuerit,
467 890 643 932 nequeo
684 891 790 920 cum
832 891 885 920 eo
929 879 1087 921 facere.
1147 879 1262 922 Nam
1305 892 1395 921 non
1434 880 1786 933 Thespiensibus
1825 883 2010 934 accepta
2049 881 2155 922 ferri

279 951 445 992 debent
475 952 559 993 hae
598 952 929 1005 inscriptiones,
969 952 1049 994 sed
1080 953 1357 1005 Philetaero;
1401 953 1439 993 is
1471 953 1609 1005 igitur
1639 953 1727 994 hoc
1757 964 1942 1006 quoque
1972 955 2154 995 nomine

280 1034 328 1064 se
367 1024 551 1065 illorum
594 1025 710 1066 mori
749 1036 802 1066 ac
839 1026 1036 1066 sermoni
1070 1024 1419 1066 accommodare
1458 1024 1684 1079 studebat,
1727 1036 1779 1067 ac
1818 1026 2015 1066 maxime
2054 1026 2154 1078 qui-

279 1096 383 1136 dem
414 1108 521 1138 vere
543 1097 766 1138 Graecum
799 1108 846 1138 se
869 1097 1106 1150 praebere;
1141 1109 1244 1138 nam
1269 1097 1447 1139 ethnica
1470 1098 1515 1138 in
1546 1096 1670 1154 -ηνός
1702 1097 1920 1151 cadentia,
1952 1097 2154 1139 inaudita

280 1168 356 1209 illa
386 1168 571 1221 quidem
603 1169 648 1210 in
681 1169 867 1211 Graecia
898 1170 1097 1222 antiqua,
1138 1180 1319 1222 semper
1350 1169 1533 1227 barbari
1573 1169 1744 1222 aliquid
1775 1169 1943 1211 habere
1974 1170 2154 1211 Graecis

278 1240 564 1282 videbantur.
627 1240 687 1282 Cf.
727 1242 877 1294 Steph.
910 1242 1015 1294 ByZ.
1047 1236 1287 1298 Ἀβασηνοὶ·
1328 1239 1349 1284 ὁ
1380 1239 1512 1288 τύπος
1551 1239 1648 1291 ὀξὺς
1685 1239 1759 1283 καὶ
1797 1239 2026 1301 ἐπιχώριος
2060 1245 2153 1289 τοῖς

277 1307 466 1368 Ἄραψιν.
517 1307 768 1369 Ἀγβάτανα·
811 1308 1127 1370 Ἀγβατανηνός,
1165 1317 1256 1360 τοῖς
1286 1311 1468 1368 Πέρσαις
1509 1313 1587 1371 γὰρ
1631 1311 1821 1371 συνήθης
1855 1313 1876 1356 ὁ
1907 1312 2050 1361 τύπος.
2095 1337 2154 1344 -

276 1378 390 1427 ’καθ’
419 1376 691 1440 Ἕλληνας
723 1383 778 1426 δὲ
809 1379 1173 1441 Ἀγβατανεύς.
1236 1380 1425 1441 Νίσιβις·
1468 1383 1515 1427 τὸ
1559 1383 1726 1428 ἐθνικὸν
1766 1381 2014 1443 Νισιβηνός.
2068 1382 2154 1427 ἔδει

276 1452 510 1512 Νισιβίτης,
543 1451 632 1498 ἀλλ’
661 1455 682 1498 ὁ
713 1455 845 1503 τύπος
878 1453 1111 1515 Αἰγύπτιος
1139 1456 1213 1499 καὶ
1244 1455 1390 1513 Λίβυς,
1425 1456 1446 1499 ὁ
1479 1456 1526 1499 δὲ
1557 1456 1625 1499 διὰ
1653 1460 1729 1500 τοῦ
1761 1456 1883 1514 ·ηνός
1925 1457 2040 1513 παρὰ
2079 1456 2153 1499 τὸν

277 1524 507 1585 Εὐφράτην
540 1527 612 1569 καὶ
642 1527 719 1584 τὴν
754 1526 825 1583 ἕω,
866 1529 924 1575 ὡς
957 1525 1180 1587 Σωφηνός,
1212 1526 1423 1586 Ταβηνός,
1459 1525 1764 1586 Καμβυσηνός.
1827 1530 1957 1578 Quod
1995 1531 2033 1571 si
2064 1530 2154 1570 hoc

278 1602 399 1642 recte
444 1601 813 1643 animadversum
858 1603 939 1655 est,
994 1604 1115 1643 certe
1161 1603 1277 1644 hanc
1323 1602 1480 1644 Graeci
1525 1614 1579 1644 ac
1628 1603 1920 1656 potissimum
1969 1602 2154 1655 quidem

275 1675 478 1716 Boeotici
522 1675 663 1716 moris
713 1673 1048 1716 affectationem
1096 1675 1218 1716 haud
1265 1675 1431 1717 iniuria
1477 1675 1647 1717 dixeris
1691 1686 1835 1728 aeque
1884 1676 1928 1716 in
1974 1676 2153 1716 utrum-

278 1758 366 1799 que
398 1747 701 1788 Philetaerum
741 1747 915 1788 cadere.
978 1749 1090 1789 Item
1130 1759 1213 1801 per
1248 1759 1296 1788 se
1327 1748 1568 1790 verissima
1605 1750 1675 1789 est
1702 1748 1958 1789 Holleauxii
1999 1747 2155 1788 obser-

277 1820 414 1873 vatio,
455 1820 640 1860 omnino
679 1821 840 1861 contra
882 1831 1056 1860 morem
1100 1831 1259 1872 regum
1298 1821 1343 1861 et
1373 1821 1631 1874 principum
1662 1821 1737 1862 hic
1773 1820 1878 1862 addi
1906 1820 2152 1861 ethnicum.

278 1891 407 1940 Quod
439 1892 547 1933 alibi
578 1903 670 1934 non
701 1892 764 1945 fit,
797 1893 842 1933 et
872 1892 995 1933 rect'e
1026 1893 1227 1946 quidem.
1287 1893 1401 1935 Nam
1441 1905 1677 1947 nunquam
1708 1894 2023 1946 Pergamenos,
2063 1893 2091 1933 i.
2114 1903 2152 1933 e.

278 1965 402 2006 cives
445 1964 601 2017 oppidi
640 1965 844 2016 Pergami
884 1964 1024 2005 fuisse
1059 1964 1279 2007 Attalidas
1328 1966 1532 2007 omnium
1579 1966 1887 2007 certissimum
1927 1966 2008 2007 est.
2069 1964 2155 2006 Sed

276 2037 363 2078 hoc
409 2037 594 2089 quidem
641 2048 783 2089 aeque
828 2038 874 2077 in
919 2038 1168 2090 utrumque
1209 2038 1512 2079 Philetaerum
1555 2038 1698 2090 cadit;
1745 2040 1790 2079 at
1827 2038 1989 2079 tertius
2034 2038 2153 2089 regis

275 2108 411 2149 Attali
442 2110 458 2148 Ι
490 2109 610 2149 filius
641 2110 762 2150 certe
791 2110 995 2161 Pergami
1026 2111 1159 2150 natus
1190 2111 1235 2150 et
1265 2110 1500 2164 educatus,
1533 2123 1559 2152 a
1588 2111 1738 2163 prima
1769 2110 1964 2163 pueritia
1996 2110 2153 2150 arctis-

277 2182 392 2222 sima
423 2181 756 2222 necessitudine
796 2192 901 2221 cum
935 2182 1315 2233 Pergamenorum
1358 2183 1544 2223 civitate
1583 2183 1853 2223 coniunctus
1894 2182 2003 2235 erat,
2045 2193 2149 2222 cum

275 2254 348 2294 ille
393 2254 630 2294 eunuchus
676 2264 731 2294 ex
770 2254 917 2294 Ponto
965 2253 1185 2295 oriundus
1223 2256 1443 2307 provecta
1481 2254 1669 2295 demum
1709 2255 1854 2296 aetate
1894 2254 2153 2307 Lysimachi

276 2327 491 2379 auspiciis
524 2326 615 2367 arci
646 2326 1028 2379 Pergamenorum
1063 2326 1317 2380 praefectus
1349 2328 1395 2368 et
1429 2328 1537 2380 post
1567 2327 1665 2368 eius
1697 2328 1894 2368 mortem
1926 2326 2040 2367 urbe
2071 2337 2152 2379 po-

275 2400 385 2440 titus
417 2399 488 2439 sit.
549 2398 697 2446 Quare
739 2410 820 2451 ego
852 2399 1038 2452 quidem
1068 2399 1212 2440 multo
1249 2399 1392 2452 magis
1424 2400 1566 2440 miror
1597 2399 1818 2441 maiorem
1847 2399 2150 2439 Philetaerum

274 2472 318 2511 in
340 2471 475 2511 titulo
499 2470 777 2512 dedicatorio
802 2482 850 2512 se
871 2472 1198 2524 Pergamenum
1222 2471 1403 2526 dixisse,
1426 2483 1564 2524 quam
1593 2472 1829 2513 minorem.
1884 2471 2042 2523 Utique
2063 2470 2151 2511 hoc

276 2555 459 2596 quoque
492 2544 545 2585 ad
579 2554 821 2596 personam
853 2544 1034 2585 civilem
1065 2545 1111 2584 et
1141 2555 1248 2585 vere
1280 2545 1510 2598 Graecam,
1543 2556 1679 2597 quam
1713 2545 1874 2585 auctor
1904 2542 2150 2584 dedicatio-

274 2616 344 2656 nis
383 2616 438 2656 de
476 2615 701 2657 industria
738 2616 896 2667 induit,
937 2616 1246 2658 revocandum
1285 2618 1366 2658 est.
1428 2617 1760 2658 Gravissimum
1791 2615 2040 2657 Holleauxii
2079 2626 2148 2655 ar-

276 2689 543 2740 gumentum
577 2689 672 2729 sIne
705 2688 844 2730 dubio
876 2690 946 2729 est
976 2689 1094 2741 regis
1127 2689 1368 2742 appellatio
1400 2690 1445 2730 in
1477 2689 1605 2742 patre
1635 2688 1784 2730 Attalo
1817 2682 1999 2730 omissa.
2049 2685 2150 2728 Non

274 2760 330 2801 ab
374 2760 588 2801 omnibus
628 2760 837 2813 partibus
879 2771 985 2801 sane
1023 2760 1182 2801 eadem
1222 2761 1426 2803 condicio
1459 2763 1529 2802 est
1558 2761 1762 2802 laterculi
1801 2759 1937 2801 Attici
1977 2759 2022 2800 ln
2057 2769 2148 2811 quo

275 2833 474 2873 victores
497 2833 796 2874 certaminum
820 2833 1073 2874 currulium
1096 2835 1389 2874 recensentur
1413 2828 1613 2880 Ἄτταλος
1637 2831 1857 2888 βασιλέ[ως
1877 2827 2106 2884 Ἀττάλου,]
2141 2827 2146 2884 Ι

277 2902 471 2959 βασιλεὺς
514 2900 723 2960 Εὐμ[ένης
765 2902 971 2960 βασιλέως
1002 2899 1230 2958 Ἀττάλου,]
1264 2902 1271 2962 Ι
1305 2902 1585 2962 Φιλέται[ρ]ος
1625 2903 1849 2960 βα[σιλέως
1878 2898 2105 2957 Ἀττάλου,]
2139 2900 2144 2958 Ι

273 2971 495 3032 Ἀθήναιος
527 2974 751 3031 [βασιλέως
781 2971 992 3029 Ἀττάλου]
1025 2977 1083 3028 (C.
1106 2978 1136 3018 Ι.
1159 2976 1247 3018 Att.
1271 2978 1322 3031 II,
1347 2981 1430 3019 966
1447 2975 1499 3031 Β,
1523 2977 1720 3029 29-35).
1770 2976 1884 3019 Nam
1907 2977 2020 3017 haec
2049 2975 2149 3028 qui-

275 3049 378 3089 dem
425 3048 481 3089 ab
522 3048 866 3090 Atheniensium
913 3049 1084 3102 populo
1131 3050 1349 3102 inscripta
1395 3051 1514 3104 sunt,
1559 3061 1695 3103 quem
1743 3050 1912 3102 regiam
1958 3048 2148 3101 stirpem

274 3132 433 3161 eorum
464 3122 543 3173 qui
573 3121 694 3174 apud
726 3122 850 3174 ipsos
881 3122 1084 3163 vicerant
1114 3122 1290 3163 silentio
1322 3133 1532 3175 premere
1563 3122 1764 3164 noluisse
1795 3122 2149 3163 consentaneum

274 3195 356 3246 est,
388 3194 498 3234 illud
530 3193 587 3234 ab
618 3194 718 3246 ipso
752 3194 1017 3248 Philetaero,
1051 3206 1188 3248 quem
1220 3195 1324 3247 quis
1356 3195 1552 3236 coniciat
1583 3195 1759 3247 regium
1791 3205 1957 3235 nomen
1987 3193 2147 3234 eodem

274 3265 462 3306 consilio
495 3266 718 3319 omisisse,
749 3278 840 3318 quo
873 3266 1058 3307 adderet
1094 3267 1340 3307 ethnicum.
1402 3267 1487 3307 Sed
1518 3268 1669 3308 tamen
1707 3266 1851 3307 multo
1893 3265 2147 3318 simplicius

275 3339 320 3377 et
349 3337 636 3390 probabilius
668 3349 767 3379 esse
799 3338 969 3379 nudam
1000 3339 1351 3391 appellationem
1383 3334 1620 3395 Φιλέτηρος
1640 3333 1822 3381 Ἀττάλω
1853 3338 1928 3379 hic
1958 3339 2010 3378 ut
2041 3336 2148 3378 alibi

274 3409 329 3449 de
361 3410 533 3451 maiore
567 3411 720 3462 potius
752 3411 1001 3451 Philetaero
1034 3412 1238 3464 accipere
1269 3422 1358 3452 non
1390 3421 1520 3463 nego.

162 3479 204 3519 P.
232 3483 309 3520 492
343 3493 383 3521 n.
410 3485 490 3522 349
523 3484 616 3523 not.
641 3485 707 3523 42.
769 3482 899 3530 Quod
936 3483 1071 3524 Attali
1102 3483 1158 3522 111
1189 3483 1511 3524 Philometoris
1555 3483 1652 3535 lege
1697 3482 1882 3535 quidem
1914 3482 2144 3534 patruum,

275 3553 355 3593 sed
386 3555 547 3595 natura
578 3553 771 3595 fortasse
802 3556 979 3607 patrem
1010 3555 1150 3596 fuisse
1180 3555 1273 3596 dixi
1303 3554 1503 3596 Attalum
1535 3555 1572 3595 11
1603 3554 1961 3607 Philadelphum,
2002 3553 2048 3594 id
2079 3553 2145 3593 ni-

274 3623 386 3664 titur
435 3626 478 3667 F.
518 3625 684 3679 Koppii
734 3627 859 3678 (Mus.
903 3627 1039 3668 Rhen.
1089 3627 1277 3680 XLVIII,
1319 3629 1402 3668 454
1428 3627 1541 3680 sqq.)
1601 3628 1877 3680 coniectura,
1928 3636 2045 3679 quae
2093 3625 2146 3665 ut

275 3695 319 3736 U.
351 3696 602 3738 Wilckenio
645 3698 729 3751 (ap.
762 3699 1155 3751 Pauly-Wissowa
1189 3699 1623 3752 Realencyklopadie
1654 3700 1704 3752 II,
1731 3702 1753 3737 2
1793 3710 1836 3752 p.
1859 3701 1986 3740 2470.
2019 3695 2146 3748 2⁴75)
