2314 3970
283 215 384 268 162
958 217 1009 258 ll.
1054 216 1254 269 Regnum
1286 217 1565 270 Lagidarum.
2178 219 2245 273 [90

422 390 536 458 τῶν]
577 387 585 460 Ι
627 388 889 459 ἱε-;(ρ)ῶν118
923 387 1011 441 καὶ
1047 389 1351 460 καθιδρῦσαι
1377 389 1429 442 ἐν
1454 390 1555 450 τοῖς
1582 390 1779 451 ἀδύτοις
1807 387 1933 461 μετὰ
1960 394 2055 444 τῶν
2083 390 2247 445 ἄλλων

420 483 571 544 ναῶν,
619 473 703 527 καὶ
749 477 801 528 ἐν
839 475 948 535 ταῖς
987 473 1232 546 μεγάλαις
1276 476 1629 547 πανηγύρεσιν,
1675 478 1727 530 ἐν
1776 477 1856 538 αἶς
1900 479 2115 537 ἐξοδεῖαι
2151 483 2247 532 τῶν

420 566 551 615 ναῶν
590 561 822 632 γίνονται,
869 559 954 615 καὶ
1000 561 1083 616 τὸν
1121 566 1207 616 τοῦ
1251 563 1375 616 θεοῦ
1409 559 1713 635 Ἐπιφανοῦς
1751 563 2084 636 Εό[χαρίστου
2128 565 2247 619 ναὸν

420 648 890 717 συνε]Ιξοδεύειν119·
949 652 1084 709 ὅπως
1122 648 1166 703 δ’
1194 649 1413 721 εὔσημος
1449 650 1506 721 ἧι
1541 654 1624 704 νῦν
1663 671 1716 705 τε
1748 651 1834 704 καὶ
1871 654 1941 711 εἰς
1967 651 2049 705 τὸν
2076 651 2249 706 ἔπειτα

418 738 613 807 χρόνον,
660 736 948 789 ἐπικεῖσθαι
992 740 1084 790 τῶι
1127 739 1257 790 ναῶι
1299 734 1390 796 τὰς
1434 740 1521 790 τοῦ
1568 738 1815 808 βασιλέως
1868 743 2061 810 χρυσᾶς
2109 741 2250 811 βασι-

417 822 553 883 λείας
569 825 636 860 120
691 824 815 876 δέκα
871 822 951 883 αἷς
1006 823 1356 895 προσκείσεται
1412 823 1559 884 ἀσπίς
1573 826 1656 894 121,
1720 823 1972 896 [καθάπερ
2027 825 2114 879 καὶ
2169 826 2250 879 ἐπὶ

415 911 607 979 πασῶν]
659 910 664 980 Ι
712 913 809 964 τῶν
867 910 1198 964 ἀσπιδοειδῶν
1216 912 1283 947 122
1333 912 1599 982 βασιλειῶν
1643 915 1739 965 τῶν
1795 911 1876 966 ἐπὶ
1929 915 2025 966 τῶν
2083 911 2248 967 ἄλλων

418 1001 577 1050 ναῶν·
635 996 776 1050 ἔσται
832 993 876 1049 δ’
922 997 1084 1050 αὐτῶν
1135 999 1186 1050 ἐν
1236 999 1329 1051 τῶι
1386 997 1546 1067 μέσωι
1597 1000 1631 1068 ἡ
1681 998 1964 1069 καλουμένη
2018 998 2249 1071 βασιλεία

272 1173 616 1226 relinquendum
634 1174 716 1214 est.
756 1171 871 1214 Nam
892 1172 1118 1213 Letronnii
1139 1172 1254 1213 ratio
1274 1172 1362 1214 hoc
1381 1171 1673 1225 praeferentis
1694 1173 1802 1226 quia
1821 1173 1950 1214 aliter
1970 1174 2150 1215 inverso
2175 1186 2249 1216 or-

271 1245 376 1286 dine
404 1248 585 1304 χροσοῦν
607 1243 705 1286 ναὸν
736 1244 978 1285 dicendum
1007 1243 1142 1284 fuerit
1162 1246 1212 1285 ut
1232 1244 1354 1297 apud
1374 1244 1626 1286 Diodorum
1647 1246 1678 1299 Ι,
1702 1248 1771 1299 45,
1793 1249 1817 1287 5
1848 1243 2074 1303 ἀγάλματά
2101 1260 2147 1287 τε
2176 1246 2250 1289 καὶ

269 1321 454 1375 χρυσοῦς
483 1315 623 1371 ναούς,
655 1317 823 1358 nemini
852 1315 1127 1369 probabitur
1157 1317 1236 1369 qui
1266 1317 1460 1369 ingentis
1490 1317 1730 1358 titulorum
1759 1317 2062 1359 multitudinis
2092 1320 2250 1360 memi-

271 1391 388 1431 nerit
407 1391 453 1431 in
474 1389 642 1443 quibus
673 1386 879 1445 στέφανος
907 1390 1091 1447 χρυσοῦς
1120 1390 1199 1429 aut
1228 1387 1357 1430 εἰκὼν
1386 1386 1528 1445 χαλκῆ
1560 1392 1963 1443 commemoretur;
1996 1391 2106 1443 quid
2126 1391 2250 1444 quod

271 1463 392 1516 apud
421 1462 670 1503 Diodorum
701 1462 855 1515 ipsum
885 1461 1037 1514 paullo
1069 1471 1208 1514 supra
1239 1460 1277 1512 (ἓ
1302 1461 1338 1513 4)
1369 1460 1496 1508 ναοὺς
1522 1464 1705 1519 χρυσοῦς
1735 1462 1911 1516 legitur.
1962 1464 2010 1504 In
2042 1464 2250 1505 versione

271 1535 494 1577 demotica
525 1534 580 1576 ad
611 1533 768 1576 aedem
799 1533 936 1574 modo
967 1532 1123 1574 referri
1152 1533 1332 1574 videtur
1362 1534 1651 1576 adiectivum.
1701 1535 1831 1576 Certe
1851 1535 1963 1576 Hess
1992 1547 2036 1588 p.
2059 1538 2112 1576 28
2144 1536 2250 1589 legit

268 1602 375 1650 nub'
391 1619 454 1662 ,φα
498 1608 526 1648 i.
559 1618 596 1647 e.
637 1605 863 1647 aediculas
905 1616 1077 1647 aureas.
1137 1605 1300 1658 Utique
1340 1607 1385 1646 et
1422 1607 1468 1647 in
1506 1606 1639 1647 titulo
1682 1592 1728 1647 et
1757 1606 1879 1660 apud
1914 1606 2162 1648 Diodorum
2204 1610 2249 1650 et

271 1680 510 1721 Clementis
541 1678 830 1719 Alexandrini
860 1678 962 1718 loco
995 1687 1132 1730 quem
1163 1678 1255 1718 not.
1279 1680 1361 1717 449
1393 1676 1592 1732 afferam,
1623 1689 1712 1720 usu
1743 1679 1894 1720 minus
1924 1681 2140 1720 accurato
2169 1679 2248 1721 sed

270 1764 363 1793 non
392 1751 662 1803 infrequenti
691 1752 829 1808 χρυσᾶ
868 1749 1081 1791 dicuntur
1111 1760 1228 1802 quae
1265 1750 1449 1803 proprie
1479 1747 1687 1809 ἐπίχρυσα
1723 1751 1795 1792 vel
1833 1749 2249 1809 κατακεχρυσωμέναι

269 1823 458 1865 dicenda
482 1823 679 1864 fuerunt.
825 1825 908 1862 448
950 1822 1118 1863 ΙΕΙΩΝ.
1278 1825 1360 1863 449
1391 1822 1605 1864 Aedicula
1634 1833 1739 1864 cum
1770 1824 1922 1865 statua
1951 1823 1998 1864 in
2027 1834 2079 1865 ea
2108 1823 2247 1865 collo-

269 1898 371 1938 cata
400 1894 718 1937 circumfertur
738 1894 784 1934 in
805 1904 988 1947 pompa.
1047 1893 1109 1935 Cf.
1142 1893 1347 1935 Clemens
1376 1894 1500 1936 Alex.
1522 1895 1688 1936 Strom.
1709 1894 1761 1948 V,
1785 1898 1823 1950 7,
1849 1898 1900 1936 44
1930 1906 1974 1949 p.
1999 1898 2072 1936 674
2111 1896 2246 1937 Pott.:

269 1966 312 2010 ἐν
343 1971 436 2015 ταῖς
466 1964 753 2022 καλουμέναις
783 1959 875 2021 παρ’
901 1961 1147 2022 Αἰγυπτίοις
1177 1963 1412 2021 κωμασίαις
1450 1971 1535 2008 τῶν
1565 1964 1677 2009 θεῶν
1707 1970 1847 2025 χρυσᾶ
1874 1964 2102 2024 ἀγάλματα
2131 1981 2247 2024 περι-

269 2038 481 2097 φέρουσιν.
642 2042 723 2079 420
764 2038 825 2079 Cf.
857 2050 899 2079 n.
923 2036 1053 2079 56112.
1111 2037 1276 2079 Decem
1308 2039 1533 2080 eiusmodi
1563 2039 1755 2092 insignia
1785 2039 1859 2080 hic
1890 2050 2096 2081 summae
2125 2039 2245 2081 aedi-

268 2113 398 2154 culae
428 2112 601 2165 imponi
631 2110 858 2153 iubentur.
910 2109 995 2158 Qui
1027 2121 1245 2152 numerus
1276 2122 1301 2152 a
1320 2111 1583 2152 Drumanno
1615 2113 1658 2152 et
1679 2112 1922 2153 Letronnio
1951 2111 2247 2165 probabiliter

268 2184 459 2225 refertur
496 2183 552 2224 ad
588 2185 732 2224 terras
773 2193 889 2235 quae
918 2182 1174 2223 Ptolemaeo
1205 2182 1437 2235 parebant.
1497 2183 1771 2237 Aegyptum,
1813 2183 2016 2237 Libyam,
2055 2184 2245 2238 Syriam,
2313 2195 2314 2200 ¹

268 2256 534 2308 Phoenicen,
577 2255 794 2308 Cyprum,
834 2254 1032 2307 Lyciam,
1075 2254 1264 2308 Cariam,
1297 2253 1530 2308 Cycladas,
1562 2255 1788 2308 Arabiam,
1819 2255 2107 2309 Aethiopiam
2137 2268 2244 2298 enu-
2310 2245 2314 2285 Ι

268 2329 413 2369 merat
437 2328 674 2380 Letronne,
705 2326 760 2367 de
789 2326 1035 2380 postremis
1066 2325 1243 2367 duabus
1275 2337 1531 2379 provocans
1562 2327 1619 2368 ad
1639 2327 1929 2368 Theocritum
1950 2327 2084 2381 XVII,
2107 2332 2160 2369 85
2177 2339 2243 2381 sq.
2309 2316 2314 2345 ³

269 2402 380 2441 Sane
419 2399 659 2441 nonnullas
697 2410 813 2439 anno
848 2401 929 2439 496
959 2409 997 2439 a.
1031 2398 1133 2440 Chr.
1164 2410 1206 2439 n.
1247 2409 1296 2439 re
1327 2409 1436 2440 vera
1471 2400 1518 2439 in
1547 2399 1793 2452 Epiphanis
1825 2399 1999 2441 dicione
2036 2411 2125 2442 non
2154 2390 2266 2441 iam⁷
2307 2387 2314 2468 j

267 2472 420 2526 fuisse,
461 2472 541 2513 sed
571 2482 814 2512 numerum
845 2471 1080 2512 denarium
1111 2471 1252 2523 gloria
1282 2473 1327 2512 et
1355 2471 1598 2513 iactatione
1626 2472 1823 2524 quadam
1850 2472 2122 2513 tralaticium
2153 2483 2244 2513 ser·
2274 2468 2278 2470 ’

268 2546 379 2586 vari.
440 2544 647 2585 Ceterum
677 2543 798 2584 idem
828 2543 875 2584 in
905 2544 1212 2584 monumentis
1245 2540 1458 2598 βασιλείας
1486 2554 1719 2596 nunquam
1749 2555 1895 2597 neque
1926 2545 2075 2585 minus
2106 2551 2266 2602 quamſj

269 2617 381 2658 duas
419 2627 565 2669 neque
604 2616 708 2668 plus
738 2626 877 2668 quam
917 2617 1008 2656 tres
1048 2615 1241 2656 inveniri
1279 2614 1504 2657 observat.
1679 2618 1754 2656 424
1801 2615 1900 2658 Non
1931 2618 2125 2668 scutum,
2164 2614 2244 2657 sed

269 2699 454 2742 serpens
486 2688 621 2741 aspis,
660 2687 816 2740 quales
847 2687 892 2727 in
922 2687 1116 2739 imagine
1145 2687 1266 2739 apud
1296 2687 1588 2728 Letronnium
1616 2698 1659 2740 p.
1684 2690 1728 2729 34
1768 2689 1999 2742 utrimque
2028 2688 2092 2729 illi
2118 2688 2246 2747 regio*
2300 2711 2301 2714 =

267 2762 444 2814 insigni,
482 2759 604 2813 quod
641 2759 778 2812 capiti
807 2759 1074 2812 imponitur,
1113 2758 1348 2800 adiunctas
1378 2759 1601 2800 videmus.
1764 2763 1845 2800 422
1882 2759 1985 2801 Non
2023 2760 2246 2813 serpentis

269 2833 477 2885 similem,
508 2831 589 2872 sed
609 2830 895 2883 serpentibus
916 2832 1122 2871 ornatam
1143 2830 1217 2871 vel
1238 2831 1506 2872 instructam
1536 2825 1778 2873 ‘coronam’
1809 2834 1854 2872 et
1874 2832 1947 2872 hic
1967 2834 2011 2872 et
2041 2844 2083 2873 n.
2102 2836 2170 2885 56,
2188 2828 2247 2872 σῖ
2296 2863 2299 2869 .

268 2907 353 2947 hac
396 2915 509 2946 voce
547 2902 787 2955 significari
832 2903 972 2942 sensit
1012 2902 1246 2956 Letronne,
1293 2902 1373 2943 sed
1421 2902 1545 2955 quod
1590 2903 1741 2944 minus
1786 2905 1995 2944 accurate
2039 2900 2244 2945 locutum⁵
2296 2938 2297 2942 ,

269 2977 498 3019 existimat
534 2977 766 3016 auctorem
806 2974 986 3028 decreti,
1028 2973 1117 3015 falli
1155 2974 1266 3014 mihi
1307 2974 1502 3016 videtur.
1561 2974 1676 3016 Nam
1715 2974 1936 3016 adiectiva
1975 2971 2244 3029 composita,i
2293 3005 2295 3016 ,

268 3060 469 3102 quorum
499 3048 640 3089 altera
669 3056 774 3099 pars
813 3045 872 3086 sit
907 3056 1075 3086 nomen
1111 3042 1236 3098 εἶδος,
1278 3046 1414 3086 etiam
1451 3046 1575 3087 illam
1615 3046 1709 3087 vim
1748 3045 1914 3088 habere
1951 3048 1997 3087 in
2035 3034 2242 3088 sermone'
2291 3063 2295 3100 ς

270 3123 437 3163 Graeco
468 3119 635 3161 talibus
666 3118 883 3170 exemplis
914 3117 1137 3170 probatur
1168 3117 1302 3170 quale
1331 3119 1401 3159 est
1427 3118 1660 3159 Strabonis
1691 3118 1804 3172 XIII,
1827 3122 1865 3172 4,
1890 3122 1942 3160 35
1972 3130 2016 3172 p.
2040 3122 2120 3160 598
2143 3119 2243 3160 Cass
2290 3107 2293 3158 ζ

269 3192 290 3235 ὅ
320 3207 365 3234 τε
396 3190 551 3248 ἐρινεός
589 3191 682 3244 (qui
712 3191 1096 3232 commemoratur
1125 3189 1171 3229 in
1201 3189 1337 3231 Iliade
1367 3186 1419 3243 Z,
1445 3189 1554 3242 433),
1593 3188 1751 3248 τραχύς
1789 3204 1850 3236 τις
1889 3189 2018 3236 τόπος
2057 3189 2129 3232 καὶ
2158 3186 2240 3247 epi-³
2289 3195 2291 3210 *

267 3262 445 3321 νεώδης,
480 3262 539 3320 τῷ
574 3261 651 3317 μὲν
691 3258 856 3319 ἀρχαίῳ
894 3258 1089 3315 κτίσματι
1130 3257 1448 3314 ὑποπέπτωκεν,
1493 3261 1573 3302 ubi
1617 3262 1819 3315 profecto
1863 3262 1991 3303 locus
2035 3273 2123 3303 non
2166 3250 2238 3302 fid
2287 3304 2289 3316 A

271 3336 457 3388 agrestis
488 3335 660 3388 similis,
699 3333 778 3375 sed
814 3332 1038 3374 eiusmodi
1077 3331 1317 3373 arboribus
1357 3332 1590 3375 abundans
1629 3334 1914 3386 intellegitur,
1954 3333 2025 3374 vel
2056 3333 2238 3387 proprie
2285 3326 2289 3373 ᾤ

270 3409 400 3449 locus
437 3407 568 3448 cuius
606 3407 778 3460 species
817 3403 954 3459 (εἶδος)
993 3404 1067 3446 illo
1109 3415 1270 3457 genere
1311 3404 1527 3446 arborum
1573 3405 1863 3458 distinguitur
1900 3405 1971 3446 vel
2016 3400 2233 3446 definitur.
2284 3433 2285 3446 ¹

271 3479 332 3520 Cf.
363 3480 498 3520 etiam
528 3490 570 3520 n.
595 3482 691 3531 499,
715 3482 761 3519 6:
801 3477 845 3521 ἐν
877 3475 1100 3533 δυσβάτοις
1128 3474 1201 3518 καὶ
1229 3474 1474 3535 χιονώδεσιν
1505 3474 1654 3534 ὄρεσιν,
1685 3477 1765 3518 ubi
1796 3477 1976 3518 nivibus
2008 3464 2234 3534 abundanq
2283 3490 2292 3514 ⁴,

270 3553 351 3604 tes,
397 3562 486 3591 non
531 3551 703 3591 nivium
743 3549 912 3591 similes
952 3549 1173 3601 designari
1213 3550 1413 3601 apparet.
1474 3549 1679 3603 Periplus
1725 3549 1862 3590 maris
1908 3548 2141 3601 Erythraei
2179 3543 2235 3588 w·
2280 3565 2283 3570 ·

273 3634 314 3676 p.
339 3625 433 3675 292,
459 3626 509 3661 4ο
552 3622 732 3663 Miiller:
780 3620 841 3662 διὸ
881 3619 953 3662 καὶ
1001 3617 1268 3666 κινδυνώδεις
1305 3617 1406 3661 εἰσὶν
1444 3618 1488 3661 αἱ
1523 3626 1608 3662 τῶν
1652 3618 1810 3662 πλοίων
1856 3618 2122 3677 προσαγωγαὶ
2161 3606 2233 3659 4ιαῖ

271 3691 488 3751 ἐξαγωγαί.
