2314 3970
215 221 319 270 354
856 212 926 251 1v.
974 212 1176 262 Regnum
1208 210 1557 251 Seleucidarum.
2098 207 2194 259 [224

364 387 608 459 βασιλέως
663 380 1046 453 προστάγματος
1103 381 1109 450 Ι
1166 380 1315 451 [περ]“ι
1365 383 1451 432 τοῦ
1507 380 1873 451 ἀποδεδεῖχθαι
1924 383 2012 447 τῆς
2059 379 2201 448 βασι-

309 490 332 528 5
366 474 540 540 λίσσης
581 469 588 540 Ι
630 469 698 538 [ἀ]
706 469 956 539 ρχιέρειαν
1002 470 1098 519 τῶν
1138 467 1188 519 ἐν
1227 471 1311 535 τῆι
1350 465 1679 535 σατραπείαι3
1716 464 2024 536 Βερενίκη[ν]
2061 463 2077 534 Ι)
2111 464 2199 534 τὴν

365 555 680 625 Πτολεμαίου
735 574 821 607 του
880 551 1207 623 Λυσιμάχου4
1264 551 1518 622 θυγατέρα
1567 551 1573 619 Ι
1622 552 2088 623 κατακεχώρισταιὸ
2146 549 2200 601 τὸ

218 731 273 759 an
296 717 449 759 Cariae
480 717 662 767 satrapa
692 715 764 767 sit,
797 713 1076 766 ambiguum,
1109 724 1214 753 nam
1243 711 1364 762 regio
1388 709 1563 751 Cabalis
1587 711 1702 751 inter
1722 712 1964 762 utramque
1996 710 2083 750 sita
2112 709 2204 749 utri
2291 746 2294 748 ,

218 789 483 843 provinciae
513 789 613 827 tum
645 787 936 839 potissimum
968 784 1166 837 ascripta
1206 782 1341 824 fuerit
1372 783 1646 834 ignoramus.
1795 786 1819 822 2
1858 782 2076 834 Dionytas
2108 781 2204 821 sine
2292 829 2296 834 ι

219 861 359 902 dubio
390 860 655 912 hyparchus
684 860 754 899 est
785 857 851 909 (cf.
885 859 978 898 not.
1003 860 1040 897 4.
1075 854 1232 907 22531),
1274 855 1450 906 regioni
1488 865 1604 906 quae
1643 854 1763 894 circa
1793 854 1970 895 Erizam
2010 854 2106 893 erat
2137 851 2203 910 (τῇ
2288 904 2290 907 Υ

219 931 316 988 περὶ
338 923 511 986 Ἔριζαν
547 927 735 988 ὑπαρχίᾳ
764 942 806 971 n.
832 933 929 982 238,
953 931 991 980 4)
1032 927 1300 981 praefectus.
1461 929 1483 966 3
1525 925 1586 966 Cf.
1618 927 1710 966 not.
1733 928 1771 966 4.
1833 925 2044 966 Ceterum
2085 926 2206 965 recte
2294 923 2302 938 ⁵

219 1004 437 1045 Holleaux
466 1007 551 1043 τῶν
582 1004 797 1043 neutrum
829 1001 1059 1052 intellegit,
1097 1002 1149 1040 ut
1179 999 1386 1040 omnium
1426 999 1665 1050 regionum
1704 998 2051 1050 civitatiumque
2089 1007 2206 1048 quae

218 1076 265 1116 in
296 1075 533 1128 provincia
563 1074 654 1116 sint
693 1073 905 1115 sacerdos
944 1071 1234 1124 significetur.
1295 1069 1663 1123 Improbahiliter
1691 1070 1886 1110 Koehler
1924 1069 2206 1110 sacerdotem
2287 1071 2291 1074 ’

220 1159 275 1188 ex
306 1158 465 1188 eorum
498 1157 689 1187 numero
728 1146 808 1198 qui
847 1145 892 1185 in
934 1144 1170 1197 provincia
1207 1142 1411 1183 habitent
1452 1142 1670 1183 constitui
1708 1142 1951 1182 existimat.
2011 1140 2126 1182 Nam
2163 1141 2208 1180 in
2283 1127 2299 1184 {5

220 1219 395 1260 insulae
427 1218 566 1271 Cypri
602 1218 744 1258 titulis
789 1217 1048 1270 promiscue
1087 1215 1253 1256 dicitur
1291 1225 1396 1255 cum
1437 1211 1658 1272 ἀρχιερεὺς
1687 1218 1767 1270 τῆς
1796 1211 1928 1267 νήσου
1967 1213 2023 1264 (n.
2048 1215 2144 1265 448,
2170 1215 2209 1252 3.
2288 1207 2300 1250 .'

222 1294 320 1343 456,
345 1294 382 1330 2.
417 1293 513 1343 458,
538 1293 576 1330 3.
616 1292 714 1342 459,
738 1289 775 1340 3)
807 1290 906 1329 tum
938 1285 1159 1346 ἀρχιερεὺς
1189 1292 1272 1328 τῶν
1303 1283 1414 1327 κατὰ
1443 1285 1520 1342 τὴν
1551 1290 1680 1343 νῆσον
1713 1285 1825 1337 (452,
1848 1287 1887 1325 2.
1921 1287 2016 1336 455,
2041 1284 2094 1337 5),
2136 1280 2210 1338 ἀρ·
2287 1315 2295 1342 3

221 1359 388 1420 χιερεὺς
418 1366 502 1402 τῶν
538 1359 648 1402 κατὰ
678 1356 854 1417 Κύπρον
895 1359 927 1411 (4
941 1361 1006 1412 40,
1031 1363 1069 1399 6.
1094 1358 1146 1412 7),
1189 1357 1420 1416 στρατηγὸς
1455 1363 1540 1398 τῶν
1579 1355 1690 1399 κατὰ
1730 1352 1906 1412 Κύπρον
1940 1357 2052 1409 (454,
2076 1356 2114 1407 2)
2154 1355 2209 1396 de
2286 1344 2298 1393 :¹

220 1432 498 1485 hominibus,
543 1443 662 1484 quos
694 1443 787 1472 non
832 1442 888 1471 ex
926 1431 1201 1483 Cypriorum
1245 1441 1435 1471 numero
1479 1429 1618 1470 fuisse
1657 1429 1965 1470 certissimum
2004 1429 2085 1468 est.
2148 1427 2210 1468 Cf.
2282 1427 2293 1472 ἶ

221 1506 268 1546 Ε.
292 1505 579 1546 Kornemann
609 1505 656 1544 in
686 1504 891 1555 Bcitrage
921 1514 1004 1543 zur
1033 1503 1153 1543 alten
1185 1502 1394 1543 Gesch.1
1425 1512 1468 1554 p.
1495 1504 1546 1542 79
1578 1503 1672 1542 not.
1697 1505 1735 1542 6.
1889 1503 1913 1541 4
1952 1499 2211 1553 Lysimachi
2291 1539 2294 1543 .

222 1577 342 1629 regis
372 1576 517 1617 filium
539 1588 596 1616 ex
616 1587 760 1617 uxore
780 1575 984 1627 Arsinoe,
1017 1585 1134 1627 quae
1155 1575 1315 1627 postea
1337 1573 1594 1614 Ptolemaeo
1616 1572 1907 1625 Philadelpho
1940 1572 2107 1625 nupsit,
2138 1572 2215 1611 hic
2278 1593 2290 1645 3

222 1649 476 1689 rectissime
516 1648 802 1700 agnoverunt
842 1645 1038 1698 Mahaffy
1078 1645 1288 1686 Revenue
1329 1645 1441 1686 laws
1474 1644 1521 1685 of
1547 1644 1759 1696 Ptolemy
1788 1643 2106 1696 Philadelphus
2145 1643 2211 1683 in·
2276 1650 2294 1691 9,

221 1719 338 1760 trod.
371 1731 415 1773 p.
438 1721 542 1773 LIII,
575 1731 668 1761 von
697 1720 824 1759 Prott
853 1719 966 1759 Mus.
998 1718 1136 1758 Rhen.
1167 1717 1260 1757 LIII
1289 1728 1332 1769 p.
1358 1719 1454 1757 470.
1505 1716 1550 1757 U.
1574 1727 1665 1757 von
1684 1715 1990 1757 Wilamowitz
2021 1714 2212 1755 Hermae
2275 1728 2314 1786 3

222 1793 408 1834 XXXIII
438 1803 481 1845 p.
507 1794 604 1833 533.
655 1790 705 1832 A.
727 1790 943 1831 Wilhelm
974 1792 1018 1830 et
1049 1790 1096 1830 B.
1119 1789 1253 1831 Niese
1283 1789 1310 1830 l.
1334 1789 1361 1830 l.
1411 1788 1505 1831 Nec
1536 1789 1687 1829 minus
1718 1786 2019 1840 probabiliter
2040 1786 2095 1827 de
2125 1786 2213 1827 hoc
2271 1791 2284 1841 ς,
2312 1800 2314 1847 j

225 1865 454 1918 accipiunt
485 1864 638 1904 locum
669 1862 900 1904 Plutarchi
931 1862 1062 1903 Cons.
1095 1861 1152 1903 ad
1181 1861 1325 1914 Apoll.
1358 1871 1395 1902 c.
1418 1864 1472 1901 49
1504 1871 1548 1913 p.
1572 1863 1647 1900 444
1672 1860 1724 1900 F:
1765 1858 1865 1916 φασὶ
1893 1857 1973 1916 γάρ
2003 1872 2098 1900 τινα
2127 1862 2212 1899 τῶν
2267 1856 2314 1918 3Ι

225 1933 413 1995 ἀρχαίων
452 1933 697 1992 φιλοσόφων
736 1932 917 1975 εἰσιόντα
949 1932 1053 1987 πρὸς
1088 1927 1300 1989 Ἀρσινόην
1337 1931 1415 1988 τὴν
1451 1930 1694 1988 βασίλισσαν
1733 1929 1970 1974 πενθοῦσαν
2008 1929 2080 1972 τὸν
2120 1927 2212 1970 υἱὸν
2267 1927 2314 1975 3

223 2006 402 2064 τοιούτῳ
446 2004 691 2065 χρήσασθαι
727 2004 857 2062 λόγῳ.
928 2006 1043 2046 Eum
1081 2016 1188 2046 cum
1234 2005 1445 2046 Monunio
1485 2004 1802 2046 Dardanorum
1840 2003 1998 2055 regulo
2041 2002 2214 2043 bellum
2267 1998 2314 2063 ἦέ

226 2080 446 2122 adversus
479 2079 790 2119 Ptolemaeum
823 2077 1078 2118 Ceraunum
1117 2078 1312 2130 gessisse
1350 2076 1486 2117 refert
1516 2077 1761 2129 Pompeius
1793 2076 1965 2127 Trogus
1996 2075 2111 2127 prol.
2146 2077 2217 2126 24,

225 2151 514 2202 eundemque
543 2150 808 2202 Droysenus
848 2149 1006 2190 Gesch.
1039 2148 1118 2189 des
1149 2149 1451 2190 Hellenismus
1482 2148 1532 2201 ΙΙ,
1564 2152 1588 2188 2
1619 2159 1662 2200 p.
1688 2150 1768 2188 354
1811 2149 1944 2188 acute
1982 2146 2215 2199 perspexit

225 2224 534 2264 Ptolemaeum
575 2231 689 2274 esse,
740 2221 818 2274 qui
859 2232 884 2261 a
926 2221 1180 2274 Porphyrio
1225 2221 1344 2274 apud
1386 2219 1636 2261 Eusebium
1674 2220 1836 2261 Chron.
1878 2221 1897 2260 I
1945 2231 1988 2272 p.
2026 2221 2122 2271 236,
2159 2221 2212 2258 26
2267 2210 2287 2277 J

227 2297 431 2336 schoeno
463 2291 546 2347 (διὰ
574 2292 622 2335 τὸ
650 2291 750 2339 τοὺς
781 2290 877 2349 περὶ
896 2287 1161 2348 Ἀντίπατρον
1190 2290 1265 2334 καὶ
1284 2289 1554 2347 Πτολεμαῖον
1585 2290 1660 2333 καὶ
1679 2286 1882 2348 Ἀριδαῖον
1907 2287 2217 2332 ἀντιποιεῖσθαι
2268 2280 2271 2281 ’
2303 2329 2309 2344 ‚

229 2366 305 2422 μὲν
335 2371 420 2408 τῶν
450 2363 725 2422 πραγμάτων,
759 2362 1006 2423 ὁλοσχερῶς
1039 2362 1086 2405 δὲ
1117 2361 1281 2419 μηδένα
1310 2364 1556 2421 προστῆναι)
1589 2375 1707 2405 anno
1738 2367 1819 2405 280
1844 2375 1881 2404 a.
1911 2363 2012 2404 Chr.
2042 2374 2084 2403 n.
2116 2373 2215 2413 reg·
2260 2359 2266 2363 ’
2303 2346 2308 2365 ²

227 2450 337 2479 num
377 2437 666 2479 Macedoniae
702 2435 938 2478 affectasse
979 2436 1219 2477 diceretur.
1282 2435 1367 2483 Qui
1408 2436 1599 2477 conatus
1646 2446 1750 2476 cum
1798 2435 1950 2476 minus
1995 2444 2216 2487 prospere
2300 2441 2309 2479 31

228 2511 452 2563 cessisset,
484 2511 531 2551 in
560 2509 714 2550 Asiam
747 2509 803 2550 ad
832 2508 1108 2549 Antiochum
1138 2509 1157 2548 I
1195 2519 1244 2549 se
1282 2508 1532 2549 contulisse
1561 2507 1754 2550 videtur.
1815 2507 1942 2548 Idem
1979 2509 2048 2548 est
2086 2507 2217 2547 cuius
2259 2499 2262 2502 ’
2300 2527 2303 2532 -

228 2582 535 2624 dedicationes
572 2582 620 2622 in
663 2581 833 2622 inedita
875 2580 1177 2622 traditionum
1218 2579 1375 2622 tabula
1417 2580 1596 2621 Deliaca
1642 2579 1698 2631 (v.
1733 2582 1783 2621 40
1828 2575 2097 2635 Πτολεμαίου
2141 2579 2217 2619 τοῦ
2248 2603 2257 2613 -
2312 2602 2314 2637 2

228 2651 495 2709 βασιλέως
526 2650 796 2709 Λυσιμάχου,
827 2653 939 2693 item
968 2664 1012 2694 v.
1037 2655 1103 2693 42.
1128 2654 1195 2693 44.
1232 2664 1276 2693 v.
1300 2655 1352 2693 25
1387 2649 1644 2706 βασιλέως
1675 2647 1945 2706 Πτολεμαίου
1976 2651 2052 2691 τοῦ
2083 2645 2218 2693 Λυσι-
2256 2671 2257 2674 ¹
2312 2691 2314 2702 .

231 2723 387 2783 μάχου.
441 2736 484 2765 v.
508 2728 561 2765 29
604 2721 873 2780 Πτολεμαίου
904 2727 979 2766 τοῦ
1010 2721 1279 2780 Λυσιμάχου)
1319 2724 1546 2764 recenseri
1576 2722 1829 2765 Homollius
1859 2722 2103 2764 Wilhelmo
2136 2732 2218 2775 per
2313 2706 2314 2717 ¹

230 2798 402 2838 litteras
444 2796 728 2848 significavit.
773 2796 860 2837 Wi.
923 2796 1055 2844 Quod
1090 2807 1202 2838 vero
1248 2796 1371 2836 hunc
1407 2796 1716 2836 Ptolemaeum
1747 2795 1943 2836 eundem
1987 2805 2101 2847 esse,
2139 2793 2219 2846 qui
2252 2795 2253 2799 ’
2290 2801 2305 2854 γζ’

231 2869 558 2921 aliquantisper
591 2879 696 2909 cum
728 2862 984 2909 Ptolemaeo
1016 2869 1054 2908 ΙΙ
1084 2867 1377 2919 Philadelpho
1417 2867 1695 2908 coniunctim
1726 2868 1972 2920 regnasset,
2014 2866 2222 2907 statuunt
2261 2890 2268 2901 ,
2302 2871 2305 2901 ;

231 2941 432 2981 Prottius
464 2942 510 2980 et
539 2939 823 2991 Wilhelmus,
862 2939 910 2979 id
941 2950 1030 2980 non
1072 2939 1182 2980 satis
1221 2940 1345 2980 certo
1384 2938 1678 2980 fundamento
1709 2939 1882 2980 nititur.
1940 2936 2057 2979 Nam
2096 2930 2272 2995 quod

232 3012 463 3053 Strackius
496 3011 612 3052 Go'tt.
647 3011 728 3063 gel.
759 3010 865 3051 Anz.
900 3012 1010 3050 4900
1043 3022 1086 3052 n.
1109 3014 1131 3051 8
1165 3021 1208 3062 p.
1235 3012 1313 3051 648
1355 3021 1404 3051 se
1443 3011 1703 3064 perspicere
1739 3012 1884 3062 negat,
1926 3021 2010 3050 cur
2048 3019 2142 3050 non
2181 3009 2221 3050 is
2254 2998 2269 3062 ²5
2302 3023 2304 3050 3

232 3084 386 3136 potius
427 3083 504 3135 qui
543 3083 705 3135 postea
744 3082 1002 3134 regnaverit
1041 3081 1325 3123 Ptolemaeus
1365 3083 1423 3122 III
1461 3082 1706 3135 Euergetes
1744 3082 2041 3134 intellegatur,
2081 3081 2224 3122 veris·
2255 3076 2257 3079 ’
2302 3117 2303 3131 ,

233 3156 349 3196 sime
378 3155 606 3196 iudicasse
638 3154 751 3195 mihi
780 3153 982 3205 videtur3
1025 3163 1132 3194 sane
1163 3153 1272 3194 latet
1302 3164 1385 3194 cur
1420 3154 1533 3196 haec
1562 3155 1688 3206 regni
1729 3154 1922 3195 societas
1954 3164 2044 3193 non
2074 3161 2220 3204 usque
2253 3147 2270 3190 Γ·

234 3227 291 3266 ad
322 3228 518 3267 mortem
549 3225 829 3278 Philadelphi
859 3225 1089 3266 manserit.
1140 3225 1198 3265 At
1227 3237 1364 3278 quam
1393 3226 1538 3267 multa
1566 3226 1672 3267 talia
1702 3227 1839 3278 atque
1869 3225 1983 3266 adeo
2015 3224 2223 3276 graviora
2247 3218 2264 3299 ξ

234 3299 280 3338 in
324 3298 694 3340 Ptolemaeorum
738 3296 876 3338 rebus
925 3296 1072 3338 adhuc
1117 3295 1411 3348 ignoramus?
1478 3297 1638 3350 Utique
1673 3298 1805 3349 Trogi
1832 3297 1946 3350 prol.
1978 3299 2030 3336 26
2075 3298 2126 3337 ut
2167 3292 2254 3336 in
2299 3294 2302 3324 ³

234 3365 353 3411 Asia
388 3366 518 3422 filius
548 3366 802 3411 Ptolomaei
835 3365 956 3423 reqis
998 3364 1118 3411 socio
1153 3365 1392 3410 Timarcho
1430 3366 1662 3411 desciverit
1699 3381 1730 3410 a
1757 3370 1889 3423 patre
1925 3369 1970 3408 et
2006 3366 2261 3408 Athenaei
2299 3400 2301 3411 .

235 3440 335 3480 XIII
369 3441 562 3482 593ab:
602 3438 873 3496 Πτολεμαῖός
918 3453 963 3481 τε
1001 3437 1023 3481 ὁ
1062 3438 1140 3494 τὴν
1188 3437 1232 3480 ἐν
1271 3436 1436 3498 Ἐφέσῳ
1483 3438 1638 3482 διέπων
1679 3437 1866 3498 φρουρὰν
1913 3437 2005 3485 υἱὸς
2049 3438 2107 3480 ὢν
2146 3439 2222 3480 τοῦ

236 3506 507 3568 Φιλαδέλφου
548 3509 756 3567 βασιλέως
793 3509 984 3568 Εἰρήνην
1022 3508 1115 3569 εἶχε
1149 3510 1227 3567 τὴν
1267 3509 1450 3567 ἑταίραν,
1490 3509 1587 3568 ἥτις
1624 3509 1706 3553 ὑπὸ
1750 3508 1929 3568 Θρᾳκῶν
1973 3508 2016 3552 ἐν
2052 3503 2221 3566 Ἐφέσῳ
2298 3510 2299 3523 ³

237 3578 624 3639 ἐπιβουλευομένου
654 3586 730 3626 τοῦ
762 3580 1029 3637 Πτολεμαίου
1068 3581 1140 3624 ’καὶ
1177 3581 1492 3640 καταφυγόντος
1530 3581 1589 3629 εἰς
1627 3582 1676 3624 τὸ
1714 3586 1792 3638 τῆς
1833 3576 2073 3637 Ἀρτέμιδος
2113 3578 2220 3636 ἱερὸν
2296 3607 2298 3635 ,

239 3654 548 3713 συγκατέφυγεν
590 3657 689 3696 iure
734 3656 791 3697 ad
841 3656 963 3697 hunc
1002 3655 1231 3696 hominem
1279 3667 1304 3696 a
1348 3656 1521 3696 Prottio
1568 3657 1612 3696 et
1649 3655 1890 3696 Wilhelmo
1938 3654 2079 3695 relata
2123 3661 2221 3694 esse
2295 3673 2297 3708 l
