2314 3970
8 643 10 693 l

114 207 212 259 264]
870 202 1090 245 Chronica
1119 201 1336 253 Pergami.
1983 198 2086 248 429

256 379 420 433 πόλιν·
506 375 615 431 εἷτα
669 373 900 448 Ὀρόντης
965 374 971 447 Ι
1038 375 1142 447 [τὴν
1205 375 1347 427 πόλιν
1406 372 1705 444 ἐ]πιτρέ[ψας
1763 366 2090 442 Ἀρτα]ξέρξηι

258 464 503 518 ἀπέθανεν
518 466 551 518 8.

116 553 217 608 105
255 553 271 622 [
271 581 663 595 ------------
697 551 945 622 γήμα]ντα
985 547 1344 620 Ἀναξίπ1[πην9
1388 577 1785 587 ------------
1830 545 2088 616 ἐγέννησεν

254 637 519 710 Εὔ]ιππον,
569 636 793 699 Εὔιππος
844 638 849 708 Ι
898 636 971 706 [δὲ
1015 663 1943 676 ----------------------------
1986 629 2091 702 χ]αὶ

111 802 157 842 in
194 801 436 854 pristinum
484 801 635 842 locum
683 800 858 841 reducti
895 799 1012 840 sunt.
1079 797 1329 838 Etiamtum
1375 807 1490 837 anno
1533 799 1607 837 494
1648 808 1685 837 a.
1716 795 1816 837 Chr.
1846 806 1887 836 n.
1930 792 2092 835 urbem

113 874 255 915 totam
286 874 331 913 in
370 875 524 914 monte
562 873 701 914 fuisse
739 883 794 913 ex
823 872 935 913 Livii
971 870 1227 912 narratione
1258 868 1490 922 (XXXVII,
1521 871 1589 922 20,
1621 871 1667 909 3:
1706 867 1769 910 ad
1794 864 1972 910 radices
1999 864 2094 920 fere

113 943 249 999 colli-3,
291 942 346 987 in
376 958 461 1000 quo
484 943 638 1000 posita
673 943 782 987 urbs
819 946 892 987 est.
944 944 969 994 ξ
992 947 1035 984 6:
1077 940 1186 984 hacc
1215 939 1477 996 Diophanes
1514 953 1565 983 ex
1600 938 1695 983 alta
1731 938 1840 982 urbe
1869 937 2092 995 Perqasmo

111 1016 445 1072 contemplatus)
487 1018 657 1070 colligit
686 1017 884 1070 Frankel,
927 1026 1011 1069 per
1042 1015 1251 1068 proxima
1281 1014 1467 1054 demum
1509 1013 1634 1065 regni
1664 1013 1879 1053 Eumenis
1910 1014 1948 1052 II
1979 1014 2092 1053 tem-

114 1102 226 1144 pora
274 1091 460 1132 adiectis
510 1089 842 1143 campestribus
893 1089 1006 1129 locis
1055 1087 1217 1128 vicinis
1274 1086 1595 1139 amplificatam
1647 1096 1767 1137 esse3
1827 1084 1882 1126 cf.
1934 1084 2092 1125 Strabo

112 1163 226 1217 XIII,
260 1166 299 1216 4,
330 1167 353 1203 2
385 1175 427 1216 p.
454 1165 533 1204 624
566 1163 685 1204 Cas.:
726 1160 798 1203 καὶ
836 1159 913 1216 τὴν
955 1158 1025 1202 ἐπὶ
1061 1157 1232 1201 τοσόνδε
1270 1156 1489 1200 κατοικίαν
1526 1159 1601 1199 τοῦ
1640 1154 1866 1214 Περγάμου
1907 1155 1983 1213 τὴν
2021 1159 2093 1197 νῦν

114 1233 241 1277 οὖσαν
274 1233 438 1281 ἐκεῖνος
470 1235 708 1287 (Eumenes
738 1233 789 1286 11)
820 1229 1230 1291 προσεφιλοκάλησε.
1293 1231 1380 1272 Sed
1410 1232 1569 1284 postea
1599 1230 1749 1283 etiam,
1787 1230 2093 1270 Romanorum

111 1309 271 1361 aetate,
314 1308 474 1349 domos
505 1307 899 1358 habitationesque
929 1305 1101 1346 civium
1131 1306 1176 1346 in
1208 1306 1362 1346 monte
1393 1304 1632 1344 mansisse:
1675 1301 1715 1344 οἱ
1751 1300 1830 1358 τὴν
1862 1298 2094 1357 ἀκρόπολιν

113 1381 412 1425 κατοικοῦντες
451 1380 636 1421 Alterth.
676 1391 719 1420 v.
755 1379 878 1430 Perg.
908 1377 1020 1431 VIII,
1053 1380 1077 1417 2
1119 1388 1162 1430 p.
1195 1380 1274 1418 280
1318 1389 1360 1418 n.
1392 1378 1489 1430 394,
1518 1378 1541 1416 4
1583 1375 1856 1429 (principatu
1893 1372 2094 1425 Claudii).

115 1463 158 1506 p.
182 1455 263 1493 297
296 1463 337 1493 n.
363 1453 458 1505 434,
483 1454 506 1492 4
539 1451 589 1504 (a.
614 1454 693 1493 497
726 1462 770 1504 p.
792 1450 893 1492 Chr.
915 1450 986 1502 n.).
1135 1454 1158 1491 8
1201 1449 1261 1491 Cf.
1293 1449 1475 1491 Diodor.
1497 1448 1591 1502 XV,
1615 1452 1683 1502 94,
1707 1451 1744 1489 4ε
1785 1445 1825 1489 οἱ
1855 1441 1884 1487 δ’
1912 1444 2095 1503 ἀφεστη-

114 1522 237 1570 κότες
272 1526 347 1566 τοῦ
391 1522 602 1579 βασιλέως
641 1521 709 1565 ἐπὶ
751 1522 829 1580 τὴν
867 1528 950 1564 τῶν
991 1520 1101 1564 ὅλων
1143 1519 1348 1578 διοίκησιν
1395 1519 1558 1564 εἵλοντο
1604 1518 1835 1577 στρατηγὸν
1870 1513 2095 1575 Ὀρόντην.

119 1594 240 1644 οὗτος
271 1595 318 1638 δὲ
348 1594 607 1652 παραλαβὼν
637 1594 714 1651 τὴν
734 1593 965 1650 ἡγεμονίαν
995 1593 1069 1636 καὶ
1098 1593 1305 1653 χρήματα
1334 1593 1439 1651 πρὸς
1469 1591 1709 1650 ξενολογίαν
1731 1589 1971 1648 -ἐγένετο
1993 1604 2096 1646 προ-

117 1667 243 1724 δότης
279 1673 363 1710 τῶν
395 1667 718 1710 πιστευσάντων.
757 1665 986 1724 ὑπολαβὼν
1017 1666 1096 1724 γὰρ
1134 1665 1248 1724 παρὰ
1278 1670 1352 1708 τοῦ
1384 1665 1590 1722 βασιλέως
1623 1664 1791 1722 δωρεῶν
1823 1679 1869 1706 τε
1900 1661 2095 1720 μεγάλων

114 1739 331 1789 τεύξεσθαι
359 1740 432 1784 καὶ
460 1745 538 1798 τῆς
568 1738 916 1799 παραθαλασσίου
938 1739 1078 1798 πάσης
1099 1735 1429 1796 παραλήψεσθαι
1457 1738 1535 1795 τὴν
1558 1735 1825 1794 σατραπείαν,
1857 1734 1929 1778 ἐὰν
1962 1735 2098 1794 ἐγχει-

119 1811 212 1870 ρὶσῃ
242 1817 335 1860 τοῖς
364 1810 545 1869 Πέρσαις
573 1812 671 1860 τοὺς
702 1810 1009 1869 ἀφεστηκότας,
1047 1818 1214 1870 πρῶτον
1261 1811 1335 1868 μὲν
1373 1810 1472 1858 τοὺς
1509 1808 1767 1866 κομίσαντας
1803 1806 1857 1850 τὰ
1896 1807 2100 1868 χρήματα

119 1883 321 1942 συνέλαβε
349 1884 423 1927 καὶ
453 1885 558 1943 πρὸς
587 1884 658 1927 τὸν
688 1880 956 1944 Ἀρταξέρξην
987 1882 1224 1938 ἀπέστειλε,
1270 1882 1377 1940 μετὰ
1408 1882 1456 1926 δὲ
1483 1886 1615 1925 ταῦτα
1647 1879 1844 1928 πολλὰς
1876 1886 1975 1923 τῶν
2007 1878 2099 1922 πό-

118 1956 252 2000 λεων
289 1956 362 2000 καὶ
397 1956 496 2004 τοὺς
536 1955 891 2014 Εενολογηθέντας
930 1959 1190 2014 στρατιώτας
1225 1961 1318 2004 τοῖς
1359 1954 1440 1999 ὑπὸ
1478 1959 1554 1998 τοῦ
1594 1952 1803 2011 βασιλέως
1842 1951 2099 2010 πεμφθεῖσιν

118 2027 300 2087 ἡγεμόσι
330 2028 590 2086 παρέδωκεν.
642 2031 755 2072 Sane
786 2030 980 2084 dubites,
1021 2042 1131 2071 num
1170 2030 1288 2071 inter
1327 2030 1426 2071 illas
1458 2028 1625 2070 multas
1662 2028 1799 2069 urbes
1831 2028 2099 2080 Pergamum

119 2103 265 2145 fuerit.
316 2095 429 2145 Nam
461 2114 578 2156 quae
607 2103 835 2144 Diodorus
868 2105 1033 2156 narrat,
1065 2105 1170 2156 post
1199 2103 1398 2156 priorem
1430 2103 1584 2156 potius
1606 2113 1743 2155 quam
1774 2102 1883 2154 post
1913 2101 2100 2141 alteram

120 2176 301 2219 Orontis
352 2175 648 2217 defectionem
695 2175 761 2228 (cf.
815 2178 906 2217 not.
955 2176 992 2228 5)
1044 2177 1169 2228 gesta
1221 2175 1442 2216 videntur.
1511 2175 1670 2228 Utique
1720 2185 1824 2215 cum
1877 2183 2101 2214 annorum

123 2251 346 2290 354—349
379 2249 525 2302 spatio
558 2249 771 2290 Orontem
802 2250 961 2290 contra
992 2249 1109 2300 regis
1141 2250 1373 2301 satrapam
1404 2249 1450 2289 in
1469 2247 1651 2289 Aeolide
1682 2248 1727 2287 et
1755 2247 1900 2299 Mysia
1929 2245 2100 2287 bellum

120 2321 312 2374 gessisse
343 2322 532 2374 constet,
571 2332 650 2362 rex
681 2322 755 2362 cui
786 2321 1053 2373 Pergamum
1085 2320 1281 2362 reddidit
1311 2320 1431 2361 idem
1461 2320 1601 2361 fuisse
1631 2331 1721 2361 non
1752 2320 1919 2372 potest,
1952 2330 1978 2360 a
2008 2329 2100 2370 quo

122 2394 321 2446 primum
363 2393 599 2446 defecerat,
637 2393 718 2434 sed
754 2394 852 2434 eius
891 2403 1132 2434 successor
1169 2392 1439 2434 Artaxerxes
1471 2393 1632 2433 Ochus.
1800 2396 1823 2432 9
1863 2392 2102 2443 Fragmen-

123 2467 221 2505 tum
260 2462 286 2506 b
332 2464 389 2506 ad
434 2465 697 2506 relationem
743 2465 798 2506 de
843 2465 1079 2506 Philetaeri
1127 2464 1377 2506 maioribus
1423 2466 1649 2518 pertinere
1695 2465 1826 2505 acute
1871 2463 2104 2516 perspexit

122 2537 321 2578 Frankel.
372 2537 516 2585 Quem
548 2549 574 2579 a
603 2537 822 2579 Pausanta
846 2538 878 2590 Ι,
902 2541 939 2592 8,
965 2541 980 2577 4
1020 2538 1305 2590 Paphlagona
1334 2538 1490 2579 vocari
1520 2536 1758 2579 manifesto
1789 2538 1978 2590 propter
2008 2547 2103 2576 ma-

124 2611 298 2651 ternam
331 2610 565 2663 originem,
598 2610 653 2651 de
684 2622 774 2662 qua
803 2610 914 2651 haec
944 2610 1200 2662 legerentur
1231 2610 1353 2664 apud
1376 2610 1656 2651 Athenaeum
1676 2610 1778 2650 XIII
1802 2609 1945 2650 577b:
1978 2604 2105 2651 Φιλέ-

121 2695 267 2739 ταιρον
301 2680 347 2722 δὲ
375 2680 448 2723 τὸν
481 2678 707 2739 Περγάμου
737 2680 809 2723 καὶ
836 2687 915 2739 τῆς
946 2678 1114 2738 Καινῆς
1143 2680 1301 2739 ταύτης
1341 2680 1575 2740 λεγομένης
1614 2680 1920 2738 βασιλεύσαντα
1959 2682 2105 2740 χώρας

123 2749 239 2800 Βόας
269 2751 522 2811 αὐλητρίδος
553 2752 722 2810 ἑταίρας
750 2754 797 2797 τὸ
816 2752 937 2811 γένος
967 2752 1050 2797 ἀπὸ
1072 2751 1371 2813 Παφλαγονίας
1403 2753 1494 2797 υἱόν
1518 2769 1622 2812 φησι
1640 2752 1836 2812 γενέσθαι
1865 2750 2103 2810 Καρύστιος

117 2818 168 2868 ’ἐν
202 2825 429 2883 ἱστορικοῖς
467 2823 779 2883 ὑπομνήμασιν.
830 2827 946 2870 Nam
982 2828 1135 2881 ipsum
1166 2828 1351 2881 quidem
1389 2839 1480 2870 non
1510 2828 1794 2881 Paphlagona
1831 2827 1984 2880 fuisse,
2026 2826 2106 2867 sed

33 2901 37 2978 ζ
125 2898 229 2939 Tieo
259 2909 314 2940 ex
343 2898 560 2951 oppidulo
582 2899 714 2940 Ponti
734 2899 976 2940 oriundum
1010 2899 1183 2952 (Strabo
1204 2900 1298 2954 XII,
1324 2903 1362 2953 3,
1386 2904 1408 2942 8
1442 2912 1485 2953 p.
1509 2902 1590 2942 543
1614 2899 1740 2951 Cas).
1792 2899 1905 2940 Huic
1927 2898 2107 2939 mulieri

125 2969 198 3012 hic
229 2970 427 3012 nobilem
459 2971 648 3023 stirpem
680 2970 840 3023 affingi.
899 2973 948 3012 In
979 2983 1070 3024 qua
1107 2972 1494 3013 comminiscenda
1534 2972 1657 3025 quod
1688 2972 1884 3024 scriptor
1922 2970 2106 3012 nomina

127 3053 231 3083 cum
251 3040 382 3089 ἵππος
406 3043 663 3096 composita
684 3044 985 3098 praetulisset,
1007 3044 1055 3085 id
1081 3044 1270 3086 fortasse
1293 3044 1576 3086 referendum
1604 3055 1703 3086 esse
1731 3045 1786 3085 ad
1804 3044 1926 3084 illam
1947 3042 2104 3083 Attali-

37 3157 40 3188 ,
127 3114 286 3156 darum
308 3115 627 3168 genealogiam,
659 3127 797 3168 quam
818 3115 1041 3158 Nicander
1062 3119 1265 3169 tangeret
1293 3118 1339 3157 in
1360 3117 1571 3158 versibus
1592 3117 1648 3158 ab
1680 3117 1824 3169 ipsius
1853 3115 2103 3168 biographo

38 3189 40 3215 ²
128 3188 317 3229 servatis
356 3188 403 3229 O.
427 3187 670 3228 Schneider
701 3187 951 3231 Nicandrea
981 3201 1024 3243 p.
1049 3192 1088 3243 4,
1120 3192 1251 3231 3-5;
1290 3183 1467 3242 Ἄτταλ’,
1499 3187 1590 3230 ἐπεὶ
1631 3187 1700 3230 σὲο
1743 3186 1858 3243 ῥίζαν
1899 3185 2109 3228 ἐπέκλυον
2142 3216 2145 3219 -

131 3250 372 3315 Ἡρακλῆος
403 3257 530 3300 εἰσέτι
559 3256 792 3316 Λυσιδίκης
831 3275 876 3302 τε
917 3259 1184 3318 περίφρονος,
1226 3259 1279 3316 ἣν
1312 3258 1532 3316 Πελοπηῒς
1561 3254 1918 3314 Ἱπποδάμεια
1956 3257 2106 3315 φύτευ-

40 3327 42 3383 g
130 3343 213 3383 σεν,
254 3325 308 3372 ὅτ’
344 3327 513 3377 Ἄπιδος
551 3329 684 3387 ἤρατο
730 3331 870 3388 τιμήν.
930 3333 1045 3375 Nam
1092 3335 1209 3374 inter
1253 3333 1579 3386 Hippodamiae
1624 3334 1836 3385 posteros
1882 3331 2107 3372 eiusmodi

42 3442 43 3475 3
130 3402 311 3444 nomina
350 3403 602 3456 frequentia
639 3403 790 3458 fuisse,
836 3417 927 3458 qua
966 3405 1022 3447 de
1061 3417 1109 3446 re
1149 3407 1374 3459 provocat
1419 3405 1474 3446 ad
1512 3405 1774 3446 testimonIa
1819 3403 1876 3444 ab
1918 3403 2107 3445 Hoefero

131 3473 263 3515 allata
300 3486 370 3528 ap.
402 3476 603 3517 Roscher
642 3476 837 3518 Lexicon
866 3477 945 3519 der
981 3490 1045 3531 gr.
1078 3490 1121 3519 u.
1154 3482 1268 3519 rom.
1300 3477 1574 3530 Mythologie
1605 3478 1623 3516 1
1653 3479 1676 3516 2
1709 3487 1752 3529 p.
1786 3479 1911 3517 2669.
1961 3474 2018 3516 At
2055 3477 2108 3517 ut

134 3545 303 3598 reliqua
332 3548 552 3589 Frankelii
583 3548 830 3601 disputatio
860 3551 953 3591 tam
985 3553 1117 3592 acuta
1151 3551 1236 3616 est,
1275 3561 1413 3602 quam
1452 3548 1714 3602 probabilis,
1754 3549 1819 3589 sic
1858 3548 1932 3589 hle
1972 3548 2107 3589 nimis

44 3620 45 3627 ¹
118 3617 311 3660 rsubtilis
351 3621 462 3661 mihi
500 3621 694 3662 videtur.
754 3622 930 3663 Etenim
967 3624 1009 3664 ei
1048 3623 1127 3675 qui
1164 3622 1349 3663 humilis
1390 3622 1670 3663 condicionis
1716 3621 1952 3662 mullerem
1991 3620 2106 3661 fictis

134 3689 359 3732 maiorum
389 3692 651 3735 nominibus
682 3693 918 3736 nobilitare
939 3695 1087 3748 vellet,
1119 3696 1283 3748 sponte
1314 3705 1362 3735 se
1393 3693 1642 3735 offerebant
1672 3693 1895 3735 eiusmodi
1926 3694 2106 3735 nomina
