2314 3970
139 220 207 272 ⁴5]
805 218 994 259 Arsino‘e
1025 218 1272 258 Ptolemaei
1303 218 1320 256 1
1351 217 1454 258 filia.
2050 221 2119 267 45

136 391 262 442 (Plut.
292 391 487 430 Demetr.
520 390 602 442 38),
644 389 691 429 id
721 389 849 440 quod
879 390 1058 430 circiter
1089 400 1206 429 anno
1239 391 1319 431 293
1353 401 1391 430 a.
1422 389 1523 430 Chr.
1557 387 1725 429 factum
1757 400 1857 430 esse
1894 390 2122 443 colligitur

135 462 239 504 inde
269 461 396 514 quod
425 461 569 501 filium
591 462 702 501 natu
722 462 973 502 maximum
995 472 1050 501 ex
1072 461 1160 501 hoc
1180 461 1470 501 matrimonio
1500 462 1765 513 susceptum
1787 461 2060 503 Antiochum
2085 464 2122 502 ll

134 534 280 574 Deum
321 533 413 574 fere
451 543 568 573 anno
609 534 690 572 292
723 544 761 573 a.
794 533 895 573 Chr.
934 534 1093 573 natum
1130 533 1301 572 scimus
1339 531 1561 584 (Droysen
1599 531 1755 573 Gesch.
1790 533 1868 573 des
1907 533 2121 574 Hellenis-

135 615 240 646 mus
270 606 321 658 ΙΙ,
344 607 368 644 2
400 615 444 657 p.
468 607 548 645 293
573 603 694 655 not.).
745 605 839 645 Iam
859 604 1124 656 Droysenus
1145 604 1339 656 negavit,
1372 614 1428 644 ex
1451 604 1632 644 nomine
1656 601 1877 658 βασίλισσα
1907 605 2122 647 Arsinoae

134 677 324 729 tributo,
355 676 633 717 Stratonicae
664 687 754 717 non
784 676 907 727 item,
938 675 1031 715 ullo
1063 674 1201 716 modo
1234 675 1382 727 colligi
1415 676 1563 728 licere,
1596 664 1732 717 huius
1763 677 1883 717 tituli
1914 679 2122 729 tempore

134 748 257 790 illam
299 747 484 801 quidem
521 748 611 788 iam
651 749 841 800 nuptam
880 746 1031 799 fuisse,
1072 747 1188 786 hanc
1223 757 1331 787 vero
1364 747 1602 787 etiamtum
1639 748 1874 801 virginem,
1921 750 2123 801 quando-

135 819 319 873 quidem
367 820 608 871 utriusque
657 820 842 871 nuptiae
891 819 1067 871 priores
1122 818 1167 857 in
1220 817 1341 858 idem
1392 819 1575 870 tempus
1628 820 1904 862 incidissent.
1987 821 2121 861 Recte

134 892 222 933 hoc
260 891 444 944 quidem
483 891 577 943 ille;
619 891 699 932 sed
738 901 961 943 quaenam
999 890 1182 931 tandem
1224 890 1344 930 illius
1386 889 1661 932 discriminis
1703 902 1842 933 causa
1872 895 2004 945 esset,
2047 893 2122 933 de-

134 963 262 1004 finire
293 975 383 1004 non
413 965 482 1004 est
522 965 725 1015 conatus,
768 973 915 1015 neque
953 961 999 1002 id
1030 961 1157 1002 facile
1194 961 1291 1001 fieri
1329 962 1510 1014 poterit,
1553 963 1589 1002 si
1628 965 1822 1016 utraque
1861 964 2039 1016 pridem
2078 965 2124 1004 in

135 1035 424 1076 matrimonio
449 1037 658 1076 versante
687 1035 775 1075 hoc
806 1035 1155 1075 monumentum
1177 1032 1435 1074 dedicatum
1458 1035 1725 1075 statuemus.
1776 1036 1832 1076 At
1863 1036 1901 1076 si
1931 1038 2124 1088 utraque

134 1108 263 1159 virgo
295 1106 392 1160 fuit,
432 1107 607 1159 regium
643 1117 808 1147 nomen
848 1106 1033 1147 honoris
1073 1115 1209 1146 causa
1239 1104 1455 1146 Arsinoae
1494 1106 1762 1158 impositum
1793 1107 1898 1157 (not.
1922 1109 1975 1160 l),
2018 1118 2123 1148 cum

135 1179 387 1221 Stratonice
427 1190 481 1220 eo
523 1179 762 1219 etiamtum
801 1180 964 1230 careat,
1018 1189 1071 1218 eo
1110 1178 1263 1218 minus
1303 1177 1563 1219 offensionis
1602 1177 1751 1230 habet,
1791 1179 1899 1230 quia
1939 1180 2123 1221 omnino

134 1251 396 1303 ignoramus
434 1262 545 1292 num
583 1251 868 1302 reliquorum
910 1261 1070 1302 regum
1109 1250 1154 1291 in
1186 1250 1271 1290 hac
1309 1261 1359 1290 re
1389 1250 1547 1290 eadem
1581 1250 1865 1291 consuetudo
1906 1250 2042 1292 fuerit
2073 1263 2125 1292 ac

135 1322 416 1375 Lagidarum.
479 1322 612 1370 Quod
642 1333 750 1363 vero
782 1322 969 1362 maximi
1001 1322 1219 1362 momenti
1251 1323 1332 1373 est,
1376 1323 1478 1373 quis
1510 1322 1693 1362 tandem
1734 1322 1899 1375 credet,
1938 1324 1977 1364 si
2019 1326 2125 1375 post

137 1406 306 1437 annum
338 1397 419 1436 274
453 1406 490 1436 a.
514 1395 615 1436 Chr.
639 1405 695 1447 n.‚
726 1394 773 1434 id
804 1394 928 1447 quod
957 1394 1194 1447 Droyseno
1226 1394 1423 1434 maxime
1454 1394 1690 1446 probabile
1721 1394 1915 1448 videtur,
1956 1396 2124 1436 Strato-

137 1468 236 1508 nice
266 1467 474 1508 Antiochi
511 1478 629 1508 uxor
658 1467 876 1508 Arsinoae
907 1466 1151 1507 Ptolemaei
1182 1465 1459 1518 Philadelphi
1496 1467 1678 1518 coniugi
1718 1468 1914 1507 statuam
1956 1478 2125 1519 ponen-

138 1538 243 1578 dam
273 1539 492 1589 curasset,
534 1549 634 1578 eam
665 1538 807 1590 patris
839 1537 1022 1590 quidem
1055 1538 1138 1590 qui
1169 1537 1325 1578 multis
1364 1538 1492 1578 annis
1523 1540 1625 1578 ante
1657 1538 1702 1578 in
1733 1538 1907 1578 Seleuci
1937 1540 2125 1591 captivi-

137 1611 230 1650 tate
268 1610 431 1651 misere
467 1612 512 1650 et
551 1610 746 1662 turpiter
785 1610 994 1662 perierat,
1037 1620 1203 1650 nomen
1245 1620 1328 1650 suo
1370 1609 1687 1650 adiuncturam
1719 1609 1870 1662 fuisse,
1908 1612 2124 1651 maritum

140 1692 249 1722 vero
282 1691 432 1733 regem
464 1682 876 1734 opulentissimum,
919 1682 1049 1722 cuius
1089 1692 1218 1722 amor
1256 1692 1361 1734 erga
1391 1682 1537 1733 ipsam
1570 1693 1711 1733 paene
1751 1683 1795 1723 in
1827 1683 2124 1734 proverbium

139 1753 263 1806 abiit,
296 1753 472 1794 silentio
503 1750 960 1806 praetermissuram?
1011 1753 1143 1801 Quod
1174 1755 1218 1794 et
1248 1753 1305 1794 ab
1327 1754 1471 1805 ipsius
1493 1755 1644 1793 mente
1665 1753 1995 1794 alienissimum
2027 1765 2127 1795 esse

138 1823 346 1877 debebat,
391 1827 436 1865 et
480 1836 586 1865 cum
625 1825 797 1866 solenni
835 1825 956 1866 illius
994 1826 1153 1866 aetatis
1195 1836 1323 1866 more
1359 1824 1592 1877 pugnabat
1623 1825 1689 1876 (cf.
1723 1837 1764 1866 n.
1800 1829 1866 1879 ⁴5,
1899 1829 1936 1867 2.
1971 1829 2038 1879 20,
2071 1827 2124 1877 4).

138 1896 347 1937 Ceterum
380 1896 427 1937 G.
449 1896 716 1948 LumbrOSO‚
747 1897 1029 1938 Becherches
1051 1908 1131 1938 sur
1151 1897 1416 1939 l’economie
1438 1897 1658 1949 politique
1680 1898 1735 1938 de
1756 1895 1962 1950 l'Egypte
1986 1909 2029 1951 p.
2043 1902 2057 1937 4
2072 1902 2123 1939 57

139 1978 244 2008 cum
276 1969 397 2009 hunc
433 1968 619 2009 titulum
649 1969 766 2009 inter
803 1970 1062 2010 testimonia
1102 1969 1365 2011 commercii
1397 1969 1758 2010 Ptolemaeorum
1798 1980 1904 2010 cum
1945 1970 2125 2010 Graecis

137 2039 288 2082 Italiae
310 2041 575 2093 Siciliaeque
606 2040 766 2082 incolis
797 2040 970 2095 referat,
1003 2040 1241 2082 manifesto
1274 2042 1623 2082 monumentum
1655 2042 1907 2094 antiquitus
1938 2041 2124 2094 Neapoli

139 2114 342 2153 erectum
371 2112 515 2154 fuisse
546 2113 787 2154 existimat.
846 2112 904 2153 At
934 2113 980 2154 id
1011 2113 1133 2154 nullo
1167 2113 1304 2154 modo
1339 2112 1554 2154 credibile
1585 2115 1666 2165 est,
1710 2114 1794 2154 etsi
1834 2114 1954 2154 unde
1985 2115 2126 2166 potis-

140 2185 307 2225 simum
345 2185 391 2225 in
430 2186 766 2237 possessionem
804 2185 925 2226 illius
966 2186 1184 2238 principis
1214 2179 1503 2238 'Neapolitani
1544 2185 1609 2227 (cf.
1650 2186 1827 2236 lemma)
1867 2187 2128 2238 pervenerit

140 2257 385 2308 ignoratur.

250 2439 323 2494 15
376 2444 742 2494 Samothracae
780 2446 832 2493 in
875 2447 1067 2509 templo
1113 2445 1333 2494 rotundo
1373 2442 1640 2511 (Arsinoio)
1680 2446 1969 2510 epistylium
2006 2446 2127 2494 titu-

140 2530 245 2578 lum
294 2530 518 2579 habebat
556 2545 648 2595 per
705 2545 798 2580 sex
841 2531 1033 2596 lapides
1081 2532 1341 2595 contiguos
1389 2532 1750 2594 continuatam,
1811 2532 1902 2580 sed
1954 2532 2023 2580 ita
2071 2536 2128 2580 ut

141 2616 338 2680 primus
384 2630 415 2664 a
464 2616 667 2665 sinistra
710 2631 813 2666 non
861 2615 1074 2666 haberet
1121 2617 1215 2666 nisi
1265 2617 1390 2666 duas
1439 2617 1632 2666 litteras
1686 2618 1899 2666 initiales
1945 2633 2124 2666 versus

142 2701 311 2765 primi,
352 2705 527 2750 sextus
564 2706 736 2750 ternas
762 2702 1026 2767 utriusque
1054 2717 1236 2751 versus
1274 2702 1464 2765 finaleS,
1506 2702 1699 2767 reliqua
1724 2717 1848 2752 vero
1877 2703 2129 2767 scriptura

145 2790 385 2850 quattuor
422 2787 707 2837 mediorum
743 2788 971 2853 lapidum
1020 2788 1309 2837 latitudines
1359 2791 1493 2837 totas
1542 2789 1780 2853 expleret,
1833 2803 1935 2837 non
1979 2790 2128 2852 plane

144 2886 307 2936 aequo
351 2873 635 2922 litterarum
678 2865 905 2923 numero.
970 2875 1113 2922 Anno
1157 2875 1292 2923 ⁴842
1344 2875 1403 2923 H.
1435 2874 1642 2939 Kiepert
1678 2875 1898 2939 lapidem
1949 2888 2127 2922 secun-

148 2958 268 3006 dum
306 2961 355 3006 et
393 2959 625 3022 quintum
661 2960 852 3008 invenit
888 2960 1163 3024 titulosque
1211 2961 1494 3025 exscripsit,
1547 2974 1674 3024 quos
1720 2960 2009 3008 minusculis
2048 2960 2128 3007 lit-

145 3043 266 3092 teris
306 3044 383 3092 ed.
423 3045 464 3093 J.
495 3045 657 3093 Franz
695 3045 873 3094 Annali
912 3043 1022 3094 dell’
1058 3047 1172 3095 inst.
1215 3046 1353 3096 arch.
1390 3047 1535 3095 Rom.
1569 3046 1704 3094 4842
1746 3062 1794 3110 p.
1829 3045 1944 3092 439.
2012 3046 2128 3109 Ipsa

146 3129 368 3194 Kieperti
388 3130 688 3195 apographa
707 3131 924 3195 imagine
945 3135 1182 3180 accurata
1208 3135 1570 3197 expresserunt
1588 3132 1643 3179 A.
1669 3131 1831 3180 Conze
1857 3131 1912 3178 A.
1931 3131 2129 3179 Hauser

148 3213 204 3263 G.
234 3215 480 3264 Niemann
518 3215 970 3281 Archaeologische
995 3218 1452 3282 Untersuchungen
1479 3218 1572 3266 auf
1593 3215 1930 3266 Samothrake
1967 3232 2016 3281 p.
2045 3217 2124 3265 46.

147 3300 331 3350 Postea
376 3303 626 3351 secundus
663 3303 791 3367 lapis
829 3304 994 3368 periit,
1044 3304 1204 3369 quinti
1242 3305 1512 3368 imaginem
1559 3305 1938 3367 proposuerunt
1975 3302 2127 3351 iidem

147 3386 249 3435 tab.
279 3388 428 3435 LVIII
457 3387 538 3451 fig.
573 3389 615 3436 l.
683 3390 864 3438 Totum
890 3391 1106 3452 titulum,
1149 3405 1300 3455 quem
1340 3390 1405 3437 ad
1430 3389 1676 3437 Arsinoen
1713 3388 1910 3452 primus
1938 3389 2129 3438 rettulit

151 3471 337 3521 Deville
374 3472 618 3522 Archives
658 3474 746 3523 des
784 3476 1016 3525 Missions
1054 3477 1118 3526 IV
1155 3492 1204 3541 p.
1236 3476 1356 3538 262,
1403 3474 1732 3523 restituerunt
1779 3474 1942 3543 eidem
1979 3491 2028 3539 p.
2063 3474 2126 3521 46

153 3553 283 3622 (inde
312 3560 438 3608 Matz
475 3563 524 3607 et
548 3573 652 3608 von
678 3559 828 3609 Duhn
854 3562 1100 3611 Bulletino
1127 3558 1237 3610 dell’
1265 3561 1377 3608 inst.
1408 3559 1545 3608 arch.
1575 3561 1720 3609 Rom.
1754 3558 1890 3609 4876
1931 3576 1980 3625 p.
2009 3560 2062 3608 Μ
2081 3562 2126 3608 Ο.

152 3643 193 3690 J.
227 3643 282 3692 P.
320 3643 541 3708 Mahaffy
579 3644 684 3694 The
722 3647 913 3711 empire
952 3649 1010 3697 of
1041 3647 1129 3697 the
1167 3646 1435 3695 Ptolemies
1473 3661 1522 3710 p.
1561 3645 1660 3694 ⁴36
1703 3661 1817 3695 cum
1856 3650 1959 3695 not.
1993 3645 2040 3710 4)
2082 3650 2131 3694 et
