2314 3970
195 168 298 215 644
643 167 734 208 Vll.
781 167 928 218 Regna
959 166 1277 207 Arsacidarum
1309 168 1354 207 et
1384 166 1714 208 Sasanidarum.
2012 167 2171 220 [432-
2243 166 2246 170 ’

191 341 602 408 Photographica
629 344 739 390 arte
761 339 990 390 effectam
1018 340 1331 390 monumenti
1349 341 1622 407 imaginem
1646 342 1917 408 proposuit
1937 342 1989 392 F.
2007 342 2172 393 Stolze

189 430 472 495 Persepolis
499 429 557 493 ΙΙ,
597 427 699 477 tab.
734 427 850 476 116.
912 426 983 476 Cf.
1027 440 1156 492 quae
1196 427 1258 476 de
1287 428 1431 477 titulo
1458 431 1804 494 exposuerunt
1829 429 1920 478 Th.
1950 430 2174 481 Noldeke

189 532 269 582 ap.
321 515 697 578 Bezzenberger
741 514 971 579 Beitriige
1016 514 1082 565 IV
1124 529 1174 579 p.
1206 514 1272 563 22
1297 529 1406 580 sqq.
1459 514 1525 563 35
1549 530 1622 580 sq.
1700 516 1883 565 Tabari
1926 532 1978 582 p.
2011 516 2075 565 18
2123 520 2174 567 et

189 603 325 668 apud
354 602 518 651 Stolze
543 602 829 667 Persepolis
856 602 899 649 II
924 616 973 667 p.
1000 600 1047 650 3.
1107 601 1160 650 E.
1185 601 1377 651 Drouin
1406 601 1581 651 Revue
1615 601 2003 668 archeologique
2029 604 2174 653 Troi-

188 689 343 738 sieme
381 688 510 738 serie
546 688 729 736 XXXII
769 687 906 737 1898
945 703 994 754 p.
1027 684 1093 736 67
1115 703 1225 754 sqq.

1133 831 1196 880 43

331 915 489 969 Τοῦτο
528 915 582 969 τὸ
622 915 1002 987 [π]ρόσω[1τ.·]ομ1
1028 829 1371 968 Μα(σδά20)νουῖ
1411 914 1416 983 Ι
1457 914 1581 967 θεοῦ
1600 911 1985 986 Ἀρτα[Εάρ]003,
2030 918 2174 987 βασι-

330 1003 457 1062 λέως
509 1003 757 1073 βασιλέων
811 1001 816 1072 Ι
858 999 1129 1072 Ἀριανῶν4
1185 1002 1260 1070 [ἐκ
1315 1001 1541 1072 γ]έ[ν]ους
1597 1002 1779 1070 θεῶνῦ,
1837 1003 1947 1054 υἱοῦ
1995 1003 2001 1073 Ι
2048 1004 2172 1056 θεοῦ

330 1087 618 1142 Παττόωιου6
656 1088 953 1160 βα[σιλ]έως.

299 1251 492 1291 Litterae
532 1249 759 1291 ΘΘΠΟω.
926 1250 940 1287 1
987 1247 1087 1289 Non
1128 1247 1301 1301 faciem,
1340 1247 1421 1289 sed
1458 1247 1651 1300 effigiem
1690 1248 1931 1301 significari
1971 1252 2171 1303 apparet.

185 1323 323 1363 Cuius
364 1322 562 1363 notionis
594 1321 814 1362 Graecum
847 1319 1033 1373 quidem
1073 1320 1331 1372 exemplum
1374 1320 1549 1361 nullum
1580 1321 1702 1374 novi,
1744 1322 1829 1362 etsi
1861 1322 2005 1363 multo
2037 1322 2174 1364 latius

184 1396 386 1448 patuisse
425 1395 520 1435 vim
559 1393 773 1434 inferiore
809 1394 954 1434 aetate
991 1404 1129 1445 quam
1170 1393 1422 1446 antiquitus
1463 1393 1607 1434 multa
1637 1394 1827 1446 vestigia
1865 1394 2075 1448 indicant,
2117 1406 2173 1436 ex

134 1471 136 1474 '
183 1467 352 1520 quibus
382 1467 584 1519 tetigisse
615 1465 808 1507 sufficiet
836 1475 974 1506 usum
1006 1464 1061 1505 de
1082 1464 1230 1506 tribus
1261 1465 1467 1518 personis
1497 1465 1663 1507 divinis
1693 1465 1738 1506 in
1769 1466 1856 1507 illis
1888 1465 1943 1508 de
1973 1467 2173 1508 trinitate

184 1539 569 1593 disputationibus
610 1537 1042 1591 frequentissimum.
1093 1536 1217 1578 Adde
1258 1537 1382 1590 quod
1409 1537 1486 1578 Tb.
1509 1536 1708 1579 Noldeke
1746 1538 1856 1578 mihi
1888 1549 1971 1591 per
1998 1538 2171 1579 litteras

184 1612 466 1665 significavit,
505 1612 551 1652 in
588 1610 802 1652 omnihus
841 1610 1044 1651 dialectis
1081 1608 1330 1651 Aramaicis
1368 1621 1534 1651 nomen
1559 1609 1760 1665 parsb‘pa‘
1798 1610 1854 1651 ab
1893 1611 1970 1652 illo
2001 1611 2170 1652 Graeco

184 1684 439 1725 derivatum
472 1683 666 1724 similem
705 1683 936 1724 notionem
979 1682 1159 1735 habere,
1197 1683 1258 1723 ita
1298 1683 1351 1723 ut
1380 1676 1646 1735 ‘personam
1687 1683 1878 1724 alicuius
1916 1677 2171 1724 assumere'

184 1756 273 1797 fere
304 1756 425 1797 idem
457 1757 577 1797 esset
617 1757 753 1808 atque
795 1755 914 1796 illius
946 1755 1138 1796 formam
1171 1765 1223 1795 ac
1261 1755 1460 1807 speciem
1500 1754 1702 1808 induere,
1740 1755 1943 1808 itemque
1975 1755 2174 1810 pam-eope

182 1826 317 1870 dehul
340 1840 450 1883 ynes
482 1826 701 1883 (πρόσωπα
733 1826 886 1874 παντὸς
916 1824 1078 1883 γένους)
1118 1826 1206 1868 (1101
1238 1828 1290 1867 ut
1319 1826 1488 1879 figurae
1520 1827 1666 1868 omnis
1706 1827 1882 1879 generis
1921 1827 2172 1869 indicaren-

181 1902 268 1941 tur.
329 1901 532 1953 Denique
571 1900 618 1940 in
656 1900 793 1940 huius
834 1899 954 1939 tituli
995 1899 1203 1940 versione
1241 1899 1478 1940 Pahlavica
1517 1899 1621 1940 voci
1664 1899 1858 1940 Graecae
1894 1899 2172 1953 respondere

177 1970 343 2026 patkrc'i
374 1972 431 2023 (in
463 1972 712 2013 recentiore
743 1971 895 2023 lingua
925 1972 1168 2012 Persarum
1193 1969 1392 2026 Ραϋοαν),
1435 1971 1563 2024 quod
1600 1971 1843 2024 imaginem
1883 1971 2169 2025 significaret.

181 2048 204 2084 2
236 2044 520 2085 Vocabulum
553 2044 781 2085 Persicum
812 2042 1139 2098 maxdayama
1169 2044 1389 2084 cultorem
1420 2044 1588 2084 summi
1618 2043 1688 2084 dei
1710 2041 1894 2098 Maxda,
1927 2045 2007 2097 qui
2036 2045 2169 2096 volgo

179 2117 361 2158 nomine
393 2116 651 2169 composito
673 2112 1030 2157 Ahara-maxda
1060 2116 1315 2168 appellatur
1346 2115 1454 2167 (not.
1481 2116 1518 2167 7)
1551 2116 1659 2157 satis
1691 2118 1901 2156 accurate
1931 2117 2004 2157 hic
2035 2117 2170 2157 Grae-

180 2190 244 2229 cis
286 2189 448 2229 litteris
489 2188 717 2229 redditum
756 2189 837 2228 est.
1017 2191 1038 2227 3
1079 2187 1350 2228 Artaxerxes
1382 2188 1400 2227 I
1445 2189 1570 2240 regni
1601 2187 1921 2229 Sasanidarum
1962 2188 2171 2229 conditor

181 2263 421 2312 (224—242
453 2271 495 2313 p.
527 2260 627 2301 Chr.
661 2260 732 2312 n.).
792 2259 971 2301 Nomen
1010 2271 1053 2300 11.
1088 2262 1182 2313 434,
1216 2261 1234 2299 4
1278 2260 1502 2312 integrum
1544 2261 1704 2313 exstat,
1750 2260 1831 2301 sed
1873 2260 1946 2301 hic
1985 2272 2170 2313 quoque

179 2334 367 2375 eandem
400 2335 535 2385 atque
566 2333 657 2372 illic
688 2333 961 2384 scripturam
1002 2331 1141 2372 fuisse
1181 2331 1471 2372 manifestum
1511 2333 1592 2372 est.
1655 2331 1752 2379 Qua
1792 2332 2030 2385 indicatur,
2070 2335 2169 2373 tum

178 2407 267 2447 iam
300 2407 344 2445 in
377 2406 464 2446 hoc
495 2405 677 2445 nomine
711 2406 761 2444 ut
791 2405 836 2444 in
867 2404 966 2444 aliis
997 2403 1223 2445 similibus
1264 2402 1405 2458 (puhr
1434 2415 1490 2445 ex
1523 2402 1698 2458 puchra
1726 2417 1767 2446 11.
1795 2403 1916 2458 4343,
1954 2401 2084 2446 Mihr
2113 2416 2169 2445 ex

177 2475 366 2529 Mithra)
400 2478 644 2530 aspiratam
677 2475 724 2518 th
754 2477 797 2517 in
830 2476 1084 2529 simplicem
1121 2477 1369 2529 spirantem
1401 2475 1432 2518 h
1462 2478 1684 2518 mutatam
1715 2476 1867 2530 fuisse,
1909 2479 1962 2518 ut
1992 2478 2169 2518 Persice

178 2550 269 2590 fere
300 2543 557 2591 Artahffahr
587 2549 969 2602 pronuntiaretur.
1032 2548 1165 2588 Tituli
1197 2550 1464 2601 nummique
1495 2549 1724 2590 Pahlavici
1760 2559 1868 2590 sane
1897 2547 1945 2590 th
1974 2550 2169 2590 retinent

178 2622 494 2663 Sasanidarnm
526 2623 684 2674 aetate,
727 2622 804 2661 sed
837 2622 924 2662 hoc
964 2620 1203 2662 manifesto
1244 2632 1349 2662 cum
1388 2623 1488 2662 tota
1526 2623 1688 2662 natura
1725 2622 1862 2662 huius
1900 2622 2166 2675 scripturae,

177 2706 293 2746 quae
325 2694 467 2735 multa
499 2693 705 2734 obsoleta
736 2695 992 2747 conservat,
1032 2694 1256 2734 cohaeret.
1318 2693 1610 2735 Memorabile
1641 2695 1711 2734 est
1740 2694 1814 2734 hic
1845 2695 1950 2747 post
1980 2691 1999 2741 ξ
2029 2694 2165 2734 etiam

176 2777 443 2818 comparere
490 2766 719 2818 antiquam
761 2765 966 2806 vocalem
1006 2762 1137 2822 ἄλφα,
1184 2776 1288 2806 011111
1328 2766 1598 2818 plerumque
1645 2766 1747 2806 inde
1786 2778 1811 2806 a
1847 2765 2165 2807 Sasanidarum

176 2838 462 2891 temporibus
491 2841 511 2878 ῐ
551 2838 731 2889 (Graece
762 2838 1032 2890 plerumque
1062 2853 1112 2894 η,
1153 2838 1275 2890 quod
1314 2839 1410 2878 tum
1450 2838 1541 2878 iam
1572 2835 1596 2879 i
1622 2838 1762 2879 fuisse
1799 2849 1933 2879 nemo
1974 2839 2164 2890 ignorat)

175 2911 220 2950 in
253 2911 350 2952 eius
381 2911 534 2951 locum
566 2910 849 2962 successerit,
887 2910 949 2950 ita
980 2911 1032 2950 ut
1060 2903 1272 2964 Ἀρταξήρ,
1305 2903 1516 2966 Ἀρδεσήρ,
1548 2904 1788 2966 Ἀρτασίρης
1820 2909 1943 2962 apud
1973 2910 2165 2962 scripto·

177 2994 248 3023 res
285 2983 557 3035 Byzantinos
603 2983 873 3022 inveniatur.
948 2982 1152 3034 Denique
1192 2981 1370 3022 labente
1416 2983 1623 3035 tempore
1668 2982 1742 3022 hic
1784 2993 1969 3035 quoque
2014 2981 2164 3023 media

175 3056 357 3095 tenuem
398 3055 572 3107 expulit
619 3054 749 3104 (01.11.
775 3053 853 3107 49),
896 3056 946 3094 ut
981 3055 1242 3094 nasceretur
1286 3054 1514 3106 scriptura
1548 3047 1757 3107 Arda-fir,
1798 3048 1999 3107 Ανᾶεὲἳν,
2046 3065 2164 3106 quae

175 3139 264 3168 non
297 3127 433 3168 modo
464 3127 509 3167 in
542 3127 789 3167 recentiore
822 3127 1059 3167 Persarum
1090 3126 1241 3178 lingua
1273 3117 1460 3178 obtinet,
1498 3126 1578 3167 sed
1609 3128 1699 3167 iam
1731 3126 1855 3179 apud
1885 3126 2163 3178 antiquiores

176 3200 421 3251 scriptores
453 3198 624 3239 Arabas
665 3200 710 3239 et
741 3200 878 3251 Syros
909 3209 1051 3251 paene
1092 3199 1355 3239 constanter
1386 3198 1669 3240 observatur.
1728 3199 1804 3239 Th.
1827 3198 2028 3240 Noldeke
2065 3198 2164 3239 Bei-

175 3273 298 3323 trage
331 3271 387 3311 IV
427 3282 469 3324 p.
497 3275 546 3312 35
583 3273 674 3312 not.
702 3275 737 3312 1.
799 3270 860 3311 Cf.
899 3272 1033 3311 etiam
1074 3271 1116 3310 F.
1147 3270 1261 3311 Justi
1302 3270 1552 3312 Iranisches
1589 3270 1885 3312 Namenbuch
1923 3281 1966 3323 p.
1991 3272 2043 3311 34
2061 3281 2160 3323 sqq.

174 3343 238 3382 De
269 3343 414 3384 forma
445 3342 731 3385 memorabili
764 3343 977 3395 nominis,
1009 3343 1054 3382 in
1086 3354 1175 3395 qua
1197 3343 1433 3394 antiquum
1466 3341 1538 3384 thr
1567 3344 1610 3383 in
1642 3355 1688 3384 ss
1718 3343 1830 3383 abiit
1861 3337 2159 3400 (Ἀρταξέσσεω)

175 3414 226 3454 cf.
261 3413 389 3466 Syll.2
410 3414 531 3455 5733.
683 3418 700 3454 4
746 3414 806 3455 Cf.
839 3426 880 3454 n.
905 3416 985 3454 434
1000 3413 1030 3454 4.
1094 3414 1223 3462 Quod
1265 3414 1570 3456 additamento
1611 3413 1681 3455 καὶ
1711 3409 1960 3472 Ἀναριανῶν
2001 3415 2159 3454 etiam-

174 3487 271 3525 tum
319 3487 514 3527 abstinet
558 3487 842 3539 Artaxerxes,
890 3498 943 3527 00
988 3485 1189 3527 Noldeke
1229 3483 1391 3527 Tabari
1430 3497 1470 3538 p.
1497 3490 1549 3527 18
1597 3486 1861 3528 observavit
1905 3486 2157 3527 certissima

174 3557 349 3597 ratione
398 3558 537 3598 refelli
586 3559 867 3599 narrationes
916 3559 971 3599 de
1014 3558 1276 3599 Chorasmia
1318 3558 1508 3611 aliisque
1547 3559 1808 3611 regionibus
1847 3560 1971 3600 trans
2010 3558 2157 3598 Oxum

174 3629 274 3669 sitis
306 3628 362 3669 ab
403 3630 474 3669 illo
507 3641 642 3682 regno
676 3641 759 3671 suo
793 3630 993 3671 adiectis.
1054 3630 1168 3671 Nam
1208 3630 1306 3671 illas
1348 3631 1491 3671 terras
1533 3642 1767 3684 nunquam
1797 3630 1987 3671 Arianae
2018 3615 2155 3682 (fo-an)
