2314 3970
97 213 165 265 92]
528 207 810 248 Ptolemaeus
834 208 869 247 V
901 206 1156 260 Epiphanes
1188 206 1422 258 (205—481
1455 219 1491 246 a.
1516 206 1646 257 Chr.).
1972 206 2070 256 167

225 379 380 452 Ὑπὲρ
422 380 670 452 βασιλέως
695 378 1013 449 Πτολεμαίου
1051 381 1138 432 τοῦ
1167 377 1176 451 Ι
1205 378 1536 449 Πτολεμαίου,
1579 378 1701 431 θεοῦ
1729 374 2032 449 Ἐπιφανοῦς
2062 378 2068 449 Ι

235 467 320 521 καὶ
356 465 723 539 Εὖχαρίστουῑ,
759 459 907 520 Ἴσιδι
954 466 1074 519 θεᾶι
1121 463 1336 536 μεγάληι
1377 465 1383 536 Ι
1422 463 1504 519 τὸν
1555 462 1674 518 ναὸν
1723 462 1808 517 καὶ
1843 462 1897 517 τὸ
1940 463 2069 535 ἱερὸν

182 569 206 608 5
234 551 319 606 καὶ
355 549 420 606 τὰ
463 551 767 623 προσόνταΙΙ
804 552 962 606 αὖτῶι
997 552 1202 622 ταμιεῖα
1239 549 1324 605 καὶ
1367 547 1431 605 τὰ
1487 551 1822 623 συνκύροντα2
1861 550 1867 622 l
1909 549 2070 604 πάντα

234 640 372 694 Θέων
402 635 740 711 Ἡρακλείδου
779 637 1105 710 Μαρωνεύς3.

205 804 221 841 4
260 800 567 842 Ptolemaeum
589 800 627 841 V
648 800 929 853 Epiphanem
964 799 1197 851 (205-484
1229 810 1266 839 a.
1290 798 1405 849 Chr.)
1439 799 1513 839 hic
1534 809 1623 839 non
1646 810 1811 853 regem,
1842 797 1922 840 sed
1953 800 2070 852 regis

91 875 264 929 patrem
301 872 542 925 significari
581 873 740 914 statuit
778 872 945 925 Strack,
986 871 1093 924 quia
1134 881 1224 912 non
1262 871 1482 911 usitatum
1523 872 1644 911 esset
1686 871 1761 912 illa
1796 872 2071 924 cognomina

89 943 191 989 θεοῦ
216 939 476 1001 Ἐπιφανοῦς
504 942 577 985 καὶ
607 940 873 1002 Εὐχαρίστου
904 943 996 985 ulla
1027 943 1114 984 alia
1143 954 1204 995 re,
1246 953 1299 983 ac
1329 942 1622 995 potissimum
1661 943 1845 995 quidem
1887 944 2070 996 originis

89 1017 423 1071 significatione,
463 1029 489 1058 a
525 1017 715 1070 proprio
755 1017 937 1057 nomine
975 1015 1183 1067 disiungi.
1244 1015 1402 1067 Itaque
1442 1015 1481 1055 si
1519 1010 1624 1072 ὑπὲρ
1664 1012 1871 1069 βασιλέως
1912 1012 2071 1057 Πτολε-

89 1088 215 1147 μαίου
247 1089 303 1131 ad
333 1090 485 1143 ipsum
506 1089 788 1143 Epiphanem
818 1089 1056 1142 spectaret,
1089 1087 1243 1140 potius
1274 1083 1381 1142 ὑπὲρ
1414 1083 1621 1142 βασιλέως
1652 1083 1936 1142 Πτολεμαίου,
1966 1084 2070 1129 θεοῦ

87 1156 344 1219 Ἐπιφανοῦς
373 1160 447 1203 καὶ
466 1157 745 1220 Εὐχαρίστου,
776 1162 851 1202 τοῦ
884 1157 934 1202 ἐκ
955 1156 1163 1214 βασιλέως
1183 1154 1451 1215 Πτολεμαίου
1473 1157 1717 1200 dicendum
1740 1158 1891 1200 fuisse.
1938 1158 2072 1207 Quod

87 1236 132 1278 in
161 1235 427 1276 universum
459 1233 644 1288 quidem
674 1234 796 1275 recte
835 1232 1129 1275 observatum
1168 1233 1249 1285 est,
1292 1242 1438 1284 neque
1476 1232 1628 1272 tamen
1666 1231 1830 1272 desunt
1865 1232 2072 1285 exempla

87 1308 291 1350 diversae
326 1307 648 1349 collocationis.
709 1305 769 1347 Cf.
802 1306 1046 1358 praecipue
1078 1316 1119 1345 n.
1151 1305 1257 1345 ⁴210:
1303 1299 1538 1358 [β]α[σ]ιλὲα
1568 1299 1909 1359 [Πτ]ολε[μ]αῖον,
1941 1303 2071 1357 [τ]ὸ[ν]

89 1376 351 1436 βα[σ]ιλ[έως]
383 1375 652 1435 Πτολεμαίου
683 1375 771 1430 κα[ὶ
810 1374 1134 1433 βα]σιλ[ί]σσ[η]ς
1165 1371 1477 1430 Κλεο[π]οίτρας
1509 1372 1737 1430 ἀδελ[φ]όν,
1779 1373 1879 1418 θεὸν
1911 1372 2071 1429 [Φ]ιλο-

87 1449 264 1510 μήτορα,
303 1447 333 1507 ἡ
365 1448 530 1504 π[ό]λις,
570 1451 616 1491 et
653 1460 770 1503 quae
807 1449 938 1491 attuli
980 1460 1021 1490 n.
1045 1448 1140 1490 851.
1199 1447 1347 1501 Atque
1386 1447 1473 1501 hic,
1516 1447 1595 1488 ubi
1636 1449 1781 1489 mater
1822 1449 1997 1490 tacetur
2027 1450 2071 1490 et

85 1524 227 1578 patris
256 1523 429 1565 nudum
461 1522 595 1565 modo
626 1533 791 1564 nomen
821 1522 1011 1575 ponitur
1039 1532 1094 1562 ex
1114 1521 1301 1574 antiquo
1324 1520 1599 1562 Graecorum
1630 1531 1757 1562 more
1787 1517 2070 1577 (Πτολεμαίου

84 1597 160 1637 τοῦ
190 1592 458 1652 Πτολεμαίου
498 1597 550 1636 ut
590 1591 847 1652 Περικλέους
876 1595 950 1636 τοῦ
984 1589 1249 1646 Ξανθίππου)
1296 1593 1543 1635 admodum
1583 1593 1786 1647 proclive
1824 1594 1920 1635 erat
1959 1594 2071 1635 haec

86 1680 174 1710 non
204 1667 429 1710 divellere.
490 1667 637 1716 Quare
669 1678 758 1708 non
788 1667 857 1708 est
896 1678 977 1707 cur
1015 1677 1070 1707 ex
1100 1666 1190 1707 hoc
1222 1676 1313 1707 uno
1347 1666 1479 1707 titulo
1522 1677 1627 1707 cum
1659 1666 1862 1707 Strackio
1894 1667 2071 1708 coniec-

85 1743 235 1782 turam
265 1740 482 1782 faciamus
514 1739 569 1781 de
601 1750 704 1792 rege
736 1740 968 1792 ceteroqui
998 1738 1131 1792 plane
1161 1739 1328 1791 ignoto,
1359 1738 1604 1780 Ptolemaei
1626 1738 1662 1778 V
1687 1738 1933 1792 Epiphanis
1963 1738 2069 1792 filio,

85 1813 444 1855 Ptolemaeorum
467 1812 524 1853 VI
546 1812 863 1854 Philometoris
885 1813 930 1852 et
950 1811 1048 1852 VIII
1070 1811 1316 1864 Euergetae
1336 1811 1375 1851 II
1406 1810 1543 1852 fratre
1573 1812 1683 1853 natu
1703 1812 1887 1852 maiore.
1939 1811 2070 1860 Quod

84 1885 181 1939 ipse
212 1884 440 1926 Strackius
470 1884 551 1925 Die
570 1884 788 1938 Dynastie
819 1884 899 1925 der
927 1883 1182 1925 Ptolemaer
1211 1894 1255 1936 p.
1279 1886 1358 1924 480
1394 1883 1664 1925 sententiam
1696 1884 1905 1938 mutavit,
1936 1883 1983 1924 id
2013 1884 2070 1925 ad

84 1967 333 2010 cognomen
372 1952 585 2013 Εὐπάτωρ
625 1956 776 2010 modo,
818 1955 942 2010 quod
982 1956 1109 1997 initio
1149 1955 1212 1996 illi
1253 1955 1418 1997 ficticio
1450 1956 1546 2008 regi
1585 1955 1822 2010 tribuerat,
1862 1957 2069 2010 spectare

84 2029 276 2071 videtur.
424 2032 448 2070 2
488 2028 549 2070 Cf.
581 2041 623 2070 n.
647 2031 699 2069 52
712 2027 743 2071 2.
892 2032 914 2069 3
954 2028 1049 2072 Hoc
1079 2028 1346 2081 ambiguum
1377 2030 1458 2071 est.
1509 2028 1686 2070 Etenim
1724 2029 1781 2071 ad
1810 2030 2067 2071 Maroneam

85 2102 303 2156 oppidum
334 2101 570 2155 antiquum
592 2102 814 2144 Graecum
846 2102 891 2142 in
921 2113 1001 2143 ora
1021 2101 1236 2143 Thraciae
1267 2102 1405 2143 situm
1431 2102 1676 2155 quominus
1707 2101 1928 2144 referatur
1959 2102 2068 2143 nihil

0 2159 1 2181 ί
85 2173 246 2216 obstat.
305 2173 355 2215 Id
384 2175 524 2216 statui
553 2174 688 2216 licere
732 2185 787 2215 ne
818 2174 1047 2216 Strackius
1085 2174 1270 2227 quidem
1313 2176 1458 2228 negat,
1496 2175 1581 2216 etsi
1619 2174 1758 2229 addit,
1797 2186 1903 2216 sane
1944 2175 2068 2217 cives

83 2246 357 2301 oppidorum
395 2247 664 2299 exiguorum
702 2247 741 2288 si
777 2248 822 2288 in
858 2246 1120 2299 regionibus
1151 2247 1408 2300 longinquis
1439 2249 1691 2300 versentur,
1731 2248 1876 2300 gentis
1913 2249 2067 2301 potius

85 2330 222 2373 quam
251 2319 379 2361 urbis
412 2319 711 2373 appellatione
739 2320 821 2362 uti.
882 2319 1015 2369 Quod
1045 2321 1097 2361 ut
1127 2319 1297 2373 aliquid
1327 2321 1426 2362 veri
1457 2319 1606 2373 habet,
1643 2320 1710 2362 sic
1739 2321 1785 2362 in
1815 2320 1937 2362 hunc
1967 2321 2067 2374 qui-

84 2391 187 2433 dem
225 2392 457 2434 hominem
496 2392 682 2434 omnino
721 2403 811 2434 non
849 2391 1054 2445 quadrat.
1114 2391 1229 2434 Nam
1270 2393 1384 2434 civis
1424 2393 1660 2434 Maroneae
1698 2393 1854 2447 oppidi
1893 2394 2066 2447 antiqui

85 2464 241 2506 Graeci
266 2464 467 2519 profecto
490 2465 638 2506 Thrax
669 2475 758 2506 non
787 2467 885 2506 erat
914 2475 1061 2518 neque
1090 2475 1287 2518 usquam
1309 2466 1534 2507 terrarum
1563 2466 1607 2506 in
1629 2467 1827 2507 mentem
1849 2467 1890 2507 ei
1911 2466 2066 2508 venire

83 2538 263 2591 poterat
292 2548 342 2579 se
372 2537 591 2579 Thracem
623 2537 860 2591 appellare.
911 2538 1226 2579 Maronensem
1257 2548 1366 2579 vero
1397 2538 1629 2579 hominem
1659 2539 1758 2580 tum
1789 2539 1835 2580 in
1855 2539 2063 2593 Aegypto

84 2609 344 2651 consedisse
388 2621 441 2652 eo
483 2610 635 2651 minus
673 2609 973 2663 improbabile
1012 2613 1095 2664 est,
1135 2611 1242 2664 quia
1282 2612 1404 2652 certe
1435 2611 1593 2664 paucis
1625 2612 1753 2652 annis
1795 2612 1899 2652 ante
1929 2612 2065 2653 huius

83 2681 201 2723 tituli
231 2683 451 2735 originem
482 2683 579 2724 eius
609 2683 804 2736 patriam
834 2683 1071 2725 etiamtum
1095 2684 1139 2724 in
1162 2683 1524 2725 Ptolemaeorum
1554 2683 1732 2725 dicione
1763 2683 1902 2725 fuisse
1930 2684 2066 2726 disci-

0 2766 1 2771 *
83 2765 186 2796 mus
207 2765 263 2796 ex
284 2754 473 2809 Polybio
489 2754 540 2808 V,
561 2756 627 2809 34,
650 2757 696 2797 8:
729 2753 964 2812 ἐφήδρευον
986 2753 1033 2798 δὲ
1055 2756 1196 2809 (reges
1216 2755 1409 2810 Aegypti
1430 2767 1577 2810 usque
1598 2756 1654 2799 ad
1675 2757 1985 2799 Ptolemaeum
2006 2757 2064 2798 IV

83 2825 384 2880 Philopatore)
414 2829 505 2874 τοῖς
535 2824 579 2869 ἐν
609 2826 662 2887 τῇ
695 2815 844 2885 Θρᾴκῃ
875 2827 946 2870 καὶ
976 2830 1067 2875 τοῖς
1099 2826 1142 2870 ἐν
1165 2823 1413 2885 Μακεδονίᾳ
1442 2826 1675 2886 πράγμασι,
1704 2833 1789 2871 τῶν
1817 2823 1905 2871 κατ’
1931 2826 2063 2872 Αἶνον

81 2896 156 2940 καὶ
190 2894 443 2957 Μαρώνειαν
479 2897 552 2942 καὶ
590 2899 857 2956 πορρώτερον
895 2898 958 2943 ἔτι
997 2898 1163 2943 πόλεων
1200 2898 1467 2958 κυριεύοντες
1508 2903 1553 2943 et
1584 2902 1710 2943 Livio
1741 2902 1900 2956 XXXI,
1925 2906 1993 2956 ⁴6,
2016 2905 2061 2944 4:

83 2973 123 3014 el
149 2968 418 3015 Maroneam
447 2969 627 3027 quidem
649 2970 806 3028 priano
835 2971 1008 3028 impetu
1037 2971 1310 3029 easpuynavit
1340 2974 1588 3028 (Philippus
1618 2975 1834 3016 Demetrii
1863 2974 1889 3016 f.
1910 2972 2062 3017 Mace-

84 3041 252 3084 donum
282 3055 363 3085 rex
394 3055 431 3085 a.
462 3047 541 3084 200
574 3055 611 3085 a.
633 3044 771 3097 Chr.);
811 3042 994 3088 Aenum
1032 3043 1139 3088 inde
1177 3058 1282 3089 cum
1317 3058 1485 3102 magno
1521 3044 1682 3100 labore,
1721 3048 1947 3101 postremo
1978 3059 2063 3101 per

77 3112 382 3170 proditionem
417 3112 679 3159 Callimedis
701 3115 924 3171 praefecti
949 3115 1198 3162 Ptolemaei
1222 3116 1348 3174 cepit.
1408 3119 1524 3161 Nam
1555 3119 1810 3160 Maroneam
1842 3120 1941 3159 tum
1973 3130 2061 3161 non

83 3187 234 3229 minus
264 3199 402 3242 quam
431 3187 606 3230 Aenum
637 3189 914 3242 praesidium
946 3191 1120 3243 regium
1152 3190 1367 3232 habuisse
1410 3192 1495 3232 etsi
1533 3202 1625 3232 non
1664 3191 1831 3232 dicitur
1867 3190 2060 3245 definite,

11 3279 13 3290 ÷
83 3260 234 3301 tamen
263 3260 424 3303 collato
445 3260 621 3314 Polybii
651 3261 750 3303 loco
781 3264 960 3304 certum
992 3263 1187 3305 videtur.
1238 3263 1294 3304 At
1323 3274 1379 3304 ne
1409 3263 1522 3305 illud
1544 3262 1728 3316 quidem
1759 3264 1912 3315 negari
1942 3263 2059 3317 licet,

11 3314 13 3330 ’
85 3331 270 3374 Strackii
300 3333 714 3387 interpretationem
746 3333 800 3376 de
832 3346 948 3388 pago
969 3336 1126 3390 oppidi
1146 3335 1439 3377 Alexandriae
1471 3347 1563 3376 non
1594 3335 1744 3376 minus
1775 3334 2059 3388 probabilem

85 3412 204 3458 esse;
244 3416 381 3458 quem
420 3416 589 3459 pagum
629 3406 843 3448 novimus
881 3418 936 3450 ex
976 3409 1126 3463 Satyri
1166 3408 1426 3450 testimonio
1469 3407 1548 3460 (Fr.
1579 3407 1683 3448 hist.
1716 3407 1786 3449 Gr.
1818 3408 1878 3448 III
1909 3419 1950 3461 p.
1978 3411 2057 3448 464

85 3473 236 3528 fragm.
260 3477 348 3530 2⁴):
382 3474 481 3521 ὅθεν
511 3474 582 3519 καὶ
611 3475 654 3518 ἐν
683 3478 737 3535 τῇ
765 3474 963 3537 Διονυσία
985 3478 1102 3538 φυλῇ
1132 3477 1262 3535 δῆμοί
1291 3477 1372 3520 εἰσι
1402 3476 1844 3537 κατακεχωρισμένοι·
1875 3502 1933 3510 -
1962 3476 2058 3523 Μα-

0 3547 16 3600 J·
87 3545 209 3603 ρωνὶς
237 3546 320 3591 ἀπὸ
350 3545 563 3606 Μάρωνος
594 3547 685 3591 υἱοῦ
714 3544 929 3609 Ἀριάδνης
957 3550 1032 3594 καὶ
1060 3548 1278 3594 Διονύσου.
1331 3551 1464 3600 Quod
1487 3551 1624 3592 ethic
1648 3553 1693 3593 et
1718 3551 1879 3605 reliqui
1900 3563 2058 3594 omnes

15 3634 18 3670 ς
87 3617 205 3661 demi
228 3632 254 3662 a
269 3621 429 3675 Satyro
454 3623 703 3664 enumerati
725 3624 907 3666 nomina
927 3624 1129 3666 feminini
1150 3624 1324 3677 generis
1346 3624 1391 3664 in
1413 3620 1470 3670 -ίς
1492 3623 1697 3666 cadentia
1717 3624 1882 3666 habere
1903 3625 2058 3667 viden-

86 3691 172 3744 tur,
213 3693 309 3734 sine
338 3693 477 3736 dubio
509 3694 563 3736 ad
593 3695 819 3737 vocalium
850 3696 1158 3739 confusionem
1195 3697 1486 3749 Byzantinam
1524 3695 1659 3750 redit3
1702 3697 1890 3739 restitue
1921 3698 2057 3750 igitur
