2314 3970
251 233 317 282 26
575 234 605 273 Ι.
651 233 798 285 Regna
829 233 1080 285 Alexandri,
1111 233 1333 285 Antigoni,
1365 234 1593 286 Demetrii,
1626 235 1894 286 Lysimachi.
2184 236 2223 288 [8

393 403 704 475 ἀπογ[ό]Ινων
761 400 991 471 Ἤρωΐδα
1067 422 1120 454 τε
1181 406 1249 453 τῶ
1314 401 1655 473 Τερτικωνείω
1716 408 1784 456 τῶ
1842 402 2061 476 Ἠραείω
2122 405 2226 474 κα[ὶ

388 487 762 561 Ἀ]Ιγησιμένεος
817 491 886 539 τῶ
942 485 1352 558 Ἐρμησιὸείω18,
1419 488 1505 541 καὶ
1561 491 2056 562 ἐπαγγελλα[μέ[ν]ων
2106 490 2227 562 πρὸς

306 590 361 629 40
385 573 701 646 Ἀλέξανδρον
753 575 830 627 ὅτι
866 573 1061 643 ἕτοιμοί
1098 575 1261 627 ἐστι19
1298 574 1455 643 ὃίκ[αν
1489 574 1505 645 ΙΙ
1539 575 1840 647 ὕ]ποσκέθην
1855 579 1900 613 2⁰
1945 575 2088 648 [π]ερὶ
2130 582 2225 630 τῶν

249 737 543 787 tyrannorum
586 735 735 775 causis
773 733 887 774 infra
925 745 968 774 v.
992 736 1216 774 427-440
1260 734 1509 776 intercedit.
1571 734 1656 782 Qui
1694 736 1820 777 locus
1859 737 2226 778 commodissime

247 808 312 847 sic
343 807 614 858 intellegitur
643 807 694 846 ut
724 806 769 846 in
800 805 958 846 eodem
990 806 1107 858 regis
1139 807 1358 859 rescripto
1381 809 1628 859 utrumque
1659 807 1797 849 fuisse
1828 810 2072 861 statuatur;
2105 811 2226 850 certe

247 878 357 919 duas
387 877 602 929 epistulas
635 888 800 918 novem
833 888 1055 918 annorum
1088 878 1234 930 spatio
1273 879 1390 918 inter
1420 889 1468 919 se
1501 878 1718 920 distantes
1756 880 1848 920 illic
1879 880 2119 932 significari
2150 882 2226 920 vix

246 949 459 989 credibile
491 952 572 990 est.
623 950 864 1002 Perperam
896 950 1053 1001 utique
1082 948 1158 990 τάν
1192 948 1427 1006 διαγράφαν
1457 955 1517 991 τῶ
1551 948 1744 1005 βασίλεος
1775 946 2032 1007 Ἀλεξάνὸρω
2065 953 2109 992 in
2141 952 2226 992 hoc

248 1021 376 1061 titulo
409 1021 463 1061 de
494 1021 582 1062 illis
613 1022 724 1074 ipsis
755 1022 915 1062 litteris
959 1022 1093 1073 regiis
1125 1032 1237 1074 quas
1268 1021 1464 1063 Nicanor
1493 1022 1729 1063 recitasset
1771 1023 1989 1064 intellexit
2021 1024 2226 1076 Droysen

245 1094 403 1134 Gesch.
435 1094 514 1134 des
536 1094 835 1134 Hellenismus
867 1095 897 1147 I,
921 1097 944 1133 2
976 1104 1020 1146 p.
1044 1096 1125 1134 276
1158 1096 1249 1134 not.
1274 1097 1321 1145 2;
1354 1105 1470 1146 quae
1492 1095 1646 1146 opinio
1678 1105 1782 1135 cum
1804 1095 1939 1135 huius
1961 1095 2046 1135 loci
2068 1097 2226 1136 tenore

245 1166 434 1218 pugnat;
477 1176 581 1206 nam
622 1166 695 1206 hic
732 1164 970 1206 manifesto
1012 1165 1286 1218 rescriptum
1326 1165 1382 1206 ad
1421 1166 1547 1218 ipsos
1586 1166 1764 1207 Eresios
1814 1166 1971 1207 datum
2009 1167 2225 1220 innuitur,

244 1237 368 1290 quod
397 1238 580 1278 illorum
611 1237 742 1289 legati
775 1249 800 1278 a
830 1248 935 1288 rege
956 1237 1223 1279 rettulerint.
1349 1241 1400 1277 47
1443 1237 1528 1285 Qui
1559 1239 1661 1278 ante
1681 1237 1902 1291 Agonippi
1934 1240 1979 1279 et
1999 1238 2226 1291 Eurysilai

245 1309 598 1350 dominationem
629 1309 954 1361 aliquantisper
982 1319 1137 1349 rerum
1168 1309 1300 1361 potiti
1333 1311 1471 1350 erant.
1522 1310 1675 1350 Donec
1695 1310 1861 1351 Eresus
1887 1309 2055 1351 foederi
2077 1310 2224 1351 Attico

243 1382 469 1434 intererat,
508 1382 727 1434 populare
766 1381 1009 1433 imperium
1047 1380 1110 1421 ibi
1148 1379 1288 1421 fuisse
1325 1383 1644 1422 consentanem
1682 1384 1763 1423 est.
1825 1382 1910 1422 Sed
1960 1394 2063 1422 cum
2107 1381 2224 1423 bello

243 1453 398 1494 sociali
430 1454 670 1505 (357—355
701 1464 739 1494 a.
762 1453 877 1504 Chr.)
910 1452 1160 1505 defecisset,
1199 1453 1411 1504 tyrannni
1442 1453 1506 1493 ibi
1543 1454 1826 1507 exstiterunt,
1866 1454 1921 1494 de
1952 1454 2120 1506 quibus
2152 1455 2225 1495 hic

244 1525 421 1565 dicitur.
498 1524 671 1571 Quibus
716 1526 874 1576 postea
919 1524 1120 1576 expulsis
1166 1526 1211 1564 et
1260 1524 1465 1565 libertate
1510 1526 1733 1578 restituta,
1780 1537 1869 1566 non
1917 1537 2079 1578 magno
2123 1528 2224 1566 ante

242 1595 481 1636 Alexandri
503 1596 547 1635 in
564 1595 715 1635 Asiam
738 1595 979 1635 transitum
1000 1595 1237 1636 intervallo
1257 1595 1396 1636 altera
1417 1596 1663 1637 dominatio
1679 1596 1903 1649 Agonippi
1924 1599 1969 1637 et
1984 1597 2223 1650 Eurysilai,

243 1667 410 1719 quibus
442 1667 612 1708 nullam
644 1678 749 1707 cum
778 1667 866 1707 illis
898 1666 1276 1707 necessitudinem
1314 1667 1623 1708 intercessisse
1661 1668 1950 1709 manifestum
1989 1671 2070 1722 est,
2113 1680 2223 1710 con-

243 1741 402 1780 stituta
431 1741 512 1779 est.
563 1738 807 1780 Kirchhoff.
955 1742 1006 1779 48
1046 1739 1111 1779 Ex
1142 1750 1185 1779 v.
1209 1742 1291 1780 435
1330 1741 1520 1792 apparet
1549 1742 1641 1781 tres
1673 1740 1812 1781 fuisse
1851 1740 2010 1782 fratres
2040 1741 2223 1794 Apollo-

243 1812 419 1864 dorum,
461 1811 698 1864 Hermona,
738 1810 973 1864 Heraeum,
1021 1811 1099 1863 qui
1135 1811 1211 1852 illo
1251 1812 1401 1863 priore
1438 1813 1644 1865 tempore
1683 1814 1762 1853 aut
1799 1812 2010 1865 deinceps
2049 1815 2139 1866 aut,
2177 1813 2223 1853 id

242 1883 367 1936 quod
396 1883 539 1924 multo
571 1882 853 1935 probabilius
885 1884 966 1936 est,
997 1894 1087 1923 una
1118 1883 1405 1935 imperarent.
1457 1883 1522 1924 Ex
1553 1884 1617 1924 eis
1638 1883 1804 1925 Hermo
1835 1886 1880 1924 et
1901 1884 2099 1925 Heraeus
2130 1896 2221 1936 quo

240 1958 446 2008 tempore
476 1955 728 1996 Alexander
767 1955 1007 2008 epistulam
1049 1955 1105 1995 ad
1135 1955 1316 1996 Eresios
1357 1955 1480 1996 dedit
1509 1956 1747 1997 etiamtum
1779 1957 2048 2009 superstites
2080 1959 2220 2010 erant,

239 2028 540 2080 Apollodorus
573 2027 747 2068 obierat
784 2027 951 2068 relictis
989 2027 1155 2069 liberis.
1217 2027 1275 2068 At
1303 2027 1419 2080 illos,
1461 2028 1630 2080 quippe
1661 2029 1739 2080 qui
1771 2028 1862 2069 fere
1891 2029 2072 2081 triginta
2095 2030 2221 2069 annis

240 2101 342 2140 ante
372 2111 524 2140 rerum
556 2100 691 2152 potiti
720 2100 883 2152 essent,
916 2101 1015 2140 tum
1047 2109 1176 2140 senes
1198 2101 1355 2140 exacta
1385 2100 1529 2140 aetate
1550 2099 1688 2140 fuisse
1710 2100 1782 2141 vel
1809 2100 1912 2141 inde
1933 2101 2220 2154 perspicitur,

239 2170 363 2224 quod
387 2172 626 2224 utriusque
656 2182 796 2224 nepos
829 2171 902 2212 avi
922 2172 1106 2212 nomine
1137 2171 1360 2224 populum
1383 2172 1644 2213 Eresiorum
1674 2172 1795 2213 adiit.
1862 2173 2036 2213 Etenim
2059 2173 2220 2213 Heroi-

240 2244 343 2284 dam
382 2244 540 2285 Heraei
577 2255 633 2284 ex
662 2243 752 2285 filio
790 2245 1002 2296 nepotem
1034 2242 1172 2284 fuisse
1203 2243 1383 2284 definite
1413 2243 1590 2297 dicitur,
1629 2243 1918 2296 Agesimenes
1959 2245 2071 2297 quin
2110 2246 2219 2285 item

240 2316 476 2357 Hermonis
509 2326 649 2369 nepos
680 2316 815 2357 fuerit
845 2326 898 2356 eo
932 2315 1082 2356 minus
1113 2315 1305 2356 dubium
1337 2316 1418 2368 est,
1457 2317 1563 2368 quia
1595 2316 1713 2357 illius
1745 2318 1875 2369 pater
1904 2317 2012 2357 item
2055 2328 2220 2358 nomen

239 2400 262 2428 a
294 2388 503 2429 Mercurii
534 2387 604 2428 dei
637 2387 936 2440 appellatione
967 2387 1214 2428 deductum
1251 2388 1401 2439 gessit.
1454 2388 1545 2428 Cur
1574 2399 1630 2428 ex
1661 2388 1922 2441 Apollodori
1948 2388 2051 2430 filiis
2086 2401 2219 2430 nemo

239 2460 427 2500 Eresum
460 2471 508 2500 se
548 2459 789 2500 contulerit
828 2459 948 2500 latet.
1009 2458 1122 2500 Nam
1164 2459 1287 2511 quod
1327 2459 1628 2500 Kirchhoffius
1670 2460 1861 2501 coniecit
1901 2471 1978 2502 eos
2016 2461 2218 2502 nondum

239 2532 391 2572 adulta
422 2533 566 2572 aetate
597 2531 749 2584 fuisse,
791 2532 836 2572 id
867 2543 949 2584 pro
980 2532 1239 2584 temporum
1272 2533 1317 2572 et
1347 2532 1603 2584 parentelae
1633 2532 1807 2573 ratione
1844 2532 2088 2573 admodum
2130 2534 2219 2573 im-

240 2603 474 2655 probabile
514 2605 595 2643 est.
657 2603 766 2651 Quis
806 2604 927 2644 enim
967 2603 1126 2644 eodem
1166 2605 1371 2656 tempore
1411 2604 1606 2645 duorum
1638 2604 1828 2645 fratrum
1860 2606 2096 2657 nepotes
2128 2605 2217 2645 iam

239 2674 448 2727 puberes,
481 2675 602 2715 tertii
633 2674 791 2715 filios
823 2675 1061 2715 etiamtum
1084 2675 1275 2715 infantes
1297 2675 1435 2716 fuisse
1457 2673 1640 2716 credet?
1761 2679 1813 2716 49
1855 2677 1971 2718 ΕΣΤΙ
2005 2677 2048 2716 in
2070 2677 2218 2729 lapide

238 2757 338 2787 esse
375 2746 507 2799 plane
545 2748 743 2799 constat;
785 2747 1071 2787 retinuerunt
1099 2746 1336 2787 Hoffmann
1378 2748 1422 2787 et
1452 2747 1604 2800 Paton,
1648 2748 1888 2788 emendare
1926 2749 2074 2788 conati
2113 2750 2218 2789 sunt

238 2818 412 2870 reliqui.
473 2815 537 2858 Ac
574 2819 612 2858 si
654 2819 835 2859 omnino
877 2829 1004 2859 error
1044 2818 1262 2870 lapicidae
1303 2819 1569 2859 statuendus
1609 2820 1740 2871 esset,
1780 2820 1930 2860 nullus
1962 2820 2217 2861 dubitarem

239 2888 324 2941 ἐσ(σ
327 2889 356 2941 )ι
387 2889 598 2942 scribeie,
640 2900 745 2930 cum
783 2890 889 2941 quia
926 2890 1013 2930 hoc
1047 2889 1283 2930 Aeolicum
1321 2900 1420 2930 esse
1459 2901 1514 2930 ex
1546 2889 1673 2942 Syll.2
1704 2894 1800 2943 504,
1835 2894 1850 2930 4
1891 2892 2076 2944 scimus,
2118 2893 2215 2932 tum

238 2962 345 3014 quia
376 2962 442 3002 sic
470 2973 559 3002 una
590 2961 726 3002 modo
750 2961 899 3002 littera
920 2961 1138 3002 mutanda
1159 2962 1241 3013 est,
1274 2972 1376 3001 cum
1399 2961 1653 3004 emendatio
1685 2958 1809 3014 ε(ἰσ)ί,
1841 2973 1957 3014 quae
1989 2963 2264 3015 plerisque
2275 3016 2291 3022 v*

237 3033 488 3074 editoribus
519 3033 703 3086 placuit,
735 3033 963 3085 duplicem
994 3043 1196 3073 errorem
1227 3034 1402 3073 statuae
1433 3034 1575 3085 cogat,
1611 3030 1682 3084 ἐ(ν)
1685 3030 1728 3074 τί
1757 3044 1867 3074 vero
1901 3045 2006 3074 cum
2038 3034 2217 3075 dialecti

237 3105 412 3157 legibus
443 3106 624 3158 pugnet.
685 3105 770 3146 Sed
801 3104 921 3157 quod
956 3105 1002 3144 Ο.
1025 3103 1264 3145 Hoffmann
1295 3104 1365 3145 die
1387 3115 1449 3156 gr.
1473 3104 1675 3145 Dialekte
1697 3106 1735 3144 Π
1765 3116 1808 3157 p.
1833 3109 1912 3146 569
1946 3107 1970 3156 ξ
1995 3108 2073 3146 354
2107 3117 2214 3146 con-

238 3178 354 3230 iecit,
384 3177 625 3218 Aeolenses
657 3176 895 3229 aliquando
926 3177 1042 3216 hanc
1069 3187 1184 3227 quae
1206 3176 1376 3228 origine
1407 3176 1463 3216 ad
1494 3176 1767 3228 singularem
1798 3177 1994 3229 pertinet
2023 3177 2214 3218 sormam

237 3259 326 3289 usu
363 3250 586 3289 sermonis
628 3250 673 3289 in
719 3248 939 3301 pluralem
982 3258 1223 3288 numerum
1261 3248 1559 3301 transtulisse,
1607 3248 1655 3288 id
1691 3249 1801 3288 mihi
1841 3249 2106 3301 neutiquam
2148 3250 2214 3289 in-

239 3319 452 3360 credibile
493 3321 686 3373 videtur,
733 3322 779 3360 et
817 3321 974 3372 utique
1020 3320 1065 3359 in
1102 3331 1152 3360 re
1198 3321 1291 3360 tam
1333 3319 1529 3360 obscura
1566 3322 1764 3372 praestat
1810 3320 1974 3361 tradita
2018 3331 2211 3362 servare.

239 3394 289 3430 20
330 3391 510 3432 Aeolice
551 3403 633 3444 pro
664 3388 968 3448 ὑποσχεθῆναι.
1027 3391 1162 3432 Attici
1200 3402 1306 3432 sane
1345 3391 1410 3431 sic
1448 3391 1597 3431 activo
1639 3388 1842 3447 ὑποσχεῖν
1879 3394 2085 3445 utuntur,
2135 3392 2212 3433 sed

239 3464 517 3515 quantopere
555 3465 599 3503 in
647 3465 735 3505 hoc
775 3475 936 3516 genere
977 3463 1153 3504 dialecti
1190 3463 1367 3504 varient
1403 3465 1563 3503 notum
1606 3465 1675 3503 est
1720 3463 1787 3515 (cf
1828 3463 2017 3503 Hermae
2048 3464 2211 3503 XXXII

239 3545 282 3586 p.
305 3538 354 3573 33
374 3535 470 3586 sq..)
531 3535 694 3576 Tenuis
732 3550 761 3577 γ,
799 3548 881 3588 pro
923 3536 1119 3588 aspirata
1148 3549 1180 3594 χ
1219 3547 1309 3575 non
1346 3535 1403 3575 ad
1443 3535 1766 3586 neglegentiam
1807 3535 2024 3586 lapicidae
2066 3535 2211 3576 redire

240 3604 431 3657 videtur,
474 3606 552 3646 sed
594 3607 937 3648 dissimilatione
975 3609 1078 3648 nata
1115 3609 1302 3659 propter
1342 3607 1574 3659 proximae
1615 3606 1814 3658 syllabae
1846 3607 2208 3658 aspiratan130f.
2254 3600 2257 3602 ’

238 3671 510 3734 Ἀγκιθείὸης,
542 3673 804 3735 Ἀμπιθάλης
835 3678 962 3731 Sy11.2
983 3677 1126 3720 58829.

2270 2667 2311 2891 Ξ

2260 2936 2281 3121 ἐ

2245 3121 2279 3597 ἕ
