2314 3970
78 214 147 270 99]
471 215 753 257 Ptolemaeus
774 214 811 255 V
842 215 1098 270 Epiphanes
1128 217 1363 270 (205-484
1393 230 1430 260 a.
1454 217 1554 260 Chr.
1577 219 1647 272 n.).
1948 221 2046 271 175

217 387 532 459 Πτολεμαίου
573 387 579 459 Ι
620 392 716 443 τῶν
753 390 960 461 πρώτων
1001 390 1194 462 φίλων3
1230 390 1316 445 καὶ
1354 392 1730 464 ἀρχικυνήγου4
1765 393 1895 460 υἱόν,
1946 392 1951 463 Ι
1993 392 2046 446 τὸ

159 491 184 531 5
214 474 377 528 κοινὸν
422 478 519 529 τῶν
565 476 797 530 Λυκίουν5
846 478 1025 548 ἀρετῆς
1070 478 1235 531 ἕνεκεν
1280 477 1296 550 ΙΙ
1341 477 1427 532 καὶ
1475 478 1671 539 εὐνοίας
1717 479 1779 550 ἧς
1818 481 1844 532 ὁ
1882 479 2047 551 πατὴρ

216 563 369 616 αὐτοῦ
406 563 627 616 διατελεῖ
666 563 672 633 Ι
711 566 1058 636 παρεχόμενος
1096 561 1168 624 ε’ίς
1204 585 1257 617 τε
1291 566 1506 636 βασιλέα
1531 565 1876 637 Πτολεμαῖον6
1916 565 1922 637 Ι
1962 565 2049 620 καὶ

213 649 300 720 τὴν
350 649 574 722 ἀδελφὴν
614 651 908 722 βασίλισσαν
949 649 1293 722 Κλεοπάτραν,
1346 652 1352 722 Ι
1403 651 1554 713 θεοὺς
1583 650 1912 726 Ἐπιφανεῖς,
1963 653 2049 706 καὶ

212 733 276 789 τὰ
314 737 496 790 τέκνα7
535 735 542 807 Ι
582 735 668 790 καὶ
706 739 777 798 εἰς
814 737 868 790 τὸ
907 736 1072 790 κοινὸν
1109 739 1280 805 τΙῶΙν8
1317 738 1530 792 Λυκίων.

71 945 190 987 hunc
219 944 462 985 Ptolemaei
492 943 750 996 Lysimachi
779 942 822 996 f.,
860 943 934 983 cui
965 942 1252 984 Ptolemaeus
1282 943 1340 982 111
1371 942 1615 995 Euergetes
1653 944 1934 986 Telmessum
1974 945 2048 987 de-

71 1018 210 1060 disset
240 1017 295 1070 (n.
318 1020 386 1070 55,
411 1015 448 1068 8)
487 1015 630 1056 filium
668 1026 768 1056 esse
809 1014 895 1056 sibi
933 1015 1161 1068 persuasit
1198 1014 1425 1068 wilhelm,
1465 1015 1589 1068 quod
1627 1016 1822 1068 probare
1860 1029 2049 1071 nequeo.

69 1090 183 1132 Nam
209 1089 327 1130 filius
357 1089 431 1130 hic
457 1088 658 1141 tertium,
690 1091 818 1140 pater
839 1087 949 1128 adeo
971 1089 1188 1140 quartum
1209 1087 1399 1140 gradum
1426 1089 1548 1128 tenet
1578 1088 1697 1129 illius
1720 1089 1891 1131 ordinis
1912 1101 2050 1143 quem

71 1162 127 1204 ad
141 1161 475 1203 Seleucidarum
492 1161 751 1214 exemplum
771 1160 1057 1201 Ptolemaeus
1078 1159 1334 1212 Epiphanes
1355 1160 1626 1217 instituerat,
1642 1161 1687 1201 id
1708 1161 1832 1214 quod
1848 1162 2049 1215 profecto

69 1234 327 1276 hominibus
349 1234 503 1287 stirpis
524 1234 684 1287 regiae,
716 1233 958 1274 Ptolemaei
979 1232 1256 1285 Philadelphi
1287 1233 1440 1286 nepoti
1472 1235 1516 1273 et
1544 1234 1797 1287 pronepoti,
1826 1245 1915 1275 non
1945 1246 2049 1276 con-

74 1307 204 1350 venit.
263 1306 388 1348 Adde
418 1306 542 1359 quod
580 1317 744 1347 nomen
774 1302 1043 1360 Πτολεμαῖος
1085 1306 1201 1346 inter
1231 1305 1497 1347 Macedonas
1530 1306 1814 1359 Graecosque
1853 1319 2049 1359 quorum

69 1380 242 1434 aliquae
273 1381 423 1433 partes
463 1379 510 1420 in
548 1378 935 1420 administratione
974 1378 1099 1430 regni
1132 1378 1345 1431 Aegyptii
1383 1379 1523 1432 erant,
1562 1379 1652 1419 iam
1691 1381 1790 1420 tum
1829 1381 2050 1433 temporis

69 1452 360 1507 perfrequens
404 1451 500 1493 fuit.
696 1454 720 1492 2
764 1451 1020 1492 Praefectus
1067 1451 1360 1492 venationum
1406 1452 1648 1504 regiarum.
1717 1451 1778 1493 Cf.
1823 1451 2051 1509 κυνηγέται

69 1536 110 1567 n.
133 1528 202 1579 20,
225 1528 263 1566 3.
323 1525 419 1566 Hoc
447 1523 647 1566 officium
689 1523 887 1565 aulicum
929 1523 1266 1565 nobilissimum
1306 1534 1405 1565 esse
1436 1524 1629 1565 videtur.
1691 1525 1804 1565 Sane
1843 1525 2049 1579 vectigal,

69 1598 195 1651 quod
223 1595 283 1644 εἰς
311 1595 438 1654 λόγον
470 1594 768 1656 ἀρχικυνήγων
789 1596 1054 1650 vocabatur,
1086 1608 1111 1637 a
1132 1596 1367 1638 Wilckeno
1392 1597 1464 1637 Gr.
1488 1597 1676 1638 Ostraka
1697 1597 1714 1636 I
1745 1608 1788 1650 p.
1812 1600 1894 1638 462
1927 1600 2049 1639 recte

0 1704 1 1727 Ι
69 1681 175 1712 cum
204 1671 270 1711 eis
300 1681 417 1723 quae
447 1669 632 1710 navium
663 1670 971 1710 venaticarum
1003 1667 1288 1726 (κυνηγίὸ[ων]
1319 1669 1563 1710 Wilckenl
1595 1680 1639 1722 p.
1659 1669 1757 1721 229)
1790 1672 1834 1710 et
1865 1672 2048 1712 veruto-

0 1953 3 1987 Ι

70 1754 172 1784 rum
203 1741 530 1800 (κυνη[γετικῶν]
551 1739 769 1800 ὃορά[των]
799 1742 816 1782 1
838 1753 881 1795 p.
900 1741 997 1794 228)
1020 1741 1431 1795 comparandorum
1454 1753 1590 1783 causa
1610 1741 1907 1794 exigebantur
1926 1753 2049 1783 com-

69 1815 178 1868 poni
206 1814 400 1868 videtur,
432 1816 484 1855 ut
512 1814 624 1855 haec
654 1814 806 1855 omnia
836 1825 926 1854 non
959 1813 1015 1855 ad
1037 1814 1297 1855 venationes
1319 1824 1433 1867 quas
1464 1825 1543 1855 rex
1574 1815 1713 1855 animi
1745 1825 1881 1855 causa
1911 1814 2048 1856 habe-

68 1886 159 1941 bat,
189 1887 269 1929 sed
290 1887 347 1928 ad
365 1887 717 1940 hippopotamos
738 1886 1102 1928 exterminandos
1124 1886 1389 1940 pertineant,
1422 1887 1469 1927 in
1494 1898 1586 1940 quo
1608 1887 1859 1928 venationis
1888 1898 2049 1940 genere

70 1958 223 2016 σιδηρᾶ
259 1956 444 2015 ἐμβόλια
483 1959 524 2010 (i.
554 1970 590 2000 e.
622 1956 876 2014 κυνηγετικά
913 1957 1084 2014 δόρατα)
1125 1961 1170 1999 et
1207 1956 1337 2001 πλοῖα
1368 1959 1410 2010 (i.
1442 1970 1479 2000 e.
1511 1957 1752 2016 κυνηγίὸας)
1795 1972 1820 2000 a
1850 1959 2047 2001 Diodoro

68 2032 100 2086 1,
124 2035 190 2087 35,
212 2035 264 2072 40
297 2032 647 2073 commemorari
678 2032 832 2072 monet
861 2030 930 2072 W.
981 2031 1038 2071 At
1068 2031 1204 2072 huius
1233 2032 1408 2084 generis
1439 2029 1754 2090 ἀρχικυνήγους
1784 2033 1901 2074 inter
1921 2033 2049 2074 nobi-

69 2103 265 2146 lissimos
309 2105 434 2156 regni
477 2104 685 2145 homines
730 2103 868 2145 fuisse
912 2114 1200 2157 nequaquam
1246 2103 1482 2157 probabile
1526 2106 1607 2145 est.
1670 2103 1897 2152 Quantum
1938 2116 2047 2146 vero

70 2176 289 2218 momenti
319 2177 364 2217 in
395 2176 497 2218 aula
516 2176 881 2217 Ptolemaeorum
911 2175 1153 2217 habuerint
1182 2177 1330 2229 regiae
1351 2177 1627 2230 venationes,
1659 2187 1714 2218 ex
1746 2177 2048 2230 descriptione

69 2259 262 2302 pompae
291 2247 602 2290 nobilissimae
631 2249 754 2302 apud
782 2249 1064 2290 Athenaeum
1085 2248 1123 2288 V
1155 2259 1198 2301 p.
1218 2251 1293 2289 204
1314 2248 1344 2289 b
1383 2242 1478 2305 μεθ’
1501 2246 1574 2296 οὓς
1611 2247 1881 2305 ἐπόμπευσαν
1920 2263 2050 2308 κυνη-

0 2324 2 2359 ;
66 2318 134 2379 γοὶ
162 2309 200 2377 β’
229 2318 400 2379 ἔχοντες
430 2318 599 2376 σιβύνας
630 2318 898 2379 ἐπιχρύσους.
939 2318 1094 2378 ἤγοντο
1127 2319 1175 2361 δὲ
1203 2318 1276 2362 καὶ
1304 2318 1427 2367 κύνες
1459 2318 1656 2378 δισχίλιοι
1685 2320 1961 2380 τετρακόσιοι,
2007 2320 2049 2364 οἳ

68 2391 144 2449 μὲν
170 2386 311 2446 Ἰνδοί,
353 2391 393 2435 οἱ
425 2391 471 2434 δὲ
501 2390 644 2434 λοιποὶ
669 2388 867 2450 Ὑρκανοὶ
903 2391 975 2435 καὶ
1004 2388 1224 2435 Μολοσσοὶ
1252 2391 1325 2435 καὶ
1356 2390 1514 2450 ἐτέρων
1545 2398 1676 2449 γενῶν
1717 2405 1937 2448 apparere
1968 2395 2048 2436 ob-

68 2467 250 2507 servant
278 2465 502 2506 Letronne
531 2465 810 2508 Recherches
832 2468 940 2519 p.57
973 2467 1018 2507 et
1038 2465 1295 2507 Lumbroso
1316 2466 1596 2507 Recherches
1627 2469 1781 2519 p.205.
1922 2470 1944 2506 3
1985 2466 2046 2508 Cf.

4 2587 6 2596 Ι
68 2539 160 2579 not.
186 2541 223 2579 4.
369 2541 392 2579 4
435 2537 496 2579 Cf.
527 2539 618 2579 not.
642 2541 680 2579 2.
830 2541 854 2580 5
893 2538 1018 2591 Lycii
1040 2550 1156 2579 anno
1178 2541 1260 2579 489
1284 2549 1321 2579 a.
1345 2538 1446 2579 Chr.
1479 2538 1663 2579 Rhodiis
1691 2538 1898 2579 attributi
1927 2541 2045 2580 sunt.

4 2598 7 2670 Ι
69 2608 128 2651 Cf.
160 2608 316 2662 Polyb.
346 2609 464 2663 XXI,
486 2612 554 2663 24,
580 2613 626 2651 7:
671 2606 846 2656 τούτους
885 2606 1067 2665 Εὐμένει
1106 2607 1287 2667 δοθῆναι
1324 2607 1435 2666 πλὴν
1476 2606 1641 2657 Λυκίας
1677 2609 1750 2652 καὶ
1792 2605 1956 2669 Καρίας
1995 2610 2048 2652 τὰ

69 2679 195 2740 μέχρι
223 2677 472 2740 Μαιάνδρου
502 2684 711 2738 ποταμοῦ,
740 2684 873 2724 ταῦτα
903 2679 951 2723 δὲ
983 2675 1160 2725 Ῥοδίων
1191 2680 1411 2741 ὑπάρχειν.
1471 2682 1550 2724 Illo
1582 2693 1691 2724 vero
1733 2695 1850 2725 anno
1893 2694 2048 2724 recen-

8 2731 11 2774 Ι
67 2753 158 2795 tius
188 2764 288 2796 esse
316 2754 405 2796 hoc
434 2756 783 2796 monumentum
805 2756 981 2796 certum
1011 2757 1081 2796 est
1111 2755 1218 2807 (not.
1243 2754 1295 2807 7).
1347 2754 1495 2804 Quare
1524 2754 1621 2796 fieri
1643 2756 1812 2809 nequit,
1843 2758 1896 2797 ut
1925 2756 2047 2797 hunc

10 2873 13 2884 ,
68 2825 250 2867 titulum
280 2825 438 2868 eadem
469 2827 656 2881 ratione,
685 2838 779 2880 qua
809 2827 977 2869 multos
1008 2827 1212 2869 eiusdem
1243 2828 1418 2880 generis
1440 2827 1645 2882 Cyprios,
1677 2828 1732 2869 de
1763 2828 1886 2880 regio
1917 2839 2046 2881 prae-

68 2896 182 2940 fecto
203 2899 366 2953 Lyciis,
397 2900 476 2952 qui
506 2900 553 2940 in
582 2900 759 2941 dicione
779 2900 1143 2942 Ptolemaeorum
1174 2902 1337 2954 essent,
1369 2901 1586 2954 imposito
1618 2900 1945 2953 intellegamus.
1990 2902 2046 2941 At

8 3015 11 3025 Ι
70 2979 173 3012 eum
204 2973 392 3025 constet,
423 2972 586 3025 Lycios
614 2972 679 3013 illi
708 2973 834 3026 pacis
865 2973 1122 3015 condicioni
1152 2984 1242 3014 non
1263 2984 1345 3015 sua
1371 2974 1532 3026 sponte
1553 2972 1800 3014 obsecutos
1821 2984 1934 3027 esse,
1967 2973 2046 3014 sed

14 3089 19 3095 ,
67 3043 268 3096 primum
289 3044 446 3096 legatis
467 3044 674 3086 Rhodum
698 3045 849 3087 missis
880 3046 1109 3099 petivisse,
1140 3056 1196 3086 ne
1217 3045 1303 3087 sub
1335 3046 1528 3098 imperio
1558 3045 1739 3086 illorum
1770 3047 1933 3098 essent,
1966 3045 2046 3085 sed

12 3103 15 3122 ‘
69 3115 178 3156 socii
202 3115 476 3157 haberentur
497 3116 666 3169 (Polyb.
687 3116 823 3171 XXII,
851 3118 903 3171 5),
935 3117 1110 3171 deinde,
1141 3128 1247 3158 cum
1276 3118 1363 3158 hoc
1390 3129 1480 3159 non
1511 3118 1842 3170 impetrassent,
1875 3116 2044 3157 bellum

71 3195 174 3228 eum
202 3187 291 3229 illis
320 3188 514 3240 gessisse
542 3199 625 3241 per
664 3200 803 3231 annos
835 3191 998 3231 488-4
1013 3193 1063 3230 67
1094 3201 1132 3231 a.
1156 3189 1257 3230 Chr.
1300 3188 1470 3242 (Polyb.
1493 3189 1649 3242 XXIV,
1673 3192 1711 3242 9,
1736 3191 1802 3229 43.
1843 3188 1979 3242 XXV,
2004 3192 2041 3228 5.

14 3248 22 3315 ζ
70 3255 206 3314 ΧΧΧ,
230 3263 358 3314 5‚42.
382 3264 449 3303 46.
501 3261 810 3316 Liv.X1.1,25,
834 3265 872 3304 8.
912 3262 1128 3316 XL11‚44‚
1151 3265 1189 3304 8.
1227 3261 1355 3315 XLV,
1378 3264 1447 3315 25,
1471 3260 1522 3315 6),
1554 3272 1775 3314 perquam
1795 3260 2044 3314 probabilis

71 3330 139 3373 'est
166 3333 436 3387 coniectura,
476 3335 529 3374 ut
557 3334 754 3376 Rhodios
790 3334 848 3376 ab
889 3335 1101 3388 Eumene,
1141 3335 1206 3376 sic
1243 3335 1409 3387 Lycios
1448 3346 1474 3374 a
1510 3333 1770 3374 Ptolemaeo
1810 3333 2043 3387 Epiphane

17 3433 23 3447 .
72 3402 246 3446 adiutos
283 3416 383 3447 esse
421 3406 468 3447 in
504 3406 593 3447 hoc
629 3405 759 3460 bello,
806 3407 946 3449 misso
986 3407 1074 3448 hoc
1110 3408 1210 3461 ipso
1252 3407 1524 3459 Ptolemaeo,
1569 3415 1705 3458 quem
1748 3405 1860 3458 grati
1905 3406 2042 3447 animi

20 3483 22 3498 ²
71 3474 334 3519 testificandi
379 3489 515 3519 causa
559 3478 685 3531 Lycii
728 3481 902 3520 statuae
947 3480 1122 3521 honore
1167 3478 1433 3520 affecissent.
1494 3478 1726 3519 Letronne.
1802 3477 1863 3519 Cf.
1904 3478 2041 3519 etiam

4 3546 23 3596 ἶ
72 3545 107 3588 J.
128 3548 173 3590 P.
193 3549 387 3603 Mahaffy
416 3550 508 3591 The
529 3551 701 3603 empire
731 3550 779 3592 of
794 3551 870 3592 the
890 3551 1129 3593 Ptolemies
1160 3562 1203 3604 p.
1229 3554 1308 3591 340
1343 3551 1435 3591 not.
1454 3552 1492 3590 4.
1642 3553 1664 3590 6
1705 3550 1986 3592 Ptolemaeus
2004 3550 2041 3590 V

22 3651 23 3654 ,
73 3617 323 3673 Epiphanes
355 3622 405 3674 (a.
438 3625 657 3663 205-484
696 3633 734 3663 a.
763 3622 863 3664 Chr.
881 3623 953 3675 n.).
1130 3626 1152 3663 7
1195 3622 1330 3663 Filius
1362 3622 1644 3663 Ptolemaeus
1671 3621 1729 3662 VI
1767 3622 2043 3664 Philometor

5 3706 27 3747 ,ι
75 3699 187 3734 anno
219 3696 299 3734 488
329 3706 366 3735 a.
396 3694 498 3735 Chr.
529 3696 661 3735 natus
691 3697 779 3747 est;
824 3707 961 3748 quem
1002 3707 1108 3737 cum
1147 3707 1236 3736 non
1277 3697 1452 3736 certum
1484 3695 1669 3747 quidem
1711 3695 1790 3736 sed
1821 3706 2040 3748 perquam
