2314 3970
221 183 289 231 52
904 180 951 219 II.
999 179 1198 230 Regnum
1230 178 1509 229 Lagidarum.
2070 180 2131 232 [2⁴
2141 203 2199 210 —-

220 354 431 394 Amherst
454 354 614 405 papyri
637 352 673 391 11
696 362 738 403 p.
759 354 838 390 430
874 362 914 390 n.
939 351 1023 402 CII,
1048 354 1084 390 5.
1118 361 1160 401 p.
1185 352 1264 390 ⁴44
1298 361 1338 390 n.
1363 348 1510 401 CXVI,
1535 351 1572 390 4.
1623 349 1821 391 Flinders
1843 351 1960 391 Petri
1981 352 2142 403 papyri
2165 352 2201 391 11

224 436 264 477 p.
291 428 342 463 96
376 436 415 464 n.
439 424 620 463 XXVIII
653 422 735 463 col.
762 425 828 474 44,
853 425 874 461 7
909 423 953 461 et
984 420 1322 473 perfrequenter
1353 421 1397 460 in
1429 421 1615 473 papyris
1647 422 2028 463 Berolinensibus.
2079 422 2200 463 Idem

221 497 266 536 in
299 492 579 550 Φιλωτέρειος
619 493 896 534 demoticum
930 493 983 542 (n.
1013 494 1078 544 48,
1102 492 1142 544 5)
1174 494 1218 533 et
1250 489 1486 547 Φιλωτερίς
1516 492 1668 533 vicum
1702 493 1758 543 (n.
1783 492 1876 545 352)
1909 494 2027 535 cadit
2058 504 2203 546 neque

222 568 307 608 alia
331 567 512 608 videtur
542 566 754 606 demotici
785 561 971 610 Δαναεύς
994 575 1129 605 causa
1162 575 1274 616 esse,
1306 564 1427 616 quod
1451 576 1493 605 n.
1518 566 1569 604 108
1602 564 1659 605 ad
1687 565 1870 606 demum
1900 566 2204 607 Ptolemaeen-

222 640 358 692 smm,
400 638 599 679 Flinders
630 637 747 677 Petri
779 636 942 690 papyri
974 637 990 676 1
1029 646 1072 689 p.
1093 639 1143 677 67
1178 647 1219 677 n.
1240 636 1383 676 XXIV
1406 639 1485 689 2‚4
1534 636 1590 677 ad
1620 637 1773 678 vicum
1812 638 1914 690 pagi
1953 637 2205 679 Arsino'itae

223 710 426 751 refertur.
487 709 685 749 Eandem
723 709 942 749 rationem
990 708 1126 749 etiam
1166 708 1282 748 inter
1313 704 1648 754 Πολυὸευκείους
1688 709 1873 750 demum
1909 709 2206 750 Alexandriae

223 782 456 834 ceteroqui
498 792 603 822 sane
641 781 847 833 ignotum
881 782 925 821 et
955 776 1266 821 Πολυδεύκειαν
1299 791 1466 833 pagum
1498 780 1775 822 intercedere
1806 792 1859 822 eo
1891 782 2059 822 certius
2090 782 2205 822 exis-

223 855 347 906 timo,
390 853 496 905 quia
526 852 786 894 demoticon
826 853 962 893 huius
1002 852 1133 905 plane
1165 853 1395 904 geminum
1433 847 1694 907 Καστόρειος
1736 853 1781 893 in
1821 865 1998 907 papyro
2039 853 2205 894 inedito

221 925 376 966 haberi
407 925 601 966 testatur
621 924 665 965 U.
688 924 892 965 Wilcken
923 924 994 965 Gr.
1013 924 1239 965 Ostrakal
1270 935 1312 976 p.
1336 926 1417 964 433
1450 926 1543 965 not.
1569 926 1607 964 3.
1666 925 1730 965 De
1773 925 1916 966 demis
1947 925 2207 966 Alexandri-

224 1008 386 1038 norum
417 1008 519 1038 raro
551 996 674 1049 apud
706 997 954 1049 scriptores
985 996 1154 1037 mentio
1177 996 1239 1050 fit,
1271 996 1324 1037 cs.
1347 998 1499 1037 tamen
1520 996 1670 1049 Steph.
1690 997 1794 1049 Byz.
1814 994 2039 1052 Λητωεὺς·
2072 995 2208 1052 δῆμος

223 1068 264 1110 ἐν
297 1063 591 1126 Ἀλεξανδρείᾳ,
625 1069 684 1114 ὡς
713 1065 895 1125 Τρύφων
929 1067 971 1110 ἐν
1002 1068 1064 1123 τῷ
1092 1067 1187 1124 περὶ
1217 1066 1500 1125 παρωνύμων,
1534 1066 1596 1109 ὅτι
1627 1066 1741 1123 παρὰ
1771 1067 1817 1110 τὸ
1848 1065 2033 1124 Λητῷος
2062 1082 2207 1123 ’κτητι-

221 1139 297 1182 κὸν
336 1138 656 1199 σχηματίζεται.
709 1141 983 1194 Theophilus
1023 1140 1081 1181 ad
1107 1140 1381 1193 Autolycum
1414 1141 1449 1180 11
1491 1151 1533 1193 p.
1558 1142 1608 1181 94
1651 1135 1854 1196 Σάτυρος,
1897 1138 2073 1196 ἱστορῶν
2110 1139 2208 1187 τοὺς

223 1211 388 1269 δήμους
418 1207 718 1269 Ἀλεξανδρέων
751 1213 810 1266 (C.
831 1213 990 1254 Miiller
1020 1213 1192 1266 Fragm.
1214 1213 1318 1254 hist.
1341 1213 1414 1254 Gr.
1436 1213 1493 1252 111
1523 1224 1564 1266 p.
1590 1215 1670 1253 ⁴64
1702 1212 1755 1254 fr.
1777 1212 1860 1263 2⁴).
1902 1211 2031 1260 Quod
2053 1214 2211 1254 contra

226 1286 271 1325 in
302 1285 445 1326 titulis
476 1286 521 1326 et
541 1286 729 1339 papyris
751 1285 871 1326 haud
898 1297 1042 1339 pauca
1073 1285 1298 1326 demotica
1345 1285 1710 1338 comparuerunt.
1773 1283 1834 1325 Cf.
1877 1284 1923 1324 G.
1955 1283 2208 1326 Lumbroso

226 1356 420 1409 L’Egitto
467 1357 540 1397 dei
578 1357 708 1398 Greci
752 1368 777 1397 e
816 1357 887 1398 dei
925 1358 1112 1398 Romani
1153 1357 1221 1399 ed.
1246 1360 1270 1397 2
1310 1368 1353 1409 p.
1379 1359 1428 1397 74
1473 1358 1615 1398 not.3.
1676 1355 1719 1396 U.
1744 1355 1947 1396 Wilcken
1977 1357 2094 1397 Gott.
2124 1357 2207 1408 gel.

225 1428 330 1468 Anz.
355 1432 465 1469 4895
488 1440 529 1482 p.
551 1432 631 1469 436
650 1440 748 1482 sqq.
792 1430 863 1470 Gr.
887 1429 1076 1471 Ostraka
1096 1429 1123 1471 l.
1141 1430 1168 1470 I.
1201 1425 1532 1486 Φιλομητόρειος
1562 1427 1703 1469 habes
1723 1427 1836 1469 infra
1868 1439 1908 1468 n.
1934 1431 2030 1481 469,
2053 1431 2091 1470 3.
2144 1429 2209 1469 De

226 1500 511 1541 Ptolemaidis
542 1501 738 1542 civitatis
770 1501 917 1542 demis
948 1501 1000 1542 cf.
1023 1513 1064 1543 n.
1091 1500 1182 1542 482.

336 1699 408 1752 22
462 1704 652 1753 Tabula
677 1718 980 1769 marmorea,
1023 1705 1185 1754 fracta
1209 1719 1241 1753 a
1266 1704 1486 1771 sinistra,
1515 1704 1724 1770 Cyrenis
1750 1702 2068 1754 inaedificata
2095 1718 2208 1753 cum

224 1790 469 1854 templum
495 1790 735 1855 Apollinis
768 1790 1074 1841 reficeretur.
1140 1791 1264 1840 Edd.
1296 1790 1461 1841 Smith
1486 1792 1586 1840 and
1612 1789 1850 1855 Porcher,
1891 1790 2207 1840 Discoveries

229 1877 281 1923 at
325 1874 520 1940 Cyrene
557 1891 605 1925 n.
638 1876 701 1924 ⁴6
751 1878 829 1943 (M.
860 1878 914 1926 L.
945 1877 1125 1927 Strack
1161 1878 1251 1927 Die
1289 1877 1531 1942 Dynastie
1570 1878 1661 1927 der
1696 1877 1982 1927 Ptolemaer
2017 1892 2066 1942 p.
2102 1874 2206 1926 237

226 1975 275 2010 n.
309 1961 425 2010 ⁴63.
473 1962 527 2011 F.
556 1962 698 2012 Blass
724 1977 804 2028 ap.
837 1962 1007 2013 Collitz
1036 1963 1119 2013 Gr.
1149 1963 1534 2013 Dialektinschr.
1563 1964 1644 2028 ΠΙ,
1674 1963 1705 2014 2
1743 1979 1793 2029 p.
1818 1963 1921 2013 205
1960 1977 2008 2012 n.
2036 1959 2207 2029 4850).

375 2085 624 2157 [Βασιλέα
651 2088 1042 2159 Πτ]ολ[εμ]αῖον,
1066 2089 1313 2161 Σωτήρων
1339 2089 1344 2161 Ι
1368 2091 1491 2159 [υἱόν
1507 2093 1539 2158 ¹,
1564 2087 1812 2161 Ἀρ]ίστων
1834 2087 2180 2160 Λυσιφάνευςῖ
2201 2087 2208 2160 Ι

375 2174 607 2244 ἀνέθηκε.

346 2334 539 2375 Litterae
569 2335 779 2387 volgares
811 2337 991 2388 praeter
1021 2338 1068 2378 Σ.
1217 2339 1233 2376 4
1281 2335 1508 2388 Supplevi.
1569 2334 1684 2376 Nam
1715 2336 1799 2376 etsi
1829 2345 1961 2376 nemo
1993 2345 2048 2375 ex
2069 2334 2211 2376 edito-

228 2405 358 2446 ribus
389 2406 601 2458 quisnam
631 2407 924 2459 potissimum
956 2419 1011 2449 ex
1043 2408 1310 2450 Ptolemaeis
1341 2408 1651 2460 designaretur
1682 2406 1867 2447 definire
1903 2407 2092 2448 conatus
2129 2408 2210 2459 est,

230 2478 380 2518 tamen
403 2479 638 2529 genetivus
662 2475 875 2534 Σωτήρων
907 2479 1106 2522 dubitari
1135 2480 1259 2521 nullo
1286 2479 1423 2521 modo
1445 2479 1565 2532 sinit,
1596 2479 1706 2531 quin
1728 2478 2006 2532 Philadelphi
2027 2478 2210 2519 titulum

2303 2413 2307 2434 *·
2300 2388 2314 2402 ι’
2304 2359 2307 2363 -
2296 2073 2314 2346 *rs'nr‘ffl'.-'-.aeae.h*-·
2304 2046 2314 2059 ,r
2305 2011 2310 2019 Δ

154 2602 159 2607 ἡ
227 2549 475 2590 teneamus,
538 2549 672 2598 Quod
702 2551 981 2592 vocabulum
1013 2553 1058 2593 in
1090 2552 1188 2593 eius
1219 2551 1484 2605 parentibus
1527 2550 1830 2603 significandis
1861 2552 1927 2592 sic
1965 2550 2085 2592 nude
2116 2550 2212 2592 sine

227 2617 340 2662 θεῶν
373 2623 644 2674 usurpatum
675 2622 815 2663 hahes
846 2623 956 2664 item
987 2623 1032 2664 in
1063 2624 1344 2665 dedicatione
1375 2623 1685 2665 Samothracia
1715 2634 1756 2663 n.
1788 2626 1857 2676 23,
1883 2626 1918 2663 4.
1980 2622 2092 2663 Sane
2122 2621 2212 2662 iilic
2296 2652 2304 2671 -.

228 2691 450 2733 accedunt
479 2694 662 2734 nomina
692 2695 881 2747 propria
910 2705 1027 2747 quae
1057 2695 1131 2735 hic
1161 2695 1309 2736 omitti
1340 2695 1566 2747 singulare
1586 2694 1771 2746 quidem
1803 2695 1885 2748 est,
1916 2693 1995 2735 sed
2024 2695 2212 2747 propter

228 2765 363 2818 spatii
394 2765 593 2806 rationes
626 2766 947 2808 certissimum.
997 2766 1154 2819 Neque
1185 2766 1426 2807 defuerunt
1455 2767 1667 2818 tempora
1696 2776 1778 2819 per
1799 2766 2043 2807 Ptolemaei
2063 2765 2211 2806 Phila-
2287 2740 2293 2763 ’ἰ

229 2834 381 2889 delphi
411 2847 616 2889 regnum,
662 2847 742 2889 per
772 2849 887 2889 quae
918 2838 1104 2891 Cyrenis
1136 2838 1256 2879 illius
1288 2839 1635 2879 monumentum
1666 2837 1960 2878 honorarium
1991 2837 2101 2889 erigi
2132 2847 2211 2889 po-

229 2909 372 2949 tuisse
409 2907 624 2949 credibile
662 2910 794 2950 esset.
856 2908 1020 2957 Quidni
1058 2910 1178 2950 enim
1219 2910 1265 2950 id
1303 2911 1401 2950 tum
1445 2908 1614 2950 factum
1653 2919 1753 2950 esse
1793 2910 2063 2961 statuamus,
2105 2919 2210 2950 cum

231 2980 515 3021 Ptolemaeus
550 2980 864 3032 Philadelphus
895 2991 1001 3021 cum
1032 2980 1167 3022 fratre
1197 2982 1324 3033 Maga
1353 2991 1513 3034 pacem
1544 2980 1737 3033 fecisset,
1774 2981 1905 3021 cuius
1934 2980 2026 3021 filia
2055 2980 2212 3020 etiam·
2283 2966 2290 2974 ’

230 3053 328 3092 tum
359 3051 501 3093 infans
532 3052 744 3093 Berenice
774 3063 856 3105 per
886 3053 1001 3093 hanc
1039 3054 1322 3094 occasionem
1353 3053 1608 3094 Ptolemaeo
1648 3052 1768 3093 Illius
1803 3052 1894 3092 filio
1936 3053 2013 3104 qui
2054 3052 2212 3104 postea
2283 3059 2289 3062 ·

231 3125 436 3176 regnavit
457 3123 683 3176 desponsa
712 3126 794 3168 est.
835 3124 895 3165 Cf.
919 3125 1074 3165 lustin.
1096 3125 1251 3178 XXVI,
1276 3128 1314 3177 3,
1338 3127 1362 3164 2
1387 3136 1472 3179 per
1490 3122 1610 3166 idem
1631 3125 1805 3178 tempus
1830 3136 1909 3165 rem
1930 3120 2213 3178 Gyrenamm

233 3192 394 3250 Maqas
424 3193 602 3249 decedit,
634 3193 718 3251 qui
744 3197 849 3238 emta
878 3193 1201 3249 infirmitatem
1221 3193 1483 3248 Berenicen,
1515 3193 1706 3238 unicam
1725 3193 1890 3248 filiam,
1921 3194 1984 3237 ad
2003 3193 2213 3249 finienda
2255 3199 2260 3203 '

233 3279 338 3308 cum
382 3265 606 3310 Ptolomeo
649 3265 793 3322 fratre
834 3266 1101 3311 'certamina
1143 3266 1242 3322 fiilio
1286 3266 1385 3310 eius
1429 3266 1732 3322 desponderat.
1809 3268 1924 3308 Tum
1969 3268 2210 3309 Ptolemaei

233 3338 508 3391 Philadelphi
542 3342 738 3381 statuam
762 3340 948 3393 Cyrenis
979 3340 1230 3382 dedicatam
1262 3351 1361 3381 esse
1391 3351 1445 3380 eo
1476 3340 1628 3380 minus
1648 3339 1878 3380 videbitur
1898 3338 2210 3391 improbabile,
2279 3357 2284 3395 ς

235 3411 447 3461 quoniam
485 3412 539 3451 de
570 3412 756 3454 Arsinoe
795 3413 894 3454 eius
930 3423 1073 3454 uxore
1110 3412 1230 3453 idem
1276 3423 1366 3453 usu
1406 3411 1585 3452 venisse
1624 3411 1982 3451 luculentissime
2018 3412 2211 3452 testatur
2274 3407 2282 3419 ³

236 3482 394 3522 titulus
427 3495 467 3523 n.
493 3486 557 3522 33.
620 3484 806 3531 Quando
840 3484 914 3525 illa
946 3495 1034 3537 pax
1065 3484 1181 3526 inter
1211 3484 1517 3524 Ptolemaeum
1549 3484 1594 3524 et
1624 3484 1796 3534 Magam
1828 3481 1943 3523 facta
1973 3482 2044 3533 sit,
2087 3483 2210 3533 igno·
2279 3499 2282 3502 ⁴

238 3554 374 3593 ratur.
438 3554 522 3593 Sed
554 3557 660 3595 sunt
689 3567 805 3608 quae
836 3555 1054 3597 suadeant
1083 3557 1135 3596 ut
1162 3556 1279 3597 intra
1310 3566 1531 3596 annorum
1563 3558 1785 3596 265-—260
1817 3565 1855 3594 a.
1879 3552 1979 3593 Chr.
2011 3554 2209 3604 spatium

240 3625 354 3664 inter
393 3624 550 3666 fratres
590 3628 853 3668 convenisse
894 3629 1146 3668 statuamus
1193 3627 1240 3678 (J.
1272 3627 1319 3667 G.
1349 3627 1552 3679 Droysen
1598 3626 1755 3666 Gesch.
1795 3625 1873 3665 des
1915 3623 2208 3665 Hellenismus
