2314 3970
225 189 330 238 542
891 186 940 225 V.
990 186 1191 236 Regnum
1224 184 1538 227 Attalidarum.
2113 186 2209 237 [339

370 358 531 428 ἀρχὴν
572 362 654 425 τῆι
693 355 957 425 νουμηνίαι
998 356 1312 407 συνετέλεσεν
1355 354 1442 423 μὲν
1483 354 1662 413 θυσίας
1701 358 1792 407 τῶι
1829 376 1882 408 τε
1907 352 2088 425 Ερμεῖ
2124 355 2211 408 καὶ

367 447 458 496 τῶι
495 439 688 511 Ηρακλ
698 441 776 510 [εἰ]
827 440 832 511 Ι
880 441 982 500 τοῖς
1036 441 1422 511 καθιδρυμένοις
1479 441 1530 493 ἐν
1588 442 1678 492 τῶι
1733 442 2013 511 γυμνασίωι
2072 442 2211 502 θεοῖς

370 528 490 599 ὑπὲρ
528 532 618 596 τῆς
656 531 742 580 τοῦ
790 528 953 598 δήμου
999 526 1087 579 καὶ
1133 532 1222 597 τῆς
1267 529 1363 579 τῶν
1412 527 1536 579 νέων
1594 526 1875 597 σωτηΙρίας,
1922 528 2210 580 ἐπετέλεσεν

369 614 424 666 δὲ
469 612 555 666 καὶ
605 610 887 683 διαδρομὰς
926 613 1012 665 καὶ
1060 613 1227 672 θέσεις
1280 613 1582 682 ἀκοντισμοῦ
1627 611 1714 665 καὶ
1764 613 1973 680 τοξείας,
2028 616 2111 683 τῆι
2158 610 2202 666 δ’

285 715 338 755 65
372 698 606 771 ἐσχάΙΙτηι
651 701 1049 770 καλλιερήσας30
1101 698 1337 752 ἐκάλεσεν
1394 697 1475 751 ἐπὶ
1522 696 1586 750 τὰ
1637 695 1748 769 ἱερὰ
1799 700 1855 751 οὐ
1905 701 2053 768 μόνον
2098 698 2211 759 τοὺς

370 787 672 857 μετέχοντας
725 789 811 838 τοῦ
859 785 1183 855 ἀλείμματος,
1228 784 1233 856 Ι
1277 782 1411 838 ἀλλά
1460 784 1546 837 καὶ
1603 784 1717 844 τοὺς
1754 784 1957 844 λοιποὺς
2001 783 2211 853 πάντας,

366 872 662 942 ποιούμενος
710 872 798 943 τὴν
859 870 1122 941 μετάδοσιν
1179 874 1276 924 τῶν
1338 872 1484 942 ἱερῶν
1539 869 1626 923 καὶ
1672 871 1777 930 τοῖς
1823 871 2017 941 ξέΙνοις·
2081 867 2205 924 καθ’

369 959 577 1012 ἕκαστόν
627 978 681 1010 τε
736 963 871 1029 μῆνα
918 960 1155 1011 ἐπιτελῶν
1208 953 1300 1017 τὰς
1355 957 1642 1028 πρεπούσας
1698 957 1879 1017 θυσίας
1938 957 2060 1028 ὑπὲρ
2114 961 2211 1010 τῶν

367 1046 492 1098 νέων
541 1045 644 1103 τοῖς
686 1044 692 1114 Ι
733 1046 1095 1115 προεστηκόσιν
1144 1047 1232 1097 τοῦ
1277 1045 1552 1115 γυμνασίου
1592 1044 1731 1104 θεοῖς
1782 1042 2078 1115 φιλαγάθως
2127 1042 2214 1096 καὶ

369 1134 724 1202 μεγαλομερῶς
769 1131 955 1202 ἐχρῆτο
1005 1128 1161 1190 τιθεὶς
1212 1129 1610 1201 διαΙκοντισμούς
1659 1151 1712 1183 τε
1758 1129 1844 1183 καὶ
1889 1129 2080 1190 τοξείας
2128 1129 2214 1182 καὶ

284 1231 336 1271 70
369 1214 650 1288 διαδρομὰς
689 1218 944 1285 ἐπιτελῶν,
988 1215 1284 1286 μεταδιδοὺς
1325 1216 1414 1286 μὲν
1453 1217 1556 1275 τοῖς
1589 1216 1720 1276 νέοις
1757 1219 1853 1269 τῶν
1881 1215 1895 1286 ΙΙ
1919 1217 2215 1286 καλλιερου-

369 1303 527 1373 μένων
574 1299 660 1373 ὑφ’
717 1303 899 1356 ἑαυτοῦ
949 1303 1110 1374 ἱερῶν,
1162 1304 1559 1374 προτρεπόμενος
1606 1302 1661 1356 δὲ
1708 1300 1794 1355 διὰ
1840 1307 1930 1372 τῆς
1979 1303 2215 1371 τοιαύτης

368 1389 655 1461 φιλοδοξίας
704 1388 711 1460 Ι
757 1388 881 1460 πρὸς
928 1388 1139 1459 ἄσκησιν
1186 1388 1275 1442 καὶ
1321 1389 1619 1461 φιλοπονίαν
1665 1388 1779 1449 τοὺς
1828 1389 1987 1456 νέους,
2043 1390 2092 1446 ἐξ
2144 1390 2212 1441 ὧν

370 1478 422 1529 αἱ
475 1480 571 1529 τῶν
621 1477 876 1547 νεωτέρων
933 1475 1092 1548 ψυχαὶ
1146 1475 1270 1547 πρὸς
1328 1475 1561 1546 ἀνδρείαν
1622 1474 1988 1546 ἁμιλλώμενΙαι
2042 1477 2214 1534 καλῶς

368 1562 574 1634 ἄγονται
610 1563 714 1622 τοῖς
750 1563 929 1633 ἤθεσιν
967 1561 1090 1633 πρὸς
1131 1563 1338 1634 ἀρετήν·
1395 1561 1655 1632 μετεδίδου
1704 1561 1759 1615 δὲ
1797 1562 1899 1621 τοῖς
1939 1561 2214 1632 ἀλειφομέ-

370 1670 472 1710 νοις
510 1652 607 1703 τῶν
658 1651 801 1721 ἱερῶν
846 1648 851 1719 Ι
892 1652 988 1702 τῶν
1037 1647 1134 1701 ἀπὸ
1180 1652 1267 1702 τοῦ
1314 1649 1622 1719 ἀλείμματος
1669 1650 1741 1708 εἰς
1780 1646 1987 1715 οἷκον31,
2039 1647 2212 1719 κοινὴν

367 1737 666 1806 ποιούμενος
712 1736 802 1807 τὴν
843 1736 1226 1807 φιλανθρωπίαν
1272 1735 1359 1788 καὶ
1404 1736 1504 1795 τοῖς
1555 1735 1709 1794 ξένοις
1752 1735 1758 1805 Ι
1799 1735 1901 1794 τοῖς
1948 1734 2216 1805 μετέχουσι

368 1826 455 1875 τοῦ
514 1822 846 1892 ἀλείμματος·
904 1823 1232 1894 προσηνέχθη
1287 1821 1341 1874 δὲ
1398 1822 1769 1894 φιλανθρώπως
1823 1819 1910 1874 καὶ
1964 1821 2067 1880 τοῖς
2123 1817 2216 1880 τὰς

286 1923 339 1964 75
370 1907 637 1979 ἀκροάσεις
674 1907 691 1979 ΙΙ
725 1910 1085 1979 ποιησαμένοις
1122 1912 1292 1977 πᾶσιν,
1336 1910 1638 1980 βουλόμενος
1676 1907 1763 1960 καὶ
1802 1909 1853 1961 ἐν
1893 1907 2086 1966 τούτοις
2125 1903 2212 1959 διὰ

367 1997 462 2048 τῶν
501 1995 912 2065 πεπαιδευμένων
960 1994 1013 2047 τὸ
1053 1994 1248 2054 ἔνδοξον
1293 1995 1299 2065 Ι
1339 1995 1654 2066 περιτιθέναι
1697 1998 1782 2064 τῆι
1826 1994 2054 2064 πατρίδι·
2101 1994 2216 2046 ἐπε-

370 2082 566 2151 μελήθη
598 2080 652 2133 δὲ
700 2080 785 2133 καὶ
835 2085 924 2150 τῆς
978 2084 1074 2134 τῶν
1124 2081 1328 2152 ἐφήβων
1385 2080 1473 2134 καὶ
1529 2081 1654 2134 νέων
1711 2080 1972 2148 παιδείας,
2025 2084 2113 2149 τῆς
2161 2099 2215 2131 τε

366 2169 545 2237 λοιπῆς
607 2168 612 2237 Ι
672 2167 1058 2238 εὐσχημοσύνης
1113 2172 1202 2237 τῆς
1258 2164 1390 2220 κατὰ
1447 2166 1502 2219 τὸ
1566 2165 1841 2238 γυμνάσιον
1903 2165 2210 2237 προενοήθη,

369 2255 681 2325 ἐχορήγησεν
722 2253 776 2306 δὲ
825 2252 911 2306 καὶ
951 2253 1158 2324 ξύστρας
1206 2252 1293 2306 καὶ
1343 2252 1710 2324 ἐπαΙλείμματα
1754 2252 1964 2322 ἔθηκεν,
2018 2251 2216 2304 συνετέ-

367 2343 508 2393 λεσεν
569 2340 623 2393 δὲ
681 2339 768 2393 καὶ
827 2341 1000 2411 ἀγῶνα
1061 2343 1154 2393 τῶι
1197 2336 1378 2411 Ἑρμεῖ
1433 2338 1519 2392 καὶ
1575 2342 1668 2392 τῶι
1711 2335 1959 2410 <Ηρακλεῖ
2013 2339 2066 2391 ἐν
2123 2341 2216 2392 τῶι

357 2424 840 2498 Ὑπερβερεταίωι32
888 2425 893 2497 Ι
943 2424 1100 2486 τιθεὶς
1154 2426 1292 2480 ἆθλα
1343 2424 1544 2479 πάντων
1598 2429 1694 2479 τῶν
1751 2422 2063 2495 ἀθλημάτων
2112 2423 2215 2484 τοῖς

284 2526 338 2567 80
369 2533 422 2565 τε
459 2513 591 2572 νέοις
629 2512 714 2566 καὶ
751 2513 854 2572 τοῖς
893 2513 1103 2584 ἐφήβοις
1141 2514 1274 2566 ὅπλα
1319 2513 1544 2582 ἐπίσημα
1583 2512 1883 2581 ἐνδεδεμένα
1920 2510 1937 2582 ΙΙ
1972 2512 2024 2563 ἐν
2064 2512 2215 2563 ὁπλο-

367 2600 570 2669 θήκαις,
610 2595 692 2670 ἐφ’
738 2600 771 2652 ἃ
810 2598 1092 2671 ἐπιγράψας
1130 2598 1244 2660 τοὺς
1282 2600 1584 2668 νικήσαντας
1631 2598 1720 2670 τὴν
1769 2596 2009 2652 ἀνάθεσιν
2051 2598 2213 2650 αὐτῶν

368 2690 686 2756 παραχρῆμα
731 2686 782 2738 ἐν
821 2688 913 2738 τῶι
949 2685 1245 2756 γυΙμνασίωι
1290 2686 1589 2755 ἐποιήσατο·
1636 2684 1819 2755 ἔθηκεν
1869 2683 1924 2737 δὲ
1970 2682 2055 2736 καὶ
2104 2685 2215 2736 δευ-
2298 2710 2299 2731 ;

367 2771 538 2842 τερεῖα
577 2772 798 2840 θέματα·
846 2771 1031 2842 ἔθηκεν
1078 2771 1133 2824 δὲ
1178 2771 1264 2824 καὶ
1302 2770 1475 2824 παισὶν
1525 2770 1664 2824 ἆθλα
1707 2770 1794 2824 καὶ
1846 2771 2162 2841 ὁπλομαχίας
2203 2770 2210 2840 Ι

368 2858 567 2927 θέματα
606 2858 815 2929 ἐφήβοις
853 2877 906 2910 τε
942 2857 1028 2910 καὶ
1069 2855 1328 2928 ἀνδράσιν,
1370 2858 1555 2927 ὁμοίως
1596 2856 1651 2910 δὲ
1689 2854 1775 2909 καὶ
1814 2856 2090 2916 διατοξείας
2127 2853 2214 2908 καὶ
2295 2861 2297 2879 ⁴

370 2945 747 3012 διακοντισμοῦ·
787 2942 972 3014 ἔθηκεν
1013 2943 1068 2996 δὲ
1105 2943 1191 2996 καὶ
1222 2943 1227 3014 Ι
1255 2946 1389 2997 ὅπλα
1428 2947 1623 3015 μακροῦ
1663 2945 1906 3014 δρόμου33
1943 2942 2029 2995 καὶ
2068 2941 2214 2995 εὔτα-

341 3136 391 3173 30
433 3134 669 3186 Propriam
689 3132 904 3174 vocabuli
923 3133 1020 3173 vim
1041 3132 1280 3173 evanuisse
1312 3143 1458 3185 neque
1480 3133 1727 3185 quicquam
1749 3132 1928 3185 praeter
1958 3130 2213 3184 simplicem
2290 3129 2292 3148 ¹

224 3204 507 3246 sacrificandi
550 3205 782 3246 notionem
827 3205 976 3245 inesse
1021 3204 1202 3245 monuit
1239 3204 1274 3245 J.
1308 3204 1440 3245 allato
1487 3203 1665 3257 Polybii
1704 3203 1804 3244 loco
1841 3202 1911 3256 ΙΙΙ,
1946 3205 2012 3255 Η,
2046 3206 2084 3255 6,
2130 3200 2212 3242 ubi

223 3276 363 3317 felicis
395 3277 585 3318 eventus
618 3277 746 3317 notio
779 3278 900 3317 certe
930 3287 1020 3317 non
1057 3276 1312 3317 necessaria
1343 3277 1474 3316 esset.
1537 3275 1598 3317 Cf.
1630 3276 1864 3328 praeterea
1894 3286 1935 3315 n.
1962 3277 2058 3326 332,
2081 3276 2134 3313 ⁴7
2166 3274 2212 3313 et

224 3347 351 3400 Syll.2
373 3352 440 3401 ⁴9,
465 3353 503 3389 5.
653 3351 697 3388 31
745 3347 1050 3389 Munificentia
1079 3348 1126 3388 in
1155 3348 1240 3388 hac
1270 3358 1453 3400 quoque
1485 3359 1533 3388 re
1563 3348 1692 3400 inest,
1730 3358 1836 3388 nam
1867 3345 1966 3386 aliis
1997 3346 2044 3386 in
2075 3344 2212 3386 sacri-

223 3419 335 3460 ficiis
375 3419 531 3460 sedulo
570 3419 831 3473 cavebatur,
872 3431 927 3461 ne
966 3420 1189 3473 homines,
1228 3430 1345 3471 quae
1383 3421 1430 3460 in
1472 3419 1617 3472 epulis
1657 3419 1798 3460 sacris
1837 3417 2075 3459 comedere
2119 3427 2210 3457 nou

224 3493 422 3544 possent,
462 3502 621 3533 secum
663 3492 851 3534 domum
893 3492 1192 3545 asportarent.
1253 3490 1314 3532 Cf.
1354 3490 1484 3543 Syll.2
1515 3495 1612 3545 589,
1639 3494 1706 3532 3⁴:
1754 3495 1839 3531 τῶν
1882 3487 1929 3530 δὲ
1968 3493 2106 3545 κρεῶν
2147 3485 2208 3543 μὴ

225 3559 333 3603 εἶναι
371 3561 558 3620 ἐκφορὴν
604 3561 685 3612 ἔξω
721 3566 797 3605 τοῦ
835 3562 1046 3619 τεμένεος.
1096 3566 1139 3603 64
1154 3567 1192 3616 5,
1223 3565 1299 3603 26:
1342 3560 1577 3605 δαινύσθων
1610 3559 1752 3604 αὐτοῦ.
1813 3564 1907 3614 632,
1931 3563 2006 3601 ⁴0:
2045 3564 2128 3601 τῶν
2161 3555 2209 3599 δὲ

223 3638 357 3690 κρεῶν
400 3633 460 3689 μὴ
501 3632 716 3692 φέρεσθαι.
895 3639 944 3675 32
987 3635 1047 3676 Cf.
1081 3636 1172 3676 not.
1199 3637 1234 3675 3.
1415 3638 1465 3674 33
1506 3635 1604 3675 Duo
1648 3635 1754 3675 sunt
1793 3631 2208 3685 lampadedromiae

2305 2252 2309 2276 Ι
