2314 3970
92 215 160 266 86]
503 214 789 254 Ptolemaeus
819 213 877 252 IV
910 213 1167 266 Philopator
1198 214 1438 264 (224-205
1461 225 1498 254 a.
1521 211 1649 263 Chr.).
1961 214 2060 265 137

144 400 195 441 10
228 384 560 456 ἐλεφάντωνΊ,
611 384 697 438 καὶ
745 384 761 457 ΙΙ
800 383 1029 445 Ἀποᾶσις
1080 383 1398 456 Μιορβόλλου
1444 381 1730 444 Έτεννεὺς8
1777 384 1782 455 Ι
1829 385 2064 455 ἡγεμὼν9

230 469 314 525 καὶ
352 472 399 524 οἱ
439 467 520 523 ὑπ’
567 471 714 524 αὐτὸν
753 471 1060 542 τεταξγμένοι
1098 475 1412 543 στρατιῶται.

86 649 243 701 utique
273 644 523 692 ἀποσταλείς
555 647 845 688 scribendum
877 649 985 687 erat.
1036 645 1151 687 Nam
1182 647 1306 698 quod
1336 647 1505 688 Hallius
1537 658 1676 689 ausus
1707 649 1776 688 est
1807 659 2064 687 συναποστα-

86 718 171 766 λεὶς
203 717 400 777 διάδοχος
431 719 718 771 interpretari
755 712 937 760 ‘missus
969 729 1206 759 successor
1235 730 1358 759 cum
1387 717 1526 761 aliis
1558 713 1858 771 (comitibus)’,
1897 718 1943 759 id
1974 730 2064 759 non

87 793 220 834 licere
251 792 400 845 quivis
431 791 510 844 qui
543 791 708 832 Graece
745 791 952 832 didicerit
990 790 1216 831 fatebitur.
1279 790 1425 838 Quare
1463 792 1542 844 qui
1581 792 1700 832 illam
1742 792 1935 832 nominis
1977 789 2063 832 διά-

87 863 213 923 δοχος
251 865 480 905 notionem
520 865 673 904 tenere
711 863 844 916 volet,
884 863 923 903 ei
964 862 1238 903 sumendum
1270 863 1355 903 erit
1387 875 1475 904 una
1515 875 1619 904 cum
1652 866 1847 916 stratego
1888 865 1935 905 in
1966 864 2064 904 illas

86 938 290 989 regiones
322 937 514 976 missum
545 947 643 976 esse
675 936 903 976 bominem
928 936 1005 987 qui
1036 935 1099 974 illi
1132 935 1170 975 si
1202 934 1335 975 officii
1369 938 1548 987 tempus
1581 936 1784 988 elapsum
1813 938 1932 978 esset
1962 947 2063 977 suc-

86 1009 274 1051 cederet.
336 1008 464 1057 Quod
495 1008 745 1050 absurdum
785 1018 884 1048 esse
914 1019 1003 1048 non
1045 1010 1114 1047 est
1154 1007 1275 1059 quod
1317 1007 1667 1052 demonstretur.
1720 1008 1822 1048 Ideo
1863 1006 2063 1064 διάδοχον

86 1093 173 1122 non
202 1093 499 1123 successorem
529 1082 814 1133 interpretor,
847 1080 927 1120 sed
955 1076 1198 1121 vicarium.
1259 1079 1372 1119 Nam
1414 1080 1457 1119 in
1490 1082 1579 1119 tam
1623 1080 1888 1132 longinquas
1920 1082 2064 1121 terras

86 1154 246 1195 ducem
278 1154 503 1194 exercitus
535 1165 624 1194 non
655 1154 846 1193 missum
886 1163 986 1193 esse
1017 1152 1126 1204 quin
1165 1151 1345 1192 definite
1385 1153 1724 1204 praeciperetur
1764 1154 1988 1205 quisnam,
2029 1154 2066 1193 si

85 1227 158 1268 ille
186 1225 348 1267 morbo
381 1228 460 1266 aut
490 1226 676 1266 vulnere
707 1226 787 1266 aut
816 1223 1021 1276 quolibet
1050 1224 1138 1264 alio
1169 1235 1279 1265 casu
1310 1224 1366 1265 ad
1397 1226 1580 1276 tempus
1619 1225 1778 1265 officiis
1817 1225 1912 1266 suis
1942 1224 2065 1276 fungi

45 1302 48 1308 '
85 1298 414 1353 prohiberetur,
447 1298 544 1338 eius
576 1298 699 1338 vices
731 1298 955 1338 sustinere
986 1296 1183 1350 deberet,
1225 1297 1325 1337 luce
1355 1297 1522 1337 clarius
1553 1299 1634 1338 est.
1695 1298 1787 1338 Hac
1817 1299 1860 1338 vi
1892 1297 2064 1350 perfre-

84 1373 272 1424 quenter
294 1370 583 1423 participium
609 1367 923 1425 διαδεχόμενος,
948 1367 1259 1425 διαδεχόμενοι,
1289 1369 1368 1410 sed
1391 1381 1713 1422 nonnunquam
1736 1371 1872 1411 etiam
1900 1381 2063 1410 nomen

84 1441 280 1501 διάδοχος
312 1444 357 1484 in
388 1443 576 1496 papyris
608 1453 848 1484 occurrere
886 1441 1218 1482 demonstravit
1248 1442 1283 1482 J.
1307 1442 1355 1483 G.
1378 1442 1510 1483 Milne
1541 1443 1727 1495 History
1759 1442 1809 1483 of
1842 1443 2002 1496 Egypt.
2027 1441 2063 1482 V

83 1517 255 1557 Roman
298 1515 396 1556 rule
439 1526 483 1568 p.
517 1518 598 1555 203
618 1525 714 1567 sqq.
778 1514 837 1555 Cf.
885 1515 1218 1567 Oxyrhynchos
1263 1515 1428 1567 papyri
1468 1515 1486 1554 Ι
1534 1526 1575 1568 p.
1607 1518 1688 1555 442
1729 1527 1770 1556 n.
1801 1515 1906 1567 LIV,
1930 1519 2061 1557 5—-72

82 1584 322 1645 Ἀχιλλίωνι
353 1586 522 1645 ἐνάρχῳ
555 1584 739 1643 ἐξηγητῇ
769 1585 839 1627 διὰ
867 1581 1137 1644 Ἀχιλλίωνος
1166 1590 1241 1628 τοῦ
1271 1585 1345 1628 καὶ
1369 1583 1725 1643 Σαραπάμμωνος
1757 1585 1849 1628 υἱοῦ
1881 1587 1952 1629 καὶ
1977 1587 2064 1630 δια-

84 1659 228 1719 δόχου.
274 1673 317 1714 p.
340 1664 420 1702 444
454 1672 494 1701 n.
518 1660 623 1712 LVI,
642 1662 830 1700 48-45;
862 1658 933 1700 τὸν
968 1658 1269 1717 διαδεχόμενον
1300 1659 1378 1716 τὴν
1411 1658 1661 1716 στρατηγίαν
1687 1657 1900 1715 βασιλικὸν
1932 1674 2065 1716 γραμ-

85 1731 232 1788 ματέα.
280 1734 318 1773 11
348 1745 390 1786 p.
410 1736 492 1774 458
524 1744 566 1773 n.
590 1732 882 1774 CCXXXVIII
914 1732 995 1773 col.
1013 1732 1085 1785 VI,
1111 1736 1186 1773 36:
1222 1725 1554 1788 Ἀρποκρατίωνι
1578 1730 1782 1788 βασιλικῷ
1808 1737 2064 1789 γραμματεῖ,

83 1804 401 1864 [διῙαδεχομένῳ
431 1803 502 1846 καὶ
531 1803 583 1846 τὰ
612 1803 722 1846 κατὰ
751 1802 827 1859 τὴν
860 1803 1150 1862 στρα(τηγίαν).
1197 1805 1280 1846 col.
1303 1805 1394 1857 VII,
1419 1808 1468 1844 40
1511 1803 1532 1845 ὁ
1567 1802 1784 1859 βασιλικὸς
1817 1803 2066 1863 διαδεχόμε-

81 1893 152 1924 νος
183 1876 256 1919 καὶ
285 1877 361 1933 τὴν
394 1875 657 1933 στρατηγίαν,
704 1877 939 1918 Formulae
969 1882 1052 1918 τῶν
1085 1875 1310 1934 διαδόχων,
1343 1889 1433 1930 qua
1464 1879 1615 1918 certus
1647 1877 1876 1930 dignitatis
1898 1878 2063 1930 gradus

83 1951 129 1992 in
169 1951 270 1992 aula
307 1951 671 1991 Ptolemaeorum
711 1949 1048 2002 significabatur
1080 1950 1135 2000 (n.
1160 1949 1296 2002 4005),
1338 1961 1443 1990 cum
1475 1950 1560 1990 hac
1598 1950 1732 1991 officii
1763 1951 2062 2003 appellatione

84 2023 191 2064 nihil
236 2023 474 2063 intercedit
518 2022 874 2063 necessitudinis.
1075 2025 1097 2060 6
1141 2022 1221 2063 Hic
1267 2034 1293 2063 a
1328 2022 1546 2063 Strabone
1583 2022 1696 2075 XVI,
1732 2026 1768 2074 4,
1803 2025 1854 2063 44
1903 2034 1944 2075 p.
1979 2026 2060 2063 773

84 2095 179 2136 Cas.
213 2097 445 2147 postremo
486 2095 587 2136 loco
620 2095 735 2135 inter
771 2095 871 2136 illos
909 2094 1162 2147 praefectos
1196 2095 1447 2136 venationis
1486 2095 1829 2147 elephantorum
1862 2105 2062 2135 comme-

83 2169 300 2220 moratur,
343 2178 538 2220 quorum
578 2166 758 2208 tabulae
796 2169 840 2207 et
876 2178 979 2208 arae
1009 2168 1055 2207 in
1087 2179 1166 2208 ora
1208 2167 1346 2208 maris
1378 2167 1517 2208 Rubri
1555 2169 1745 2208 exstent.
1808 2167 1868 2208 Cf.
1902 2179 1942 2208 n.
1967 2166 2060 2208 822.

85 2239 199 2288 Quin
234 2239 355 2280 idem
394 2240 464 2292 sit,
512 2240 589 2292 qui
628 2240 838 2292 proximo
880 2239 1127 2280 Ptolemaei
1158 2239 1195 2278 V
1234 2240 1482 2292 Epiphanis
1520 2251 1656 2292 regno
1704 2241 1875 2292 Scopae
1921 2240 2062 2280 Aetoli

83 2312 234 2353 socius
265 2314 653 2353 commemoratur
684 2311 806 2364 apud
836 2311 1078 2364 Polybium
1110 2312 1264 2365 XVIII,
1293 2315 1359 2365 55,
1383 2316 1428 2352 2:
1471 2310 1615 2367 λαβὼν
1646 2309 1723 2370 γὰρ
1747 2312 1944 2365 (Scopas)
1968 2325 2063 2353 συν-

0 2390 3 2408 ”
84 2383 202 2440 εργὸν
241 2382 320 2439 τὴν
360 2381 590 2440 ἀγριότητα
625 2383 701 2440 τὴν
732 2380 1002 2441 Χαριμόρτου
1034 2382 1108 2424 καὶ
1136 2382 1212 2439 τὴν
1255 2381 1392 2439 μέθην
1426 2381 1560 2439 ἄρδην
1592 2381 1954 2440 ἐξετοιχωρύχησε
1983 2383 2061 2439 τὴν

0 2501 2 2514 ‚
85 2453 309 2511 βασιλείαν,
341 2457 440 2497 iure
461 2457 715 2508 meritoque
735 2460 824 2497 n'on
848 2455 1056 2497 dubitant
1075 2455 1286 2497 editores.
1420 2459 1442 2495 7
1487 2455 1547 2497 Cf.
1582 2468 1622 2496 n.
1647 2459 1699 2496 82
1712 2454 1742 2497 3.
1877 2460 1900 2496 8
1933 2457 2061 2497 Prius

82 2529 277 2570 nominis
308 2529 548 2581 compositi
579 2524 854 2585 Μιόρβολλος
884 2528 1142 2569 membrum
1174 2539 1263 2569 non
1285 2528 1517 2569 diversum
1546 2529 1903 2569 existimaverim
1936 2540 1961 2569 a
1992 2529 2062 2570 dei

83 2601 382 2654 appellatione
413 2597 601 2654 Mithra,
648 2612 786 2654 quam
833 2602 1084 2642 recentiore
1129 2602 1276 2642 aetate
1319 2602 1367 2641 in
1406 2598 1534 2642 Mihr
1572 2601 1739 2642 abiisse
1776 2603 1954 2643 constat
1994 2601 2061 2653 (cf.

84 2671 266 2714 n.382³.
298 2671 423 2713 4323.
458 2672 593 2723 4343).
655 2674 885 2725 Scriptura
924 2684 1005 2726 per
1047 2675 1088 2714 Ο
1119 2673 1228 2714 nihil
1271 2672 1530 2714 offensionis
1570 2672 1718 2725 habet,
1761 2674 1978 2726 quoniam
2017 2675 2062 2715 in

83 2745 280 2785 nummis
325 2755 483 2796 regum
525 2744 901 2797 Indoscytharum
940 2756 1123 2798 quoque
1165 2741 1303 2802 Μιορο
1350 2745 1572 2797 scrIptum
1611 2747 1681 2785 est
1722 2745 1788 2795 (cf.
1833 2758 1872 2786 n.
1906 2745 2060 2797 38320).

82 2814 223 2857 Hqus
273 2816 469 2857 homims
513 2815 658 2856 filium
705 2828 804 2858 esse
855 2817 901 2858 in
949 2817 1080 2858 titulo
1133 2817 1373 2869 sepulcrali
1420 2817 1715 2858 Alexandriae
1760 2819 1939 2870 reperto
1990 2829 2060 2870 ap.

82 2885 302 2929 Nerutsos
333 2888 595 2929 L'ancienne
622 2889 887 2930 Alexandrie
928 2902 968 2930 n.
993 2893 1074 2930 445
1106 2883 1272 2937 Ῥώιζις
1306 2884 1525 2935 Ἀποοῖσιος
1551 2883 1771 2936 Ἔτεννεύς
1800 2889 2063 2931 observaVIt

16 2984 19 3007 ;
83 2958 131 3000 A.
151 2959 363 3001 Wilhelm
398 2960 609 3002 Classical
640 2961 819 3002 Review
850 2962 951 3002 XIII
984 2965 1093 3002 4899
1125 2973 1168 3014 p.
1193 2965 1260 3003 79.
1321 2961 1382 3004 Cf.
1414 2961 1569 3015 Polyb.
1592 2961 1644 3015 V,
1679 2965 1746 3015 73,
1779 2965 1824 3002 3:
1878 2965 1968 3007 τοῖς
2014 2960 2061 3002 δὲ

18 3042 25 3052 ’·
84 3029 179 3085 περὶ
207 3027 442 3089 Γαρσὺηριν
473 3028 678 3078 Ἐτεννεῖς
719 3023 795 3086 μὲν
835 3031 874 3074 οἱ
909 3037 987 3088 τῆς
1019 3030 1240 3090 Πισιδικῆς
1280 3033 1358 3090 τὴν
1400 3030 1505 3091 ὑπὲρ
1538 3028 1666 3089 Σίδης
1705 3032 1870 3089 ὀρεινὴν
1911 3047 2060 3074 κατοι-

20 3103 22 3113 ⁴
83 3104 254 3149 κοῦντες
284 3101 624 3160 ὀκτακισχιλίους
656 3101 830 3150 ὁπλίτας
852 3102 1061 3161 ἔπεμψαν,
1092 3099 1322 3147 Ἀσπένδιοι
1344 3103 1391 3144 δὲ
1419 3103 1519 3150 τοὺς
1550 3102 1730 3159 ἡμίσεις.
1791 3103 1911 3146 Num
1938 3106 2060 3145 recte

85 3172 131 3214 B.
150 3173 282 3216 Niese
313 3175 469 3216 Gesch.
502 3176 582 3217 der
612 3187 674 3228 gr.
707 3188 751 3217 u.
784 3177 1019 3219 makedon.
1052 3178 1231 3218 Staaten
1262 3178 1301 3217 II
1331 3188 1374 3230 p.
1400 3180 1480 3218 388
1511 3178 1602 3218 not.
1629 3180 1651 3216 7
1686 3176 1806 3216 idem
1838 3176 2058 3229 oppidum

85 3245 219 3288 etiam
249 3259 276 3288 a
305 3247 522 3289 Strabone
554 3248 742 3289 indicari
773 3250 943 3290 statuat
973 3250 1067 3303 XII,
1092 3253 1169 3303 7,4
1210 3261 1252 3302 p.
1278 3253 1358 3290 570
1384 3248 1479 3290 Cas.
1511 3247 1621 3294 τινὲς
1653 3246 1699 3289 δὲ
1732 3248 1828 3299 (τῶν
1860 3244 2058 3300 Πισιδῶν)

85 3315 156 3359 καὶ
182 3316 287 3375 ὑπὲρ
319 3316 447 3375 Σίδης
477 3318 550 3360 καὶ
578 3314 816 3375 Ἀσπένδου,
855 3318 1152 3378 Παμφυλικῶν
1184 3319 1364 3374 πόλεων,
1405 3318 1635 3378 κατέχουσι
1663 3317 1865 3375 γεώλοφα
1901 3318 2056 3378 χωρία,

87 3385 312 3446 ἐλαιόφυτα
341 3390 492 3445 πάντα,
528 3390 582 3433 τὰ
612 3385 642 3432 δ’
668 3389 774 3448 ὑπὲρ
803 3390 963 3435 τούτων
994 3391 1081 3450 ἤδη
1121 3391 1263 3448 ὀρεινὰ
1294 3388 1537 3445 Κατεννεῖς,
1577 3388 1714 3447 ὅμορα
1747 3388 1949 3448 Σελγεῦσι
1986 3392 2060 3434 καὶ

32 3519 33 3522 ¹
68 3450 372 3516 <⁸0120m3250t,
403 3459 690 3519 Σαγαλασσεῖς
721 3460 753 3504 δ’
780 3462 848 3506 ἐπὶ
876 3464 930 3506 τὰ
961 3464 1078 3511 ἐντὸς
1108 3464 1162 3507 τὰ
1192 3464 1296 3520 πρὸς
1326 3464 1378 3521 τῇ
1401 3459 1602 3516 Μιλυάδι,
1636 3464 1731 3504 iure
1764 3464 2057 3506 dubitaveris.

34 3543 41 3591 f
87 3530 198 3573 Nam
226 3535 272 3574 in
301 3536 432 3576 titulo
463 3536 709 3576 honorario
752 3538 910 3578 aetatis
941 3538 1166 3578 Romanae
1206 3537 1267 3588 (G.
1290 3534 1537 3576 Hirschfeld
1570 3535 1948 3577 Monatsberichte
1980 3537 2060 3577 der

88 3603 164 3644 Ak.
194 3605 234 3646 d.
262 3606 330 3647 W.
362 3619 418 3648 zu
445 3608 593 3648 Berlin
623 3610 734 3648 4875
766 3620 809 3660 p.
833 3612 928 3659 443)
969 3605 1195 3654 Κοτεννεῖς
1236 3619 1488 3659 occurrere,
1528 3619 1631 3648 cum
1671 3609 1845 3648 nummi
1883 3611 2060 3649 exstent

36 3666 39 3694 ²
90 3684 192 3715 cum
213 3677 502 3732 inscriptione
525 3680 821 3722 ΕΤΕΝΝΕΩΝ
846 3680 944 3732 (Hill
966 3681 1206 3733 Catalogue
1228 3679 1276 3721 of
1294 3680 1418 3721 coins
1441 3679 1486 3720 in
1507 3680 1583 3720 the
1604 3680 1952 3734 Br.mus.Lycia
1973 3683 2056 3721 etc.
