2314 3970
138 232 205 284 46]
716 230 997 271 Ptolemaeus
1029 231 1046 270 I
1079 230 1318 280 (306—285
1342 242 1379 270 a.
1404 230 1534 280 Chr.).
2047 233 2115 283 47

272 397 486 471 Ἀγαθῆι
557 399 708 470 τύχηι
774 399 960 469 (τ)[ῆι1]
1028 399 1034 470 Ι
1100 399 1418 469 Πτολεμαίου
1481 403 1568 452 τοῦ
1633 398 1640 470 Ι
1707 399 1976 471 Σωτῆρος2
2030 400 2118 454 καὶ

246 589 438 630 Litterae
459 588 666 640 volgares
687 591 868 639 praeter
899 590 948 639 Σ;
981 584 1093 642 θῆτα
1123 599 1165 627 v.
1191 590 1207 626 4
1248 589 1288 628 Θ
1320 589 1401 640 est,
1435 599 1476 627 v.
1501 590 1523 627 3
1558 589 1620 640 Θ,
1651 588 1692 628 Ω
1723 588 1899 629 minore
1930 588 2116 630 modulo

131 662 379 703 exaratum.
535 663 550 698 4
590 659 639 699 In
669 659 817 711 lapide
848 659 1060 700 ΤΥΧΗΙΙι
1093 660 1270 699 exstare
1308 659 1502 700 testatur
1529 659 1679 700 Hicks.
1726 658 1888 700 Tribus
1920 660 2118 700 numini-

129 734 229 786 bus,
263 733 412 774 Bonae
441 732 666 772 Fortunae
695 732 814 783 regis
844 730 1101 781 Ptolemaei,
1134 730 1351 782 Sarapidi,
1383 730 1490 771 Isidi
1511 741 1754 772 commune
1776 731 2018 772 delubrum
2042 731 2117 772 de-

130 805 270 846 dicari
310 804 516 845 statuunt
553 802 765 843 editores.
834 801 979 850 Quam
1024 795 1449 854 interpretationem
1488 803 1605 842 tueri
1651 805 1841 844 conetur
1885 803 2115 856 quispiam

128 876 335 929 exemplo
365 875 490 916 vasis
520 874 567 914 in
598 874 846 926 Cyrenaica
882 873 1055 914 inventi
1096 883 1202 913 cum
1243 873 1374 913 titulo
1416 869 1534 915 Θεῶν
1566 869 1823 931 Εὐεργετῶν,
1868 871 2117 929 βασιλίσσης

127 943 358 1004 Βερενίκης
390 946 458 999 (cf.
490 957 532 986 n.
557 945 666 998 201),
697 940 877 1002 Ἀγαθῆς
905 942 1052 1002 τύχης.
1115 943 1286 995 (Strack
1316 944 1459 984 Mitth.
1493 944 1571 984 des
1603 946 1723 985 arch.
1756 947 1862 986 lnst.
1895 946 1942 986 in
1969 945 2117 986 Athen

127 1019 231 1060 Xlx
264 1021 370 1059 4894
404 1029 448 1071 p.
472 1021 567 1058 223.
629 1018 710 1058 Die
739 1016 957 1069 Dynastie
988 1015 1068 1056 der
1098 1016 1376 1056 Ptolemaeer
1407 1026 1450 1068 p.
1481 1019 1563 1056 235
1597 1028 1638 1056 n.
1672 1017 1752 1068 48).
1813 1017 1871 1058 At
1901 1018 1993 1058 illic
2023 1028 2116 1058 non

128 1091 258 1144 regis,
289 1091 484 1143 reginae,
519 1089 635 1130 filiae
655 1089 804 1129 Bonae
825 1089 1050 1128 Fortunae
1081 1087 1336 1128 consecrari
1367 1087 1539 1128 donum
1569 1088 1806 1142 indicatur,
1838 1091 1890 1129 ut
1919 1089 2116 1130 editores

127 1173 233 1204 sane
264 1173 369 1203 cum
400 1163 506 1214 post
524 1157 760 1216 Βερενίκης
790 1171 880 1200 non
902 1159 1259 1212 distinguerent,
1277 1159 1551 1200 intellexisse
1579 1160 1804 1213 videntur,
1837 1160 1916 1201 sed
1948 1161 1995 1200 hi
2023 1162 2116 1201 tres

126 1235 321 1287 genetivi
359 1232 408 1275 ἐκ
445 1229 724 1290 παραλλήλου
763 1233 1012 1285 ponuntur,
1051 1233 1103 1272 ut
1140 1243 1230 1272 non
1268 1231 1386 1283 regis
1428 1232 1684 1284 cuiuspiam
1727 1232 1872 1273 Roma
1902 1232 2115 1285 Fortuna,

126 1306 206 1348 sed
234 1301 389 1362 Ἀγαθὴ
422 1301 544 1363 Τύχη
576 1306 623 1345 in
653 1305 922 1345 universum
952 1303 1251 1355 intellegenda
1283 1304 1352 1344 sit.
1404 1303 1522 1344 Alibi
1554 1315 1664 1345 vero
1694 1303 1977 1357 ubicumque
1997 1305 2115 1356 regis

124 1378 300 1418 numini
337 1377 509 1430 aliquid
547 1376 794 1428 dedicatur,
833 1387 924 1417 non
963 1375 1087 1416 Bona
1117 1375 1317 1415 Fortuna
1356 1377 1435 1415 aut
1474 1375 1639 1416 Genius
1682 1376 1799 1428 regis
1841 1376 2115 1429 nominatur,

125 1449 204 1491 sed
234 1449 332 1502 ipse
363 1460 442 1490 rex
475 1450 530 1500 (n.
555 1451 622 1501 24,
646 1451 683 1489 4.
719 1451 786 1500 62,
813 1452 848 1487 4.
883 1450 950 1500 63,
974 1450 1012 1489 2.
1047 1451 1113 1500 82,
1141 1451 1156 1487 4
1186 1447 1268 1498 al.).
1323 1447 1470 1495 Quare
1502 1447 1599 1488 sine
1629 1447 1771 1488 dubio
1802 1448 1877 1488 hic
1906 1447 2116 1500 frequen-

122 1521 300 1562 tissima
329 1520 527 1562 formula
557 1519 840 1573 agnoscenda
871 1521 952 1571 est,
991 1531 1017 1559 a
1052 1531 1146 1571 qua
1177 1519 1334 1560 Graeci
1364 1519 1476 1560 boni
1508 1520 1671 1560 ominis
1702 1529 1839 1560 causa
1872 1519 2012 1560 ordiri
2043 1530 2116 1561 so-

123 1592 227 1646 lent,
259 1595 311 1633 ut
340 1593 529 1633 Romani
571 1592 627 1633 ab
666 1592 741 1633 illo
781 1602 865 1631 suo
905 1585 1051 1639 ‘Quod
1082 1590 1255 1632 bonum
1295 1591 1397 1631 felix
1431 1591 1723 1644 faustumque
1761 1585 1852 1632 sit'.
1915 1590 2030 1633 Nam
2068 1592 2115 1632 in

124 1676 176 1706 ea
213 1664 405 1706 formula
443 1675 661 1717 persaepe
699 1664 959 1715 genetivum
997 1663 1260 1704 nominibus
1307 1660 1452 1720 ἀγαθῇ
1491 1661 1603 1720 τύχῃ
1644 1663 1840 1715 adiungi,
1881 1664 1934 1703 ut
1971 1660 2114 1720 ἀγαθῇ

121 1734 233 1793 τύχῃ
263 1738 339 1777 τοῦ
371 1734 510 1791 δήμου
542 1738 617 1776 τοῦ
646 1730 877 1790 Ἀθηναίων
918 1735 996 1775 aut
1031 1737 1105 1776 τοῦ
1148 1730 1363 1789 Σεβαστοῦ
1397 1729 1624 1792 Καίσαρος,
1666 1735 1711 1774 in
1749 1735 1912 1786 volgus
1952 1736 2113 1775 notum

123 1810 204 1848 est.
265 1807 388 1856 Quae
418 1807 612 1850 formula
644 1808 689 1848 vi
720 1818 810 1848 non
842 1807 1039 1847 multum
1070 1805 1221 1847 differt
1261 1806 1317 1847 ab
1360 1806 1433 1847 illa
1464 1807 1509 1847 in
1540 1807 1812 1858 Lagidarum
1852 1807 1997 1847 titulis
2029 1806 2114 1847 fre-

122 1880 421 1932 quentissima
459 1875 563 1935 ὺπὲρ
607 1876 814 1933 βασιλέως
853 1878 907 1929 (n.
941 1881 1006 1930 48,
1030 1881 1068 1918 2.
1110 1881 1178 1930 24,
1203 1881 1240 1918 2.
1283 1881 1350 1931 28,
1375 1881 1413 1919 4.
1455 1881 1522 1931 29,
1549 1882 1586 1918 4.
1632 1880 1699 1932 64,
1731 1882 1768 1919 4.
1811 1882 1877 1931 65,
1903 1882 1939 1919 4.
1982 1881 2049 1932 83,
2074 1882 2112 1921 4.

122 1945 352 2004 84,4.’85,
377 1954 416 1992 4.
450 1954 516 2004 86,
544 1954 581 1991 4.
615 1953 743 2003 87,4.
779 1953 895 2002 88,4.
931 1953 997 2002 89,
1022 1953 1059 1990 4.
1094 1952 1212 2003 94,4.
1247 1953 1313 2002 99,
1339 1953 1376 1990 4.
1412 1952 1536 2002 94,4.
1570 1953 1637 2002 95,
1663 1953 1700 1990 4.
1735 1954 1802 2003 96,
1828 1955 1863 1992 4.
1899 1954 2001 2003 97,4
2028 1950 2111 2002 al.).

119 2023 234 2067 Nam
265 2025 461 2076 utraque
492 2023 718 2063 indicatur
748 2022 1078 2064 dedicationem
1111 2033 1196 2075 pro
1228 2022 1373 2063 salute
1404 2024 1449 2062 et
1478 2022 1821 2063 incolumnitate
1852 2023 1971 2075 regis
2002 2023 2110 2063 fieri.

121 2097 232 2137 Sane
264 2095 336 2136 illa
367 2095 512 2136 multo
543 2095 692 2135 rarior
722 2096 790 2135 est
820 2095 866 2135 in
896 2095 1040 2135 titulis
1071 2095 1448 2147 Ptolemaeorum,
1482 2094 1562 2135 sed
1584 2095 1851 2146 neutiquam
1882 2095 2014 2147 plane
2045 2095 2111 2135 in-

121 2168 286 2209 audita.
339 2167 399 2208 Cf.
431 2179 473 2208 n.
499 2169 565 2219 47,
591 2171 612 2206 7
646 2177 751 2207 cum
783 2168 874 2207 not.
899 2170 936 2207 4.
963 2170 999 2207 3.
1053 2166 1273 2208 Sacellum
1296 2166 1434 2218 igitur
1463 2166 1644 2207 duobus
1666 2166 1804 2208 modo
1837 2167 1946 2219 deis,
1985 2167 2112 2207 Sara-

121 2239 216 2291 pidi
246 2241 291 2280 et
319 2238 440 2291 Isidi,
473 2239 790 2279 consecratum
821 2239 890 2278 est
915 2239 966 2278 ut
996 2250 1036 2278 n.
1062 2241 1129 2291 24,
1155 2239 1193 2278 3.
1343 2242 1366 2278 2
1409 2238 1597 2286 Quando
1637 2239 1724 2278 hoc
1755 2249 2006 2290 cognomen
2039 2249 2111 2278 ac-

120 2311 292 2364 ceperit
321 2310 606 2352 Ptolemaeus
638 2310 742 2362 Lagi
774 2310 800 2350 f.
835 2309 1111 2351 dissentitur.
1162 2310 1226 2350 Ac
1256 2310 1384 2363 quod
1415 2310 1670 2362 Stephanus
1693 2310 1798 2362 Byz.
1823 2310 1961 2351 habet
1986 2304 2111 2359 Ὀξυ-

121 2379 285 2438 δράκαι,
327 2379 452 2428 ἔθνος
478 2375 671 2434 Ἰνδικόν,
705 2375 770 2437 ἀφ’
809 2381 865 2422 ὦν
899 2381 1035 2426 σώσας
1065 2375 1333 2436 Ἀλέξανδρον
1366 2377 1631 2436 Πτολεμαῖος
1665 2379 1807 2437 σωτὴρ
1839 2378 2029 2436 ἐκλήθη·
2071 2379 2111 2422 οἱ

121 2452 167 2494 δὲ
197 2451 351 2510 ψεῦδος
379 2452 427 2495 τὸ
459 2451 554 2507 περὶ
583 2446 974 2506 τῶνὈξυδρακῶν,
1007 2452 1053 2492 id
1084 2463 1132 2492 re
1162 2463 1273 2493 vera
1302 2452 1461 2492 fictum
1495 2462 1594 2492 esse
1625 2452 1728 2493 inde
1751 2454 1954 2505 apparet,
1987 2453 2110 2504 quod

122 2525 177 2566 ab
209 2525 284 2566 illa
314 2525 703 2577 periculosissima
734 2535 839 2564 cum
870 2524 1027 2577 Mallis,
1059 2535 1152 2565 non
1185 2524 1449 2577 Oxydracis,
1489 2535 1640 2576 pugna
1671 2524 1981 2565 Ptolemaeum
2013 2535 2109 2565 om-

119 2598 226 2638 nino
258 2597 424 2638 afuisse
455 2596 714 2637 testimonio
746 2597 892 2648 ipsius
933 2596 1118 2647 (Arrian.
1141 2596 1212 2649 VI,
1246 2600 1311 2650 44,
1342 2600 1386 2637 8:
1433 2593 1506 2636 καὶ
1545 2593 1670 2641 αὐτὸς
1702 2592 1974 2650 Πτολεμαῖος
2005 2593 2110 2638 ἀνα-

119 2667 325 2726 γέγραφεν
357 2665 456 2710 οὐδὲ
486 2665 798 2725 παραγενέσθαι
827 2665 964 2724 τούτῳ
995 2667 1056 2724 τῷ
1086 2666 1217 2725 ἔργῳ·
1249 2665 1362 2709 ἀλλὰ
1386 2669 1582 2724 στρατιᾶς
1603 2666 1681 2723 γὰρ
1714 2664 1838 2714 αὐτὸς
1869 2665 2109 2724 ἡγούμενος

119 2738 254 2786 ἄλλας
285 2735 497 2797 μάχεσθαι
527 2738 670 2798 μάχας
700 2738 773 2781 καὶ
801 2738 905 2794 πρὸς
936 2736 1092 2786 ἄλλους
1125 2737 1375 2795 βαρβάρους)
1407 2740 1540 2792 plane
1569 2741 1761 2780 constat.
1814 2738 1970 2792 Neque
2001 2751 2109 2792 pro-

119 2811 366 2853 babiliores
398 2806 503 2853 sunt
530 2812 837 2852 recentiorum
859 2812 1158 2864 coniecturae,
1191 2813 1270 2864 qui
1292 2812 1511 2864 originem
1534 2811 1850 2864 appellationis
1880 2811 1935 2852 ad
1957 2812 2110 2863 proxi-

120 2894 221 2925 mos
250 2886 355 2937 post
385 2883 623 2924 Alexandri
657 2884 834 2924 obitum
867 2894 1007 2925 annos
1039 2883 1251 2924 referunt.
1305 2883 1363 2924 At
1393 2895 1448 2924 ex
1480 2884 1620 2924 altera
1652 2884 1779 2935 parte
1810 2894 1900 2923 non
1931 2884 2107 2935 primos

119 2955 317 2997 Rhodios
348 2955 584 2996 obsidione
614 2955 830 2996 liberatos
860 2956 981 2996 illius
1013 2967 1100 3008 ope
1132 2967 1247 2997 anno
1282 2958 1361 2996 304
1386 2967 1423 2996 a.
1448 2955 1549 2996 Chr.
1582 2966 1687 2996 eum
1710 2956 1996 2995 Servatorem
2030 2965 2107 3006 ap-

119 3027 311 3079 pellasse
341 3038 462 3068 nunc
492 3038 548 3068 ex
577 3027 710 3068 titulo
738 3026 866 3080 Syll.2
886 3030 982 3080 202,
1006 3031 1057 3068 27
1078 3038 1169 3080 sq.:
1210 3030 1300 3073 τοῖς
1330 3027 1568 3084 νησιώταις,
1600 3024 1880 3082 τετιμηκόσιμ
1909 3025 2108 3081 πρώ[τοις

119 3097 203 3150 τ]ὸν
234 3101 407 3154 σωτῆρα
436 3095 702 3152 Πτολεμαῖον
737 3096 921 3144 ἰσοθέοις
951 3099 1125 3153 τιμαῖ[ς]
1156 3101 1357 3152 apparet,
1389 3101 1442 3139 ut
1462 3098 1578 3139 bene
1608 3098 1822 3139 observat
1843 3096 1914 3137 W.
1931 3097 2106 3138 Hiiner-

120 3170 264 3211 wadel
303 3171 622 3222 Forschungen
658 3182 739 3211 zur
778 3170 1044 3211 Geschichte
1086 3171 1165 3211 des
1202 3171 1370 3222 Konigs
1408 3171 1704 3222 Lysimachos
1743 3180 1786 3221 p.
1821 3171 1901 3208 425
1941 3170 2032 3209 not.
2066 3172 2104 3210 4.

118 3239 233 3283 Nam
263 3242 376 3283 haec
406 3242 462 3283 ad
492 3241 703 3294 Antigoni
733 3242 1090 3284 dominationem
1120 3253 1204 3295 per
1234 3253 1359 3283 mare
1389 3242 1615 3293 Aegaeum
1648 3252 1672 3280 a
1704 3239 1960 3280 Ptolemaeo
1992 3240 2107 3281 frac-

121 3314 213 3354 tam
260 3313 355 3364 (308
389 3325 426 3354 a.
458 3313 574 3364 Chr.)
616 3315 821 3366 spectare
858 3315 948 3355 iam
994 3314 1172 3367 primus
1217 3314 1364 3355 editor
1409 3313 1667 3353 Delamarre
1712 3311 1957 3363 perspexit.
2026 3311 2105 3352 Illo

120 3384 256 3436 igitur
287 3397 404 3426 anno
435 3385 564 3437 prior
593 3397 683 3426 non
714 3387 782 3426 est
812 3386 986 3438 titulus,
1020 3386 1099 3426 sed
1130 3397 1246 3428 anno
1281 3389 1360 3424 306
1385 3396 1422 3425 a.
1445 3384 1545 3425 Chr.
1579 3394 1671 3423 non
1703 3383 1942 3423 recentior.
1989 3382 2104 3424 Nam

122 3456 244 3507 quod
273 3456 556 3497 Ptolemaeus
585 3456 661 3496 hic
697 3457 820 3509 regio
853 3458 1034 3498 nomine
1065 3459 1201 3510 caret,
1246 3456 1413 3496 nullam
1448 3454 1614 3495 habere
1644 3455 1796 3506 potest
1833 3455 1965 3495 aliam
1999 3466 2104 3495 cau-

123 3537 218 3569 sam
248 3528 334 3568 nisi
365 3527 488 3580 quod
528 3527 575 3567 id
614 3530 714 3568 turn
752 3530 971 3581 temporis
1010 3529 1210 3570 nondum
1247 3527 1398 3579 gessit.
1459 3527 1580 3567 Intra
1618 3537 1841 3567 annorum
1877 3529 2102 3567 308—306

123 3609 159 3638 a.
183 3598 282 3650 Chr,
315 3600 511 3652 spatium
544 3599 906 3640 Halicarnassum
945 3599 1184 3652 aliquando
1223 3600 1267 3638 in
1306 3597 1393 3638 fide
1423 3598 1667 3639 Ptolemaei
1705 3597 1844 3639 fuisse
1882 3598 2102 3638 traditum

122 3669 305 3720 quidem
343 3681 435 3711 non
472 3671 553 3723 est,
593 3670 671 3711 sed
703 3672 978 3711 contrarium
1011 3682 1099 3711 non
1132 3665 1287 3721 magis.
1347 3668 1462 3710 Nam
1504 3669 1626 3720 quod
1663 3669 1697 3709 J.
1729 3669 1775 3710 G.
1806 3669 2011 3721 Droysen
2057 3668 2102 3708 id
