2314 3970
105 196 205 249 234]
541 194 789 236 Antiochus
820 194 878 234 III
907 194 1092 246 Magnus
1124 193 1364 245 (223—487
1387 205 1425 234 a.
1448 192 1548 234 Chr.
1572 193 1643 244 n.).
1973 192 2075 244 387

248 370 382 420 λασα
425 364 734 438 πρεσβευτὰς
781 365 894 420 ποτὶ
934 366 1150 426 πλέονας
1165 367 1207 402 12
1241 366 1445 438 τέτευχε
1487 364 1494 436 Ι
1534 363 1730 418 πάντων
1769 367 1865 417 τῶν
1904 364 2078 434 τιμίων
2114 384 2118 386 ’

167 468 220 510 15
250 450 335 508 καὶ
371 453 756 525 φιλανθρώπων,
798 452 885 507 καὶ
923 451 1257 524 Παυσίμαχος
1285 451 1339 506 δὲ
1367 454 1393 505 ὁ
1419 448 1543 524 παΙΙρ’
1580 452 1742 506 αὐτῶν
1766 450 2081 523 πρεσβεύσας

248 544 301 594 ἐν
350 540 565 607 ἐκείναις
609 561 663 593 τε
709 543 878 600 καλῶς
923 538 1010 593 καὶ
1048 539 1200 598 ἀξίως
1236 541 1332 592 τῶν
1361 535 1639 609 ἙλλάΙνων
1681 538 2078 609 ἀνέστρεπται13,

246 626 333 680 καὶ
369 629 454 680 νῦν
491 627 809 699 ποτειληιρὼς
843 624 1071 699 χρησμὸν
1097 621 1235 696 παρὰ
1262 628 1349 677 τοῦ
1375 625 1513 694 θεοῦ,
1545 623 1551 696 Ι
1581 625 1997 679 κατακολουθέων
2027 623 2082 676 δὲ

245 714 427 767 τούτωι
445 713 702 767 ποτελθὼν
728 713 839 767 ποτὶ
863 711 918 766 τὸ
949 713 1201 783 συνέδριον
1231 711 1372 781 ἁμῶν
1403 710 1408 782 Ι
1437 711 1551 782 περί
1574 732 1626 764 τε
1651 715 1740 771 τᾶς
1763 711 1891 772 ἰδίας
1910 711 2084 782 πατρί-

247 803 332 860 δος
355 797 520 854 πολλὰ
546 800 919 873 κατευφάμηκε,
948 798 1232 871 ἐμφανίζων
1257 794 1348 850 τάν
1379 796 1385 868 Ι
1414 798 1672 869 εὐσέβειαν
1703 800 1856 859 αὐτᾶς
1881 798 1968 853 καὶ
1993 795 2084 851 τὰν

164 901 219 942 20
251 886 457 959 ἀρετάν·
510 888 695 958 ὁμοίως
733 887 788 941 δὲ
825 885 912 941 καὶ
937 884 1048 957 περὶ
1079 885 1312 957 βασιλέος
1349 882 1365 954 ΙΙ
1395 880 1650 956 Ἀντιόχου
1666 888 1706 921 14
1735 888 1822 938 τοῦ
1849 886 2086 958 εὖεργέτα

242 970 532 1046 Ἀντιοχέων
554 975 796 1046 εὖλόγηκε
815 975 1127 1046 εὖχαριστῶν
1152 971 1158 1043 Ι
1183 972 1339 1025 αὖτῶι
1365 973 1493 1024 διότι
1518 968 1609 1025 τὰν
1635 974 1972 1045 δαμοκρατίαν
1999 971 2085 1025 καὶ

247 1058 339 1116 τάν
389 1060 592 1133 εἰράναν
608 1064 651 1098 ¹⁵
697 1060 868 1133 <αν>16
911 1061 1012 1120 τοῖς
1052 1056 1380 1131 Ἀντιοχεῦσιν
1423 1057 1429 1129 Ι
1472 1057 1812 1130 διαφυλάσσει
1859 1057 1956 1113 κὰτ
1992 1056 2084 1113 τάν

248 1151 346 1202 τῶν
384 1149 692 1220 προγόνων17
732 1146 1004 1220 ὑφάγησιν·
1065 1146 1311 1218 δεδόχθαι
1347 1145 1763 1217 ἀποκρίνασΙσθαι
1799 1147 1969 1215 αὖτῶι,
2010 1148 2087 1199 ὅτι

247 1235 302 1289 τὸ
330 1234 493 1289 κοινὸν
521 1237 617 1289 τῶν
640 1232 997 1307 Ἀμφικτιόνων
1023 1230 1128 1304 τάμ
1155 1233 1241 1304 μὲν
1267 1235 1411 1286 πόλιν
1438 1229 1530 1286 τὰν
1550 1230 1858 1305 ἈντιοΙχέων
1885 1231 1970 1286 καὶ
1993 1229 2085 1287 τὰν

101 1422 397 1482 Χρυσαορικοῦ
430 1422 708 1481 συστήματος.
768 1423 863 1465 Iam
896 1423 1116 1477 oppIdum
1154 1424 1229 1464 cui
1258 1418 1484 1480 Ἀντιόχεια
1521 1434 1685 1465 nomen
1725 1426 1845 1465 esset
1883 1424 1929 1464 in
1961 1423 2089 1465 Caria

20 1482 23 1508 ³
105 1497 255 1551 fuisse,
288 1497 414 1551 quod
443 1497 507 1538 illi
537 1496 728 1538 concilio
759 1496 1012 1550 interesset,
1042 1498 1223 1550 praeter
1253 1497 1374 1538 hunc
1404 1495 1589 1538 titulum
1620 1497 1813 1538 testatur
1843 1496 2088 1538 laterculus

21 1558 25 1628 Ξ
105 1570 334 1612 victorum
365 1569 410 1611 C.
433 1571 463 1610 Ι.
487 1569 755 1621 Att.11967‚
780 1572 853 1609 38:
898 1565 1078 1625 ὁπλίτην
1113 1566 1119 1624 Ι
1155 1581 1332 1611 ----ων
1365 1565 1578 1611 Παιωνίου
1609 1565 1883 1627 Χρυσαορεὺς
1914 1563 1980 1610 ἀπ’
2006 1564 2090 1611 Ἀν-

102 1639 330 1701 τιο[χείας].
378 1641 507 1690 Quod
529 1640 749 1695 oppidum
770 1651 876 1681 cum
898 1640 1054 1682 Couve
1074 1641 1304 1694 ceteroqui
1327 1642 1535 1694 ignotum
1557 1641 1849 1695 existimaret,
1872 1640 2090 1682 Holleaux

24 1747 27 1764 ,
105 1725 196 1756 non
233 1714 465 1755 diversum
507 1724 606 1755 esse
645 1712 702 1754 ab
732 1712 1116 1754 Alabandensium
1153 1714 1337 1755 civitate
1378 1712 1604 1767 probavit.
1665 1713 1780 1755 Nam
1821 1713 1960 1754 fuisse
1990 1714 2090 1754 Ala-

105 1786 254 1828 banda
274 1787 320 1828 in
341 1787 556 1828 societate
578 1785 875 1839 Chrysaorica
896 1787 1084 1840 apparet
1105 1797 1212 1828 cum
1233 1797 1287 1827 ex
1310 1786 1354 1827 C.
1377 1786 1408 1826 1.
1430 1786 1518 1827 Att.
1542 1787 1594 1839 ΙΙ,
1618 1788 1715 1839 970,
1740 1789 1813 1826 35;
1851 1782 1885 1827 Δ
1905 1817 1913 1826 .
1933 1817 1942 1826 .
1962 1817 1971 1826 .
1991 1817 1999 1826 .
2019 1783 2090 1832 έας

106 1890 117 1901 .
136 1891 146 1900 .
165 1891 174 1900 .
193 1890 203 1900 .
222 1857 337 1900 ονίου
369 1856 639 1916 Χρυσαορεὺς
669 1856 754 1901 ἀπὸ
784 1853 1063 1914 Ἀλαβάνδων,
1102 1860 1201 1900 tum
1242 1870 1299 1900 ex
1339 1858 1520 1900 decreto
1558 1858 1860 1900 Alabandensi
1889 1858 2004 1899 Bull.
2037 1858 2092 1900 de

28 1957 30 1994 ss
105 1942 221 1973 corr.
253 1930 363 1972 Hell.
393 1930 436 1972 X
467 1931 606 1984 (4886)
637 1941 681 1984 p.
707 1934 786 1972 309
818 1942 861 1972 n.
884 1933 923 1984 4,
947 1934 1088 1984 2sqq.
1122 1934 1276 1984 9sqq.,
1307 1930 1388 1972 ubi
1421 1931 1535 1972 civis
1567 1930 1892 1972 Alabandensis
1924 1931 2092 1972 collau-

106 2003 238 2045 datur
257 2004 445 2057 propter
466 2003 630 2044 merita
658 1999 720 2050 εἷς
749 2017 794 2044 τε
823 2001 900 2058 τὴν
931 2001 1173 2061 συγγένειαν
1206 2001 1279 2044 καὶ
1309 2001 1467 2049 πάντας
1487 1999 1767 2061 Χρυσαορεῖς.
1817 2002 1955 2056 Atqui
1986 2004 2094 2045 huic

106 2075 275 2130 oppido
307 2075 550 2129 aliquando
572 2075 856 2117 Antiochiam
878 2086 1043 2118 nomen
1065 2074 1204 2118 fuisse
1226 2076 1398 2117 scimus
1407 2087 1418 2128 3
1451 2075 1504 2117 cf.
1528 2076 1677 2130 Steph.
1701 2076 1807 2129 Byz.
1839 2070 2092 2132 Ἀλάβανδα·

106 2144 228 2195 πόλις
259 2142 436 2207 Καρίας,
476 2145 505 2203 ἡ
538 2146 641 2189 ποτὲ
671 2142 919 2206 Ἀντιόχεια·
963 2145 1133 2206 ἐκλήθη
1178 2146 1226 2190 δὲ
1263 2145 1347 2190 ἀπὸ
1377 2142 1647 2203 Ἀλαβάνδου,
1687 2151 1761 2190 τοῦ
1802 2146 1996 2202 εὐίππου,
2035 2148 2094 2196 ὡς

104 2215 264 2277 Χάραξ.
315 2219 415 2270 Quo
445 2220 739 2274 potissimum
768 2222 895 2274 regni
916 2221 1253 2262 Seleucidarum
1283 2222 1490 2274 tempore
1510 2232 1678 2262 nomen
1709 2222 1970 2275 mutaverit,
2001 2233 2094 2262 non

105 2292 313 2346 traditur,
352 2292 432 2335 sed
461 2295 584 2335 recte
613 2293 726 2334 Holl.
758 2293 1021 2335 observavit
1050 2294 1158 2347 post
1188 2297 1270 2337 489
1304 2306 1342 2335 a.
1366 2293 1466 2334 Chr.
1498 2293 1545 2334 id
1576 2293 1698 2334 nullo
1742 2293 1878 2335 modo
1921 2293 2091 2335 factum

34 2367 35 2372 ’
107 2376 207 2408 esse
247 2375 396 2419 posse.
458 2363 588 2413 Quod
627 2377 736 2408 vero
773 2365 924 2407 Couve
963 2368 1109 2420 negat,
1158 2368 1262 2407 ante
1299 2377 1469 2408 annum
1507 2369 1588 2406 497
1620 2378 1657 2407 a.
1688 2366 1789 2407 Chr.
1828 2366 2091 2409 Antiochiae

107 2448 274 2480 nomen
306 2437 473 2492 oppido
504 2438 771 2492 impositum
793 2449 892 2480 esse
923 2449 1071 2493 posse,
1104 2439 1212 2492 quia
1233 2439 1278 2481 in
1308 2439 1445 2480 huius
1475 2439 1579 2480 anni
1609 2438 1748 2480 rebus
1770 2438 1891 2492 apud
1912 2439 2091 2481 Livium

106 2509 305 2564 XXXIII,
330 2513 398 2564 48,
430 2514 452 2552 7
495 2511 734 2552 etiamtum
774 2512 926 2552 vetere
962 2512 1146 2553 nomine
1182 2511 1413 2553 Alabanda
1450 2511 1767 2565 appellaretur,
1806 2511 1854 2553 id
1890 2511 2092 2553 luculen-

108 2583 284 2625 tissime
327 2582 543 2625 refutavit
579 2582 808 2637 HoHeaux,
851 2584 931 2636 qui
970 2583 1184 2625 observat
1219 2584 1475 2638 Polybium,
1516 2585 1594 2625 cui
1627 2584 1780 2625 Livius
1823 2594 1906 2626 sua
1945 2583 2092 2638 debet,

109 2656 247 2697 etiam
288 2654 395 2697 alibi
431 2655 630 2708 antiquis
668 2655 852 2697 urbium
891 2656 1152 2698 nominibus
1193 2658 1261 2698 uti
1300 2667 1389 2698 non
1429 2658 1666 2698 curantem
1712 2656 1892 2698 novicia
1932 2668 2093 2710 regum

108 2729 363 2782 praecepta,
414 2728 559 2769 veluti
607 2728 877 2771 Mantineam
922 2740 1173 2782 numquam
1220 2729 1516 2783 Antigoneam
1570 2729 1777 2783 appellet.
1846 2731 1940 2771 Iam
1988 2741 2093 2772 cum

109 2799 261 2854 ipsum
291 2801 429 2842 huius
466 2800 586 2842 tituli
624 2800 800 2843 dicendi
831 2812 971 2854 genus
1002 2801 1179 2856 probet,
1219 2814 1308 2844 non
1347 2803 1451 2855 plus
1480 2814 1572 2844 una
1601 2803 1838 2844 Antiochia
1879 2802 2018 2844 fuisse
2048 2804 2095 2843 in

40 2861 44 2917 ἶ
111 2874 359 2926 systemate
389 2872 704 2926 Chrysaorico‚
747 2874 953 2927 sequitur
982 2875 1034 2915 ut
1064 2873 1340 2916 confidenter
1378 2875 1433 2915 de
1462 2875 1852 2917 Alabandensibus
1891 2876 1978 2917 hoc
2019 2876 2095 2917 de-

112 2947 285 2986 cretum
316 2946 680 2999 interpretemur.
828 2948 880 2986 42
919 2947 987 2988 Sc.
1018 2944 1178 2993 πόλεις.
1228 2947 1353 2988 Idem
1384 2958 1550 2989 nomen
1581 2947 1733 3000 paullo
1755 2948 1869 2989 infra
1900 2948 1957 2989 ad
1989 2945 2095 2988 ἐκεί-

110 3028 199 3064 ναις
227 3019 378 3059 mente
399 3017 705 3071 supplendum
726 3019 806 3059 est.
845 3018 891 3060 C.
1024 3022 1076 3059 43
1117 3019 1178 3061 Cf.
1200 3031 1241 3061 n.
1266 3018 1389 3061 2288.
1435 3018 1752 3078 ἀνεστρὲφησαν
1785 3019 1913 3072 syll.2
1934 3022 2030 3073 454,
2056 3024 2094 3060 6.

113 3090 166 3130 44
204 3088 478 3131 Antiochum
507 3090 566 3130 III
604 3090 841 3142 (223—-487
875 3103 912 3132 a.
947 3090 1048 3133 Chr.
1081 3092 1138 3143 n.)
1177 3093 1267 3133 iam
1306 3093 1483 3145 primus
1521 3092 1668 3134 editor
1706 3093 1903 3145 agnovit.
1964 3091 2095 3133 Nunc

46 3187 48 3222 4
115 3171 219 3202 cum
251 3163 535 3204 accuratiora
565 3161 620 3203 de
650 3163 770 3204 tituli
800 3165 945 3205 aetate
975 3163 1268 3206 didicerimus
1301 3165 1408 3217 (not.
1433 3164 1487 3218 4),
1519 3165 1670 3206 nullus
1703 3166 1793 3206 iam
1824 3164 2095 3217 relinquitur

48 3285 49 3292 ἵ
116 3231 351 3276 dubitandi
389 3234 530 3276 locus.
707 3239 760 3276 45
797 3235 900 3278 Non
938 3237 1110 3278 civium
1149 3237 1438 3278 concordiam
1477 3239 1522 3278 et
1558 3238 1931 3290 tranquillitatem
1978 3238 2096 3278 intra

115 3303 277 3347 urbem
314 3306 401 3348 hoc
441 3306 691 3360 significare
731 3309 882 3361 potest
918 3320 974 3351 ex
1014 3310 1346 3351 consuetudine
1388 3311 1610 3351 sermonis
1652 3309 1822 3363 Graeci,
1861 3309 1940 3351 sed
1975 3309 2095 3350 indi-

118 3378 244 3418 catur
286 3390 439 3432 regem
484 3379 541 3421 ab
587 3381 761 3421 externi
812 3380 918 3423 belli
968 3383 1182 3436 periculis
1226 3385 1271 3423 et
1317 3382 1512 3423 miseriis
1565 3383 1688 3423 cives
1734 3383 1934 3423 tutatum
1981 3393 2094 3424 esse.

51 3506 54 3515 .
120 3450 173 3488 46
215 3450 540 3494 ΕΙΡΑΝΑΝΑΝ
579 3452 707 3506 lapiS.
766 3453 851 3495 Pro
882 3456 955 3497 ΑΝ
997 3455 1150 3497 Couve
1188 3457 1234 3496 in
1275 3454 1525 3508 exemplari
1566 3455 1822 3496 minusculo
1862 3452 1905 3496 ἐν
1945 3466 2096 3497 emen-

52 3519 53 3525 ’
120 3518 255 3574 davit,
285 3522 364 3564 sed
393 3523 449 3564 de
478 3535 591 3577 pace
620 3525 771 3565 inter
798 3524 1126 3569 Antiochenses
1168 3528 1438 3568 conservata
1470 3526 1559 3567 dici
1595 3537 1685 3567 non
1726 3527 1880 3579 potest
1909 3529 2097 3580 propter

120 3592 250 3633 vocis
279 3592 422 3650 εἰράνα
451 3597 686 3638 notionem
717 3597 822 3649 (not.
845 3600 927 3651 45).
988 3599 1136 3648 Quare
1177 3611 1356 3642 merum
1397 3598 1601 3640 dativum
1640 3599 1838 3640 restituit
1867 3599 2095 3652 wilhelm,

55 3663 58 3693 ἲ
119 3661 336 3716 lapicidae
366 3678 519 3710 errore
551 3670 626 3710 ΑΝ
660 3669 872 3711 iteratum
904 3673 1119 3714 statuens.
1272 3674 1322 3712 47
1363 3670 1424 3712 Cf.
1457 3682 1498 3711 n.
1523 3670 1644 3712 2298.

1668 3754 1749 3799 25*
