<?xml version="1.0" encoding="UTF-8"?>
<!DOCTYPE html PUBLIC "-//W3C//DTD XHTML 1.0 Transitional//EN"
    "http://www.w3.org/TR/xhtml1/DTD/xhtml1-transitional.dtd">
<html xmlns="http://www.w3.org/1999/xhtml" xml:lang="en" lang="en">
 <head>
  <title>
</title>
<meta http-equiv="Content-Type" content="text/html;charset=utf-8" />
  <meta name='ocr-system' content='tesseract 3.04.00' />
  <meta name='ocr-capabilities' content='ocr_page ocr_carea ocr_par ocr_line ocrx_word'/>
</head>
<body>
  <div class='ocr_page' id='page_1' title='image "./orientisgraeciin01dittuoft_0153.png"; bbox 0 0 2314 3970; ppageno 0'>
   <div class='ocr_carea' id='block_1_1' title="bbox 111 238 2083 299">
    <p class='ocr_par' dir='ltr' id='par_1_1' title="bbox 111 238 2083 299">
     <span class='ocr_line' id='line_1_1' title="bbox 111 238 2083 299; baseline -0.006 -12"><span class='ocrx_word' id='word_1_1' title='bbox 111 247 179 299; x_wconf 86' lang='lat'>89]</span> <span class='ocrx_word' id='word_1_2' title='bbox 522 243 804 283; x_wconf 85' lang='lat' dir='ltr'>Ptolemaeus</span> <span class='ocrx_word' id='word_1_3' title='bbox 835 242 892 282; x_wconf 86' lang='lat' dir='ltr'>IV</span> <span class='ocrx_word' id='word_1_4' title='bbox 923 242 1182 294; x_wconf 82' lang='lat' dir='ltr'>Philopator</span> <span class='ocrx_word' id='word_1_5' title='bbox 1214 241 1453 291; x_wconf 85' lang='grc'>(224-205</span> <span class='ocrx_word' id='word_1_6' title='bbox 1477 251 1514 280; x_wconf 93' lang='lat' dir='ltr'>a.</span> <span class='ocrx_word' id='word_1_7' title='bbox 1538 238 1666 290; x_wconf 91' lang='lat' dir='ltr'>Chr.).</span> <span class='ocrx_word' id='word_1_8' title='bbox 1982 238 2083 288; x_wconf 83' lang='grc'>139</span> 
     </span>
    </p>
   </div>
   <div class='ocr_carea' id='block_1_2' title="bbox 1349 314 1519 319">
    <p class='ocr_par' dir='ltr' id='par_1_2' title="bbox 1349 314 1519 319">
     <span class='ocr_line' id='line_1_2' title="bbox 1349 314 1519 319; baseline 0 0"><span class='ocrx_word' id='word_1_9' title='bbox 1349 314 1519 319; x_wconf 95' lang='lat' dir='ltr'> </span> 
     </span>
    </p>
   </div>
   <div class='ocr_carea' id='block_1_3' title="bbox 106 390 2083 747">
    <p class='ocr_par' dir='ltr' id='par_1_3' title="bbox 106 390 2083 747">
     <span class='ocr_line' id='line_1_3' title="bbox 213 390 2083 485; baseline -0.005 -15"><span class='ocrx_word' id='word_1_10' title='bbox 213 418 288 473; x_wconf 84' lang='grc'>89</span> <span class='ocrx_word' id='word_1_11' title='bbox 336 421 557 468; x_wconf 84' lang='lat' dir='ltr'>Marmor</span> <span class='ocrx_word' id='word_1_12' title='bbox 582 390 844 485; x_wconf 76' lang='lat' dir='ltr'>inventum</span> <span class='ocrx_word' id='word_1_13' title='bbox 870 417 1054 467; x_wconf 85' lang='lat' dir='ltr'>Thebis</span> <span class='ocrx_word' id='word_1_14' title='bbox 1073 417 1348 483; x_wconf 82' lang='lat' dir='ltr'>Aegyptiis,</span> <span class='ocrx_word' id='word_1_15' title='bbox 1376 417 1679 465; x_wconf 85' lang='lat' dir='ltr'>translatum</span> <span class='ocrx_word' id='word_1_16' title='bbox 1705 415 1756 462; x_wconf 92' lang='lat' dir='ltr'>in</span> <span class='ocrx_word' id='word_1_17' title='bbox 1781 414 2083 479; x_wconf 74' lang='lat' dir='ltr'><strong>Amerinam,</strong></span> 
     </span>
     <span class='ocr_line' id='line_1_4' title="bbox 106 500 2081 571; baseline -0.004 -13"><span class='ocrx_word' id='word_1_18' title='bbox 106 508 193 559; x_wconf 92' lang='lat' dir='ltr'>ubi</span> <span class='ocrx_word' id='word_1_19' title='bbox 218 505 383 557; x_wconf 55' lang='lat' dir='ltr'>eistat</span> <span class='ocrx_word' id='word_1_20' title='bbox 407 507 459 555; x_wconf 90' lang='lat' dir='ltr'>in</span> <span class='ocrx_word' id='word_1_21' title='bbox 485 506 672 571; x_wconf 91' lang='lat' dir='ltr'>oppido</span> <span class='ocrx_word' id='word_1_22' title='bbox 700 505 1139 555; x_wconf 84' lang='lat' dir='ltr'>Neo-Eboracensi</span> <span class='ocrx_word' id='word_1_23' title='bbox 1172 505 1223 553; x_wconf 88' lang='lat' dir='ltr'>in</span> <span class='ocrx_word' id='word_1_24' title='bbox 1250 503 1539 553; x_wconf 80' lang='lat' dir='ltr'>collectione</span> <span class='ocrx_word' id='word_1_25' title='bbox 1564 500 1767 567; x_wconf 88' lang='lat' dir='ltr'>Iosephi</span> <span class='ocrx_word' id='word_1_26' title='bbox 1785 502 1864 549; x_wconf 92' lang='lat' dir='ltr'>W.</span> <span class='ocrx_word' id='word_1_27' title='bbox 1883 501 2081 550; x_wconf 81' lang='lat' dir='ltr'>Drexel.</span> 
     </span>
     <span class='ocr_line' id='line_1_5' title="bbox 107 585 2072 655; baseline -0.005 -11"><span class='ocrx_word' id='word_1_28' title='bbox 107 595 194 644; x_wconf 90' lang='lat' dir='ltr'>Ed.</span> <span class='ocrx_word' id='word_1_29' title='bbox 235 593 290 643; x_wconf 88' lang='lat' dir='ltr'>A.</span> <span class='ocrx_word' id='word_1_30' title='bbox 321 592 373 643; x_wconf 94' lang='lat' dir='ltr'>C.</span> <span class='ocrx_word' id='word_1_31' title='bbox 402 592 637 641; x_wconf 87' lang='lat' dir='ltr'>Merriam</span> <span class='ocrx_word' id='word_1_32' title='bbox 675 591 939 641; x_wconf 83' lang='lat' dir='ltr'>American</span> <span class='ocrx_word' id='word_1_33' title='bbox 960 589 1165 655; x_wconf 84' lang='lat' dir='ltr'>journal</span> <span class='ocrx_word' id='word_1_34' title='bbox 1192 589 1250 639; x_wconf 87' lang='lat' dir='ltr'>of</span> <span class='ocrx_word' id='word_1_35' title='bbox 1269 589 1606 654; x_wconf 84' lang='lat' dir='ltr'>archaeology</span> <span class='ocrx_word' id='word_1_36' title='bbox 1632 588 1676 636; x_wconf 91' lang='lat' dir='ltr'>II</span> <span class='ocrx_word' id='word_1_37' title='bbox 1705 585 1878 653; x_wconf 89' lang='grc'>(4886)</span> <span class='ocrx_word' id='word_1_38' title='bbox 1905 602 1955 652; x_wconf 91' lang='lat' dir='ltr'>p.</span> <span class='ocrx_word' id='word_1_39' title='bbox 1983 586 2072 636; x_wconf 79' lang='grc'>454</span> 
     </span>
     <span class='ocr_line' id='line_1_6' title="bbox 107 670 1940 747; baseline -0.004 -17"><span class='ocrx_word' id='word_1_40' title='bbox 107 697 154 731; x_wconf 84' lang='grc' dir='ltr'>ιι.</span> <span class='ocrx_word' id='word_1_41' title='bbox 181 681 225 730; x_wconf 96' lang='grc' dir='ltr'>ΙΙ</span> <span class='ocrx_word' id='word_1_42' title='bbox 264 677 342 747; x_wconf 92' lang='grc' dir='ltr'>(Μ.</span> <span class='ocrx_word' id='word_1_43' title='bbox 372 680 427 729; x_wconf 88' lang='lat' dir='ltr'>L.</span> <span class='ocrx_word' id='word_1_44' title='bbox 458 678 639 729; x_wconf 83' lang='lat' dir='ltr'>Strack</span> <span class='ocrx_word' id='word_1_45' title='bbox 675 679 766 728; x_wconf 91' lang='lat' dir='ltr'>Die</span> <span class='ocrx_word' id='word_1_46' title='bbox 802 677 1046 743; x_wconf 84' lang='lat' dir='ltr'>Dynastie</span> <span class='ocrx_word' id='word_1_47' title='bbox 1085 677 1175 726; x_wconf 91' lang='lat' dir='ltr'>der</span> <span class='ocrx_word' id='word_1_48' title='bbox 1212 677 1498 726; x_wconf 69' lang='lat' dir='ltr'>Ptolemaer</span> <span class='ocrx_word' id='word_1_49' title='bbox 1534 692 1584 742; x_wconf 90' lang='lat' dir='ltr'>p.</span> <span class='ocrx_word' id='word_1_50' title='bbox 1616 672 1718 725; x_wconf 79' lang='lat'>237</span> <span class='ocrx_word' id='word_1_51' title='bbox 1758 689 1806 724; x_wconf 90' lang='lat' dir='ltr'>n.</span> <span class='ocrx_word' id='word_1_52' title='bbox 1837 670 1940 740; x_wconf 85' lang='lat'>57).</span> 
     </span>
    </p>
   </div>
   <div class='ocr_carea' id='block_1_4' title="bbox 196 814 2088 1151">
    <p class='ocr_par' dir='ltr' id='par_1_4' title="bbox 247 814 2088 978">
     <span class='ocr_line' id='line_1_7' title="bbox 249 814 2088 891; baseline -0.004 -18"><span class='ocrx_word' id='word_1_53' title='bbox 249 817 280 891; x_wconf 75' lang='lat'>[‘</span> <span class='ocrx_word' id='word_1_54' title='bbox 295 819 428 891; x_wconf 85' lang='grc' dir='ltr'>Υπὲρ</span> <span class='ocrx_word' id='word_1_55' title='bbox 469 820 734 891; x_wconf 83' lang='grc' dir='ltr'>β]ασιλέως</span> <span class='ocrx_word' id='word_1_56' title='bbox 761 817 1077 888; x_wconf 85' lang='grc' dir='ltr'>Πτολεμαίου</span> <span class='ocrx_word' id='word_1_57' title='bbox 1103 817 1245 887; x_wconf 79' lang='grc' dir='ltr'>θε[οΰ</span> <span class='ocrx_word' id='word_1_58' title='bbox 1274 815 1280 888; x_wconf 90' lang='grc' dir='ltr'>Ι</span> <span class='ocrx_word' id='word_1_59' title='bbox 1319 816 1555 887; x_wconf 78' lang='grc' dir='ltr'>μ]εγάλου</span> <span class='ocrx_word' id='word_1_60' title='bbox 1594 814 1939 887; x_wconf 85' lang='grc' dir='ltr'>Φιλοπάτορος</span> <span class='ocrx_word' id='word_1_61' title='bbox 1978 814 2088 867; x_wconf 88' lang='grc' dir='ltr'>Σω-</span> 
     </span>
     <span class='ocr_line' id='line_1_8' title="bbox 247 894 2085 978; baseline -0.003 -18"><span class='ocrx_word' id='word_1_62' title='bbox 247 913 397 978; x_wconf 79' lang='grc' dir='ltr'>τῆρος</span> <span class='ocrx_word' id='word_1_63' title='bbox 449 906 456 977; x_wconf 69' lang='grc' dir='ltr'>ι</span> <span class='ocrx_word' id='word_1_64' title='bbox 504 905 589 959; x_wconf 85' lang='grc' dir='ltr'>καὶ</span> <span class='ocrx_word' id='word_1_65' title='bbox 637 905 966 977; x_wconf 76' lang='grc' dir='ltr'>Νικηφόρου1</span> <span class='ocrx_word' id='word_1_66' title='bbox 1010 901 1095 957; x_wconf 85' lang='grc' dir='ltr'>καὶ</span> <span class='ocrx_word' id='word_1_67' title='bbox 1150 907 1236 955; x_wconf 77' lang='grc' dir='ltr'>τοῦ</span> <span class='ocrx_word' id='word_1_68' title='bbox 1284 904 1393 955; x_wconf 83' lang='grc' dir='ltr'>υἱοΰ</span> <span class='ocrx_word' id='word_1_69' title='bbox 1443 902 1828 972; x_wconf 74' lang='grc' dir='ltr'>Πτολεμαίο[υ]2</span> <span class='ocrx_word' id='word_1_70' title='bbox 1880 894 2085 970; x_wconf 83' lang='grc' dir='ltr'>ΙἼσιδι,</span> 
     </span>
    </p>

    <p class='ocr_par' dir='ltr' id='par_1_5' title="bbox 196 985 2086 1151">
     <span class='ocr_line' id='line_1_9' title="bbox 196 985 2086 1065; baseline -0.004 -17"><span class='ocrx_word' id='word_1_71' title='bbox 196 1008 220 1049; x_wconf 85' lang='grc'>5</span> <span class='ocrx_word' id='word_1_72' title='bbox 254 991 526 1065; x_wconf 80' lang='grc' dir='ltr'>Σαράπιδι,</span> <span class='ocrx_word' id='word_1_73' title='bbox 574 988 847 1046; x_wconf 85' lang='grc' dir='ltr'>Ἀπόλλωνι</span> <span class='ocrx_word' id='word_1_74' title='bbox 883 990 898 1063; x_wconf 82' lang='grc' dir='ltr'>ΙΙ</span> <span class='ocrx_word' id='word_1_75' title='bbox 934 988 1121 1061; x_wconf 80' lang='grc' dir='ltr'>Κόμων</span> <span class='ocrx_word' id='word_1_76' title='bbox 1170 985 1540 1059; x_wconf 82' lang='grc' dir='ltr'>Ἀσκληπιάδου</span> <span class='ocrx_word' id='word_1_77' title='bbox 1592 988 1597 1059; x_wconf 78' lang='lat' dir='ltr'>l</span> <span class='ocrx_word' id='word_1_78' title='bbox 1653 989 1942 1058; x_wconf 76' lang='grc' dir='ltr'>οἰκονόμος3</span> <span class='ocrx_word' id='word_1_79' title='bbox 1990 991 2086 1040; x_wconf 89' lang='grc' dir='ltr'>τῶν</span> 
     </span>
     <span class='ocr_line' id='line_1_10' title="bbox 250 1077 759 1151; baseline -0.002 -18"><span class='ocrx_word' id='word_1_80' title='bbox 250 1077 380 1133; x_wconf 84' lang='grc' dir='ltr'>κατὰ</span> <span class='ocrx_word' id='word_1_81' title='bbox 421 1078 759 1151; x_wconf 77' lang='grc' dir='ltr'>Ναύκρατιν4.</span> 
     </span>
    </p>
   </div>
   <div class='ocr_carea' id='block_1_5' title="bbox 103 1245 2090 2105">
    <p class='ocr_par' dir='ltr' id='par_1_6' title="bbox 103 1245 2090 2105">
     <span class='ocr_line' id='line_1_11' title="bbox 219 1245 2087 1308; baseline -0.002 -12"><span class='ocrx_word' id='word_1_82' title='bbox 219 1256 412 1296; x_wconf 84' lang='lat' dir='ltr'>Litterae</span> <span class='ocrx_word' id='word_1_83' title='bbox 442 1255 650 1307; x_wconf 81' lang='lat' dir='ltr'>volgares</span> <span class='ocrx_word' id='word_1_84' title='bbox 682 1256 862 1308; x_wconf 85' lang='lat' dir='ltr'>praeter</span> <span class='ocrx_word' id='word_1_85' title='bbox 893 1245 1014 1296; x_wconf 78' lang='grc' dir='ltr'>ΘᾹΣ</span> <span class='ocrx_word' id='word_1_86' title='bbox 1046 1255 1092 1294; x_wconf 91' lang='lat' dir='ltr'>et</span> <span class='ocrx_word' id='word_1_87' title='bbox 1122 1252 1261 1293; x_wconf 87' lang='lat' dir='ltr'>semel</span> <span class='ocrx_word' id='word_1_88' title='bbox 1293 1253 1350 1305; x_wconf 87' lang='lat' dir='ltr'>(v.</span> <span class='ocrx_word' id='word_1_89' title='bbox 1374 1251 1412 1304; x_wconf 89' lang='lat'>6)</span> <span class='ocrx_word' id='word_1_90' title='bbox 1447 1253 1502 1305; x_wconf 77' lang='lat' dir='ltr'>R,</span> <span class='ocrx_word' id='word_1_91' title='bbox 1545 1263 1650 1292; x_wconf 87' lang='lat' dir='ltr'>cum</span> <span class='ocrx_word' id='word_1_92' title='bbox 1693 1253 1877 1305; x_wconf 88' lang='lat' dir='ltr'>reliquis</span> <span class='ocrx_word' id='word_1_93' title='bbox 1918 1252 2028 1292; x_wconf 86' lang='lat' dir='ltr'>locis</span> <span class='ocrx_word' id='word_1_94' title='bbox 2062 1254 2087 1292; x_wconf 94' lang='grc' dir='ltr'>Ρ</span> 
     </span>
     <span class='ocr_line' id='line_1_12' title="bbox 105 1324 2086 1379; baseline -0.003 -10"><span class='ocrx_word' id='word_1_95' title='bbox 105 1329 175 1369; x_wconf 84' lang='lat' dir='ltr'>sit.</span> <span class='ocrx_word' id='word_1_96' title='bbox 236 1327 399 1368; x_wconf 86' lang='lat' dir='ltr'>Hastae</span> <span class='ocrx_word' id='word_1_97' title='bbox 443 1338 497 1368; x_wconf 85' lang='lat' dir='ltr'>ex</span> <span class='ocrx_word' id='word_1_98' title='bbox 543 1327 672 1379; x_wconf 89' lang='lat' dir='ltr'>parte</span> <span class='ocrx_word' id='word_1_99' title='bbox 718 1325 924 1379; x_wconf 88' lang='lat' dir='ltr'>apicibus</span> <span class='ocrx_word' id='word_1_100' title='bbox 972 1326 1169 1366; x_wconf 89' lang='lat' dir='ltr'>ornatae.</span> <span class='ocrx_word' id='word_1_101' title='bbox 1333 1328 1349 1364; x_wconf 99' lang='grc'><strong>4</strong></span> <span class='ocrx_word' id='word_1_102' title='bbox 1398 1324 1704 1365; x_wconf 87' lang='lat' dir='ltr'>Ptolemaeum</span> <span class='ocrx_word' id='word_1_103' title='bbox 1742 1325 1799 1364; x_wconf 94' lang='lat' dir='ltr'>IV</span> <span class='ocrx_word' id='word_1_104' title='bbox 1846 1325 2086 1375; x_wconf 85' lang='grc'>(224-205</span> 
     </span>
     <span class='ocr_line' id='line_1_13' title="bbox 104 1396 2089 1451; baseline -0.002 -10"><span class='ocrx_word' id='word_1_105' title='bbox 104 1413 142 1442; x_wconf 91' lang='lat' dir='ltr'>a.</span> <span class='ocrx_word' id='word_1_106' title='bbox 165 1400 266 1441; x_wconf 89' lang='lat' dir='ltr'>Chr.</span> <span class='ocrx_word' id='word_1_107' title='bbox 289 1400 346 1451; x_wconf 88' lang='grc' dir='ltr'>ιι.)</span> <span class='ocrx_word' id='word_1_108' title='bbox 379 1399 644 1451; x_wconf 87' lang='lat' dir='ltr'>intellegunt</span> <span class='ocrx_word' id='word_1_109' title='bbox 673 1399 869 1440; x_wconf 90' lang='lat' dir='ltr'>editores</span> <span class='ocrx_word' id='word_1_110' title='bbox 900 1398 1104 1450; x_wconf 86' lang='lat' dir='ltr'>itemque</span> <span class='ocrx_word' id='word_1_111' title='bbox 1126 1397 1161 1438; x_wconf 85' lang='lat' dir='ltr'>J.</span> <span class='ocrx_word' id='word_1_112' title='bbox 1184 1397 1228 1438; x_wconf 89' lang='lat' dir='ltr'>P.</span> <span class='ocrx_word' id='word_1_113' title='bbox 1251 1396 1446 1450; x_wconf 88' lang='lat' dir='ltr'>Mahaffy</span> <span class='ocrx_word' id='word_1_114' title='bbox 1477 1397 1569 1438; x_wconf 87' lang='lat' dir='ltr'>The</span> <span class='ocrx_word' id='word_1_115' title='bbox 1590 1398 1762 1451; x_wconf 88' lang='lat' dir='ltr'>empire</span> <span class='ocrx_word' id='word_1_116' title='bbox 1785 1397 1832 1438; x_wconf 90' lang='lat' dir='ltr'>of</span> <span class='ocrx_word' id='word_1_117' title='bbox 1847 1398 1923 1438; x_wconf 89' lang='lat' dir='ltr'>the</span> <span class='ocrx_word' id='word_1_118' title='bbox 1944 1396 2089 1437; x_wconf 90' lang='lat' dir='ltr'>Ptole-</span> 
     </span>
     <span class='ocr_line' id='line_1_14' title="bbox 104 1466 2090 1526; baseline -0.003 -12"><span class='ocrx_word' id='word_1_119' title='bbox 104 1473 217 1514; x_wconf 90' lang='lat' dir='ltr'>mies</span> <span class='ocrx_word' id='word_1_120' title='bbox 248 1484 291 1526; x_wconf 89' lang='lat' dir='ltr'>p.</span> <span class='ocrx_word' id='word_1_121' title='bbox 323 1475 368 1514; x_wconf 89' lang='grc'>84</span> <span class='ocrx_word' id='word_1_122' title='bbox 408 1473 501 1513; x_wconf 89' lang='lat' dir='ltr'>not.</span> <span class='ocrx_word' id='word_1_123' title='bbox 534 1475 549 1511; x_wconf 93' lang='grc'><strong>4</strong></span> <span class='ocrx_word' id='word_1_124' title='bbox 598 1472 694 1512; x_wconf 87' lang='lat' dir='ltr'>sine</span> <span class='ocrx_word' id='word_1_125' title='bbox 731 1469 870 1512; x_wconf 92' lang='lat' dir='ltr'>dubio</span> <span class='ocrx_word' id='word_1_126' title='bbox 913 1471 1050 1522; x_wconf 88' lang='lat' dir='ltr'>recte,</span> <span class='ocrx_word' id='word_1_127' title='bbox 1092 1470 1177 1510; x_wconf 86' lang='lat' dir='ltr'>etsi</span> <span class='ocrx_word' id='word_1_128' title='bbox 1218 1469 1293 1510; x_wconf 91' lang='lat' dir='ltr'>illa</span> <span class='ocrx_word' id='word_1_129' title='bbox 1333 1467 1434 1511; x_wconf 79' lang='grc' dir='ltr'>θεοῦ</span> <span class='ocrx_word' id='word_1_130' title='bbox 1477 1466 1662 1525; x_wconf 83' lang='grc' dir='ltr'>μεγάλου</span> <span class='ocrx_word' id='word_1_131' title='bbox 1693 1493 1751 1499; x_wconf 90' lang='grc'>--</span> <span class='ocrx_word' id='word_1_132' title='bbox 1782 1466 1982 1525; x_wconf 86' lang='grc' dir='ltr'>Σωτῆρος</span> <span class='ocrx_word' id='word_1_133' title='bbox 2019 1466 2090 1510; x_wconf 89' lang='grc' dir='ltr'>καὶ</span> 
     </span>
     <span class='ocr_line' id='line_1_15' title="bbox 107 1539 2088 1600; baseline -0.002 -14"><span class='ocrx_word' id='word_1_134' title='bbox 107 1539 358 1600; x_wconf 89' lang='grc' dir='ltr'>Νικηφόρου</span> <span class='ocrx_word' id='word_1_135' title='bbox 391 1555 416 1585; x_wconf 89' lang='lat' dir='ltr'>a</span> <span class='ocrx_word' id='word_1_136' title='bbox 447 1543 633 1596; x_wconf 88' lang='lat' dir='ltr'>reliquis</span> <span class='ocrx_word' id='word_1_137' title='bbox 665 1543 762 1583; x_wconf 90' lang='lat' dir='ltr'>eius</span> <span class='ocrx_word' id='word_1_138' title='bbox 794 1542 937 1583; x_wconf 88' lang='lat' dir='ltr'>titulis</span> <span class='ocrx_word' id='word_1_139' title='bbox 969 1541 1146 1583; x_wconf 88' lang='lat' dir='ltr'>absunt.</span> <span class='ocrx_word' id='word_1_140' title='bbox 1207 1541 1322 1583; x_wconf 91' lang='lat' dir='ltr'>Nam</span> <span class='ocrx_word' id='word_1_141' title='bbox 1352 1542 1470 1582; x_wconf 88' lang='lat' dir='ltr'>inter</span> <span class='ocrx_word' id='word_1_142' title='bbox 1501 1541 1723 1583; x_wconf 88' lang='lat' dir='ltr'>inferioris</span> <span class='ocrx_word' id='word_1_143' title='bbox 1755 1542 1914 1583; x_wconf 88' lang='lat' dir='ltr'>aetatis</span> <span class='ocrx_word' id='word_1_144' title='bbox 1945 1541 2088 1582; x_wconf 90' lang='lat' dir='ltr'>Ptole-</span> 
     </span>
     <span class='ocr_line' id='line_1_16' title="bbox 106 1614 2088 1668; baseline -0.002 -10"><span class='ocrx_word' id='word_1_145' title='bbox 106 1626 262 1658; x_wconf 86' lang='lat' dir='ltr'>maeos</span> <span class='ocrx_word' id='word_1_146' title='bbox 302 1627 436 1658; x_wconf 88' lang='lat' dir='ltr'>nemo</span> <span class='ocrx_word' id='word_1_147' title='bbox 469 1617 614 1657; x_wconf 88' lang='lat' dir='ltr'>estin</span> <span class='ocrx_word' id='word_1_148' title='bbox 645 1626 782 1668; x_wconf 89' lang='lat' dir='ltr'>quem</span> <span class='ocrx_word' id='word_1_149' title='bbox 820 1615 1095 1667; x_wconf 89' lang='lat' dir='ltr'>cognomina</span> <span class='ocrx_word' id='word_1_150' title='bbox 1132 1615 1244 1656; x_wconf 89' lang='lat' dir='ltr'>haec</span> <span class='ocrx_word' id='word_1_151' title='bbox 1288 1615 1528 1656; x_wconf 90' lang='lat' dir='ltr'>coniuncta</span> <span class='ocrx_word' id='word_1_152' title='bbox 1572 1614 1744 1656; x_wconf 88' lang='lat' dir='ltr'>cadant.</span> <span class='ocrx_word' id='word_1_153' title='bbox 1802 1615 2012 1655; x_wconf 88' lang='lat' dir='ltr'>Ceterum</span> <span class='ocrx_word' id='word_1_154' title='bbox 2043 1615 2088 1654; x_wconf 90' lang='lat' dir='ltr'>in</span> 
     </span>
     <span class='ocr_line' id='line_1_17' title="bbox 106 1684 2089 1742; baseline -0.002 -12"><span class='ocrx_word' id='word_1_155' title='bbox 106 1689 268 1730; x_wconf 89' lang='lat' dir='ltr'>litteris</span> <span class='ocrx_word' id='word_1_156' title='bbox 312 1688 536 1742; x_wconf 88' lang='lat' dir='ltr'>petitoriis</span> <span class='ocrx_word' id='word_1_157' title='bbox 581 1688 637 1729; x_wconf 93' lang='lat' dir='ltr'>ad</span> <span class='ocrx_word' id='word_1_158' title='bbox 676 1688 827 1729; x_wconf 89' lang='lat' dir='ltr'>nescio</span> <span class='ocrx_word' id='word_1_159' title='bbox 868 1698 1005 1740; x_wconf 90' lang='lat' dir='ltr'>quem</span> <span class='ocrx_word' id='word_1_160' title='bbox 1047 1698 1200 1740; x_wconf 90' lang='lat' dir='ltr'>regem</span> <span class='ocrx_word' id='word_1_161' title='bbox 1242 1684 1410 1740; x_wconf 78' lang='lat' dir='ltr'>Fayum</span> <span class='ocrx_word' id='word_1_162' title='bbox 1451 1689 1599 1728; x_wconf 91' lang='lat' dir='ltr'>towns</span> <span class='ocrx_word' id='word_1_163' title='bbox 1640 1687 1727 1728; x_wconf 91' lang='lat' dir='ltr'>and</span> <span class='ocrx_word' id='word_1_164' title='bbox 1769 1687 1886 1728; x_wconf 90' lang='lat' dir='ltr'>their</span> <span class='ocrx_word' id='word_1_165' title='bbox 1925 1688 2089 1740; x_wconf 84' lang='lat' dir='ltr'>papyri</span> 
     </span>
     <span class='ocr_line' id='line_1_18' title="bbox 107 1757 2087 1815; baseline -0.001 -13"><span class='ocrx_word' id='word_1_166' title='bbox 107 1763 212 1814; x_wconf 71' lang='lat' dir='ltr'>p.!·8</span> <span class='ocrx_word' id='word_1_167' title='bbox 245 1761 435 1813; x_wconf 88' lang='lat' dir='ltr'>legimus</span> <span class='ocrx_word' id='word_1_168' title='bbox 457 1773 499 1801; x_wconf 87' lang='lat' dir='ltr'>v.</span> <span class='ocrx_word' id='word_1_169' title='bbox 523 1763 591 1801; x_wconf 90' lang='grc'>40.</span> <span class='ocrx_word' id='word_1_170' title='bbox 615 1763 660 1800; x_wconf 94' lang='grc'>44</span> <span class='ocrx_word' id='word_1_171' title='bbox 701 1758 851 1815; x_wconf 78' lang='grc' dir='ltr'>δέομαι</span> <span class='ocrx_word' id='word_1_172' title='bbox 883 1762 957 1800; x_wconf 83' lang='grc' dir='ltr'>σοῦ</span> <span class='ocrx_word' id='word_1_173' title='bbox 984 1762 1058 1800; x_wconf 83' lang='grc' dir='ltr'>τοῦ</span> <span class='ocrx_word' id='word_1_174' title='bbox 1089 1757 1322 1815; x_wconf 72' lang='grc' dir='ltr'>νικηφόρου</span> <span class='ocrx_word' id='word_1_175' title='bbox 1355 1757 1471 1801; x_wconf 80' lang='grc' dir='ltr'>θεοῦ.</span> <span class='ocrx_word' id='word_1_176' title='bbox 1524 1759 1584 1801; x_wconf 90' lang='lat' dir='ltr'>Cf.</span> <span class='ocrx_word' id='word_1_177' title='bbox 1610 1761 1746 1801; x_wconf 88' lang='lat' dir='ltr'>etiam</span> <span class='ocrx_word' id='word_1_178' title='bbox 1769 1760 1958 1813; x_wconf 80' lang='lat' dir='ltr'>Peyron.</span> <span class='ocrx_word' id='word_1_179' title='bbox 1984 1771 2087 1813; x_wconf 91' lang='lat' dir='ltr'>pap.</span> 
     </span>
     <span class='ocr_line' id='line_1_19' title="bbox 111 1829 2090 1888; baseline 0.001 -15"><span class='ocrx_word' id='word_1_180' title='bbox 111 1834 256 1874; x_wconf 89' lang='lat' dir='ltr'>musei</span> <span class='ocrx_word' id='word_1_181' title='bbox 286 1832 574 1873; x_wconf 89' lang='lat' dir='ltr'>Taurinensis</span> <span class='ocrx_word' id='word_1_182' title='bbox 605 1832 643 1871; x_wconf 95' lang='lat' dir='ltr'>II</span> <span class='ocrx_word' id='word_1_183' title='bbox 679 1843 722 1884; x_wconf 88' lang='lat' dir='ltr'>p.</span> <span class='ocrx_word' id='word_1_184' title='bbox 746 1835 770 1871; x_wconf 92' lang='grc'><strong>2</strong></span> <span class='ocrx_word' id='word_1_185' title='bbox 802 1844 843 1872; x_wconf 85' lang='grc' dir='ltr'>ιι.</span> <span class='ocrx_word' id='word_1_186' title='bbox 867 1832 938 1884; x_wconf 94' lang='grc' dir='ltr'>ΙΙΙ,</span> <span class='ocrx_word' id='word_1_187' title='bbox 963 1835 1014 1871; x_wconf 89' lang='grc'>33</span> <span class='ocrx_word' id='word_1_188' title='bbox 1033 1842 1130 1884; x_wconf 91' lang='lat' dir='ltr'>sqq.</span> <span class='ocrx_word' id='word_1_189' title='bbox 1172 1830 1321 1886; x_wconf 83' lang='grc' dir='ltr'>δεόμαι</span> <span class='ocrx_word' id='word_1_190' title='bbox 1352 1829 1471 1886; x_wconf 78' lang='grc' dir='ltr'>ὑμῶν</span> <span class='ocrx_word' id='word_1_191' title='bbox 1502 1837 1586 1873; x_wconf 82' lang='grc' dir='ltr'>τῶν</span> <span class='ocrx_word' id='word_1_192' title='bbox 1621 1830 1827 1888; x_wconf 83' lang='grc' dir='ltr'>μεγίστων</span> <span class='ocrx_word' id='word_1_193' title='bbox 1867 1829 1978 1874; x_wconf 79' lang='grc' dir='ltr'>θεῶν</span> <span class='ocrx_word' id='word_1_194' title='bbox 2019 1831 2090 1874; x_wconf 85' lang='grc' dir='ltr'>καὶ</span> 
     </span>
     <span class='ocr_line' id='line_1_20' title="bbox 103 1903 2086 1962; baseline -0.001 -16"><span class='ocrx_word' id='word_1_195' title='bbox 103 1903 344 1962; x_wconf 76' lang='grc' dir='ltr'>νικηφόρων</span> <span class='ocrx_word' id='word_1_196' title='bbox 389 1905 512 1955; x_wconf 89' lang='lat' dir='ltr'>(item</span> <span class='ocrx_word' id='word_1_197' title='bbox 550 1903 734 1945; x_wconf 90' lang='lat' dir='ltr'>Notices</span> <span class='ocrx_word' id='word_1_198' title='bbox 778 1906 823 1944; x_wconf 90' lang='lat' dir='ltr'>et</span> <span class='ocrx_word' id='word_1_199' title='bbox 863 1904 1051 1945; x_wconf 81' lang='lat' dir='ltr'>extraits</span> <span class='ocrx_word' id='word_1_200' title='bbox 1090 1903 1168 1944; x_wconf 86' lang='lat' dir='ltr'>des</span> <span class='ocrx_word' id='word_1_201' title='bbox 1208 1905 1482 1945; x_wconf 86' lang='lat' dir='ltr'>manuscrits</span> <span class='ocrx_word' id='word_1_202' title='bbox 1522 1904 1675 1958; x_wconf 89' lang='lat' dir='ltr'><strong>XVIII,</strong></span> <span class='ocrx_word' id='word_1_203' title='bbox 1709 1908 1747 1958; x_wconf 87' lang='grc'>2,</span> <span class='ocrx_word' id='word_1_204' title='bbox 1779 1908 1888 1946; x_wconf 89' lang='grc'>4865</span> <span class='ocrx_word' id='word_1_205' title='bbox 1928 1916 1969 1958; x_wconf 93' lang='lat' dir='ltr'>p.</span> <span class='ocrx_word' id='word_1_206' title='bbox 2004 1908 2086 1944; x_wconf 91' lang='grc'>243</span> 
     </span>
     <span class='ocr_line' id='line_1_21' title="bbox 107 1976 2088 2030; baseline -0.001 -11"><span class='ocrx_word' id='word_1_207' title='bbox 107 1989 148 2019; x_wconf 90' lang='lat' dir='ltr'>n.</span> <span class='ocrx_word' id='word_1_208' title='bbox 174 1979 241 2030; x_wconf 75' lang='grc'>44,</span> <span class='ocrx_word' id='word_1_209' title='bbox 266 1980 331 2018; x_wconf 90' lang='grc'>34.</span> <span class='ocrx_word' id='word_1_210' title='bbox 365 1979 431 2029; x_wconf 88' lang='grc'>32,</span> <span class='ocrx_word' id='word_1_211' title='bbox 479 1976 602 2029; x_wconf 92' lang='lat' dir='ltr'>quod</span> <span class='ocrx_word' id='word_1_212' title='bbox 632 1978 703 2017; x_wconf 87' lang='lat' dir='ltr'>est</span> <span class='ocrx_word' id='word_1_213' title='bbox 732 1976 979 2017; x_wconf 88' lang='lat' dir='ltr'>earundem</span> <span class='ocrx_word' id='word_1_214' title='bbox 1010 1976 1266 2017; x_wconf 90' lang='lat' dir='ltr'>litterarum</span> <span class='ocrx_word' id='word_1_215' title='bbox 1297 1977 1558 2030; x_wconf 88' lang='lat' dir='ltr'>exemplum</span> <span class='ocrx_word' id='word_1_216' title='bbox 1591 1977 1811 2029; x_wconf 89' lang='lat' dir='ltr'>alterum).</span> <span class='ocrx_word' id='word_1_217' title='bbox 1872 1978 2088 2018; x_wconf 90' lang='lat' dir='ltr'>Leemans</span> 
     </span>
     <span class='ocr_line' id='line_1_22' title="bbox 106 2046 2090 2105; baseline 0 -14"><span class='ocrx_word' id='word_1_218' title='bbox 106 2050 269 2103; x_wconf 78' lang='lat' dir='ltr'>papyri</span> <span class='ocrx_word' id='word_1_219' title='bbox 299 2049 696 2101; x_wconf 90' lang='lat' dir='ltr'>Lugduno-Batavi</span> <span class='ocrx_word' id='word_1_220' title='bbox 726 2049 743 2088; x_wconf 94' lang='lat'>1</span> <span class='ocrx_word' id='word_1_221' title='bbox 780 2059 822 2101; x_wconf 90' lang='lat' dir='ltr'>p.</span> <span class='ocrx_word' id='word_1_222' title='bbox 848 2051 898 2088; x_wconf 97' lang='grc'>50</span> <span class='ocrx_word' id='word_1_223' title='bbox 937 2059 1041 2101; x_wconf 86' lang='lat' dir='ltr'>pap.</span> <span class='ocrx_word' id='word_1_224' title='bbox 1063 2049 1099 2102; x_wconf 92' lang='lat' dir='ltr'>J,</span> <span class='ocrx_word' id='word_1_225' title='bbox 1134 2052 1200 2089; x_wconf 91' lang='grc'><strong>42.</strong></span> <span class='ocrx_word' id='word_1_226' title='bbox 1233 2052 1283 2089; x_wconf 89' lang='grc'>43</span> <span class='ocrx_word' id='word_1_227' title='bbox 1334 2046 1423 2101; x_wconf 80' lang='grc' dir='ltr'><strong>[τὰς</strong></span> <span class='ocrx_word' id='word_1_228' title='bbox 1457 2046 1559 2104; x_wconf 79' lang='grc' dir='ltr'>ὑπὲρ</span> <span class='ocrx_word' id='word_1_229' title='bbox 1592 2047 1726 2104; x_wconf 81' lang='grc' dir='ltr'>ὑμῶν,</span> <span class='ocrx_word' id='word_1_230' title='bbox 1766 2047 1856 2091; x_wconf 81' lang='grc' dir='ltr'>θεοὶ</span> <span class='ocrx_word' id='word_1_231' title='bbox 1888 2049 2090 2105; x_wconf 82' lang='grc' dir='ltr'>μέγιστοι]</span> 
     </span>
    </p>
   </div>
   <div class='ocr_carea' id='block_1_6' title="bbox 104 2115 2091 2320">
    <p class='ocr_par' dir='ltr' id='par_1_7' title="bbox 104 2115 2091 2320">
     <span class='ocr_line' id='line_1_23' title="bbox 104 2115 2088 2178; baseline 0 -15"><span class='ocrx_word' id='word_1_232' title='bbox 104 2120 177 2164; x_wconf 88' lang='grc' dir='ltr'>καὶ</span> <span class='ocrx_word' id='word_1_233' title='bbox 204 2120 446 2178; x_wconf 78' lang='grc' dir='ltr'>νικηφόροι,</span> <span class='ocrx_word' id='word_1_234' title='bbox 478 2118 621 2177; x_wconf 85' lang='grc' dir='ltr'>[εὐχὰς</span> <span class='ocrx_word' id='word_1_235' title='bbox 651 2119 725 2162; x_wconf 89' lang='grc' dir='ltr'>καὶ</span> <span class='ocrx_word' id='word_1_236' title='bbox 755 2115 904 2167; x_wconf 80' lang='grc' dir='ltr'>θυσίας</span> <span class='ocrx_word' id='word_1_237' title='bbox 935 2119 1145 2173; x_wconf 83' lang='grc' dir='ltr'>ἐπιτελῶ].</span> <span class='ocrx_word' id='word_1_238' title='bbox 1323 2124 1346 2161; x_wconf 97' lang='grc'>2</span> <span class='ocrx_word' id='word_1_239' title='bbox 1389 2121 1474 2169; x_wconf 86' lang='lat' dir='ltr'>Qui</span> <span class='ocrx_word' id='word_1_240' title='bbox 1506 2125 1665 2174; x_wconf 90' lang='lat' dir='ltr'>postea</span> <span class='ocrx_word' id='word_1_241' title='bbox 1702 2123 1905 2175; x_wconf 88' lang='lat' dir='ltr'>regnavit</span> <span class='ocrx_word' id='word_1_242' title='bbox 1946 2122 2088 2163; x_wconf 90' lang='lat' dir='ltr'>Ptole-</span> 
     </span>
     <span class='ocr_line' id='line_1_24' title="bbox 105 2192 2090 2246; baseline 0.001 -12"><span class='ocrx_word' id='word_1_243' title='bbox 105 2204 262 2235; x_wconf 89' lang='lat' dir='ltr'>maeus</span> <span class='ocrx_word' id='word_1_244' title='bbox 283 2193 321 2233; x_wconf 91' lang='lat' dir='ltr'><strong>V</strong></span> <span class='ocrx_word' id='word_1_245' title='bbox 351 2193 608 2246; x_wconf 88' lang='lat' dir='ltr'>Epiphanes</span> <span class='ocrx_word' id='word_1_246' title='bbox 641 2192 874 2244; x_wconf 87' lang='grc'>(205-484</span> <span class='ocrx_word' id='word_1_247' title='bbox 905 2204 943 2233; x_wconf 92' lang='lat' dir='ltr'>a.</span> <span class='ocrx_word' id='word_1_248' title='bbox 967 2192 1069 2233; x_wconf 91' lang='lat' dir='ltr'>Chr.</span> <span class='ocrx_word' id='word_1_249' title='bbox 1091 2193 1164 2244; x_wconf 92' lang='lat' dir='ltr'>n.).</span> <span class='ocrx_word' id='word_1_250' title='bbox 1214 2193 1330 2234; x_wconf 92' lang='lat' dir='ltr'>Eum</span> <span class='ocrx_word' id='word_1_251' title='bbox 1362 2204 1478 2234; x_wconf 89' lang='lat' dir='ltr'>anno</span> <span class='ocrx_word' id='word_1_252' title='bbox 1502 2196 1582 2234; x_wconf 88' lang='grc'>209</span> <span class='ocrx_word' id='word_1_253' title='bbox 1607 2205 1644 2234; x_wconf 92' lang='lat' dir='ltr'>a.</span> <span class='ocrx_word' id='word_1_254' title='bbox 1669 2194 1768 2234; x_wconf 90' lang='lat' dir='ltr'>Chr.</span> <span class='ocrx_word' id='word_1_255' title='bbox 1802 2196 1958 2235; x_wconf 89' lang='lat' dir='ltr'>natum</span> <span class='ocrx_word' id='word_1_256' title='bbox 1991 2205 2090 2235; x_wconf 89' lang='lat' dir='ltr'>esse</span> 
     </span>
     <span class='ocr_line' id='line_1_25' title="bbox 105 2260 2091 2320; baseline 0 -13"><span class='ocrx_word' id='word_1_257' title='bbox 105 2267 282 2307; x_wconf 88' lang='lat' dir='ltr'>constat</span> <span class='ocrx_word' id='word_1_258' title='bbox 322 2265 389 2317; x_wconf 89' lang='lat' dir='ltr'>(cf.</span> <span class='ocrx_word' id='word_1_259' title='bbox 433 2276 476 2306; x_wconf 94' lang='grc' dir='ltr'>ιι.</span> <span class='ocrx_word' id='word_1_260' title='bbox 501 2263 646 2317; x_wconf 73' lang='lat'>90134).</span> <span class='ocrx_word' id='word_1_261' title='bbox 797 2267 819 2304; x_wconf 87' lang='grc'>3</span> <span class='ocrx_word' id='word_1_262' title='bbox 860 2263 1037 2306; x_wconf 90' lang='lat' dir='ltr'>Nomen</span> <span class='ocrx_word' id='word_1_263' title='bbox 1084 2260 1245 2320; x_wconf 86' lang='grc' dir='ltr'>Κόμων</span> <span class='ocrx_word' id='word_1_264' title='bbox 1292 2267 1338 2306; x_wconf 93' lang='lat' dir='ltr'>in</span> <span class='ocrx_word' id='word_1_265' title='bbox 1382 2266 1590 2318; x_wconf 89' lang='lat' dir='ltr'>Aegypto</span> <span class='ocrx_word' id='word_1_266' title='bbox 1639 2267 2000 2308; x_wconf 89' lang='lat' dir='ltr'>Ptolemaeorum</span> <span class='ocrx_word' id='word_1_267' title='bbox 2046 2268 2091 2307; x_wconf 89' lang='lat' dir='ltr'>et</span> 
     </span>
    </p>
   </div>
   <div class='ocr_carea' id='block_1_7' title="bbox 102 2336 2091 3473">
    <p class='ocr_par' dir='ltr' id='par_1_8' title="bbox 102 2336 2091 3473">
     <span class='ocr_line' id='line_1_26' title="bbox 104 2336 2088 2392; baseline 0.001 -13"><span class='ocrx_word' id='word_1_268' title='bbox 104 2338 409 2379; x_wconf 84' lang='lat' dir='ltr'>Romanorum</span> <span class='ocrx_word' id='word_1_269' title='bbox 441 2339 586 2378; x_wconf 88' lang='lat' dir='ltr'>aetate</span> <span class='ocrx_word' id='word_1_270' title='bbox 616 2348 707 2378; x_wconf 91' lang='lat' dir='ltr'>non</span> <span class='ocrx_word' id='word_1_271' title='bbox 726 2336 987 2389; x_wconf 82' lang='lat' dir='ltr'>infrequens</span> <span class='ocrx_word' id='word_1_272' title='bbox 1019 2337 1114 2378; x_wconf 90' lang='lat' dir='ltr'>fuit.</span> <span class='ocrx_word' id='word_1_273' title='bbox 1167 2337 1228 2378; x_wconf 90' lang='lat' dir='ltr'>Cf.</span> <span class='ocrx_word' id='word_1_274' title='bbox 1251 2338 1451 2378; x_wconf 88' lang='lat' dir='ltr'>Berliner</span> <span class='ocrx_word' id='word_1_275' title='bbox 1472 2349 1535 2390; x_wconf 92' lang='lat' dir='ltr'>gr.</span> <span class='ocrx_word' id='word_1_276' title='bbox 1554 2338 1689 2379; x_wconf 89' lang='lat' dir='ltr'>Urk.I</span> <span class='ocrx_word' id='word_1_277' title='bbox 1711 2342 1849 2392; x_wconf 78' lang='lat' dir='ltr'>p.ll9</span> <span class='ocrx_word' id='word_1_278' title='bbox 1874 2351 1913 2379; x_wconf 89' lang='lat' dir='ltr'>n.</span> <span class='ocrx_word' id='word_1_279' title='bbox 1936 2341 2030 2392; x_wconf 91' lang='grc'>400,</span> <span class='ocrx_word' id='word_1_280' title='bbox 2050 2342 2088 2380; x_wconf 94' lang='grc'>4.</span> 
     </span>
     <span class='ocr_line' id='line_1_27' title="bbox 104 2410 2086 2464; baseline 0.001 -13"><span class='ocrx_word' id='word_1_281' title='bbox 104 2421 148 2464; x_wconf 91' lang='lat' dir='ltr'>p.</span> <span class='ocrx_word' id='word_1_282' title='bbox 172 2412 253 2451; x_wconf 73' lang='lat'>424</span> <span class='ocrx_word' id='word_1_283' title='bbox 286 2421 328 2451; x_wconf 92' lang='lat' dir='ltr'>n.</span> <span class='ocrx_word' id='word_1_284' title='bbox 352 2412 449 2462; x_wconf 86' lang='grc'>406,</span> <span class='ocrx_word' id='word_1_285' title='bbox 475 2413 512 2450; x_wconf 85' lang='grc'>3.</span> <span class='ocrx_word' id='word_1_286' title='bbox 544 2420 588 2462; x_wconf 93' lang='lat' dir='ltr'>p.</span> <span class='ocrx_word' id='word_1_287' title='bbox 610 2412 695 2449; x_wconf 88' lang='grc'>242</span> <span class='ocrx_word' id='word_1_288' title='bbox 726 2421 768 2450; x_wconf 91' lang='lat' dir='ltr'>n.</span> <span class='ocrx_word' id='word_1_289' title='bbox 792 2411 889 2462; x_wconf 88' lang='grc'>203,</span> <span class='ocrx_word' id='word_1_290' title='bbox 915 2411 950 2449; x_wconf 76' lang='grc'><strong>4.</strong></span> <span class='ocrx_word' id='word_1_291' title='bbox 997 2410 1034 2449; x_wconf 94' lang='lat' dir='ltr'>II</span> <span class='ocrx_word' id='word_1_292' title='bbox 1066 2411 1202 2462; x_wconf 75' lang='grc' dir='ltr'><strong>ρ.444</strong></span> <span class='ocrx_word' id='word_1_293' title='bbox 1237 2413 1443 2463; x_wconf 81' lang='grc' dir='ltr'>ιι.455,4.</span> <span class='ocrx_word' id='word_1_294' title='bbox 1494 2410 1707 2451; x_wconf 91' lang='lat' dir='ltr'>Amherst</span> <span class='ocrx_word' id='word_1_295' title='bbox 1735 2412 1897 2464; x_wconf 92' lang='lat' dir='ltr'>papyri</span> <span class='ocrx_word' id='word_1_296' title='bbox 1918 2411 1955 2451; x_wconf 94' lang='lat' dir='ltr'>II</span> <span class='ocrx_word' id='word_1_297' title='bbox 1977 2423 2020 2464; x_wconf 90' lang='lat' dir='ltr'>p.</span> <span class='ocrx_word' id='word_1_298' title='bbox 2036 2414 2086 2452; x_wconf 83' lang='lat'>69</span> 
     </span>
     <span class='ocr_line' id='line_1_28' title="bbox 104 2481 2090 2534; baseline -0.001 -11"><span class='ocrx_word' id='word_1_299' title='bbox 104 2493 145 2523; x_wconf 93' lang='lat' dir='ltr'>n.</span> <span class='ocrx_word' id='word_1_300' title='bbox 168 2482 295 2534; x_wconf 85' lang='lat' dir='ltr'><strong>LXII,</strong></span> <span class='ocrx_word' id='word_1_301' title='bbox 319 2485 357 2522; x_wconf 84' lang='lat'>9.</span> <span class='ocrx_word' id='word_1_302' title='bbox 396 2492 438 2534; x_wconf 91' lang='lat' dir='ltr'>p.</span> <span class='ocrx_word' id='word_1_303' title='bbox 462 2484 544 2522; x_wconf 81' lang='grc'>455</span> <span class='ocrx_word' id='word_1_304' title='bbox 576 2493 618 2522; x_wconf 86' lang='grc' dir='ltr'>ιι.</span> <span class='ocrx_word' id='word_1_305' title='bbox 652 2481 882 2533; x_wconf 80' lang='lat' dir='ltr'><strong>CXXVIII,</strong></span> <span class='ocrx_word' id='word_1_306' title='bbox 916 2485 952 2521; x_wconf 88' lang='lat'>6.</span> <span class='ocrx_word' id='word_1_307' title='bbox 1016 2481 1159 2522; x_wconf 89' lang='lat' dir='ltr'>Greek</span> <span class='ocrx_word' id='word_1_308' title='bbox 1202 2482 1367 2534; x_wconf 89' lang='lat' dir='ltr'>papyri</span> <span class='ocrx_word' id='word_1_309' title='bbox 1405 2482 1451 2522; x_wconf 92' lang='lat' dir='ltr'>in</span> <span class='ocrx_word' id='word_1_310' title='bbox 1487 2483 1564 2522; x_wconf 91' lang='lat' dir='ltr'>the</span> <span class='ocrx_word' id='word_1_311' title='bbox 1604 2482 1768 2524; x_wconf 90' lang='lat' dir='ltr'>British</span> <span class='ocrx_word' id='word_1_312' title='bbox 1808 2493 2020 2523; x_wconf 90' lang='lat' dir='ltr'>museum</span> <span class='ocrx_word' id='word_1_313' title='bbox 2052 2483 2090 2522; x_wconf 93' lang='lat'>11</span> 
     </span>
     <span class='ocr_line' id='line_1_29' title="bbox 104 2553 2088 2608; baseline 0.001 -13"><span class='ocrx_word' id='word_1_314' title='bbox 104 2565 147 2608; x_wconf 88' lang='lat' dir='ltr'>p.</span> <span class='ocrx_word' id='word_1_315' title='bbox 173 2557 224 2594; x_wconf 76' lang='lat'>47</span> <span class='ocrx_word' id='word_1_316' title='bbox 267 2565 310 2595; x_wconf 91' lang='lat' dir='ltr'>n.</span> <span class='ocrx_word' id='word_1_317' title='bbox 332 2553 488 2606; x_wconf 90' lang='lat' dir='ltr'>CCXL,</span> <span class='ocrx_word' id='word_1_318' title='bbox 519 2556 586 2594; x_wconf 91' lang='grc'><strong>48.</strong></span> <span class='ocrx_word' id='word_1_319' title='bbox 649 2553 797 2594; x_wconf 90' lang='lat' dir='ltr'>Etiam</span> <span class='ocrx_word' id='word_1_320' title='bbox 835 2553 1033 2595; x_wconf 89' lang='lat' dir='ltr'>Flinders</span> <span class='ocrx_word' id='word_1_321' title='bbox 1076 2554 1195 2594; x_wconf 89' lang='lat' dir='ltr'>Petri</span> <span class='ocrx_word' id='word_1_322' title='bbox 1242 2555 1407 2607; x_wconf 85' lang='lat' dir='ltr'>papyri</span> <span class='ocrx_word' id='word_1_323' title='bbox 1447 2555 1483 2594; x_wconf 91' lang='lat'>11</span> <span class='ocrx_word' id='word_1_324' title='bbox 1523 2566 1565 2608; x_wconf 91' lang='lat' dir='ltr'>p.</span> <span class='ocrx_word' id='word_1_325' title='bbox 1591 2558 1642 2594; x_wconf 88' lang='lat'>70</span> <span class='ocrx_word' id='word_1_326' title='bbox 1686 2567 1726 2596; x_wconf 93' lang='lat' dir='ltr'>n.</span> <span class='ocrx_word' id='word_1_327' title='bbox 1749 2555 1905 2608; x_wconf 87' lang='lat' dir='ltr'><strong>XXIII,</strong></span> <span class='ocrx_word' id='word_1_328' title='bbox 1931 2558 1967 2608; x_wconf 77' lang='lat'>4,</span> <span class='ocrx_word' id='word_1_329' title='bbox 2008 2555 2088 2596; x_wconf 90' lang='lat' dir='ltr'>ubi</span> 
     </span>
     <span class='ocr_line' id='line_1_30' title="bbox 105 2621 2091 2682; baseline 0.001 -15"><span class='ocrx_word' id='word_1_330' title='bbox 105 2626 250 2668; x_wconf 87' lang='lat' dir='ltr'>editor</span> <span class='ocrx_word' id='word_1_331' title='bbox 287 2625 544 2667; x_wconf 90' lang='lat' dir='ltr'>inauditum</span> <span class='ocrx_word' id='word_1_332' title='bbox 582 2636 747 2666; x_wconf 90' lang='lat' dir='ltr'>nomen</span> <span class='ocrx_word' id='word_1_333' title='bbox 782 2621 1091 2682; x_wconf 84' lang='grc' dir='ltr'>Φιλεασκόμων</span> <span class='ocrx_word' id='word_1_334' title='bbox 1134 2627 1339 2679; x_wconf 89' lang='lat' dir='ltr'>miratur,</span> <span class='ocrx_word' id='word_1_335' title='bbox 1386 2627 1545 2680; x_wconf 90' lang='lat' dir='ltr'>procul</span> <span class='ocrx_word' id='word_1_336' title='bbox 1581 2627 1720 2669; x_wconf 92' lang='lat' dir='ltr'>dubio</span> <span class='ocrx_word' id='word_1_337' title='bbox 1750 2628 1990 2680; x_wconf 90' lang='lat' dir='ltr'>legendum</span> <span class='ocrx_word' id='word_1_338' title='bbox 2023 2630 2091 2669; x_wconf 90' lang='lat' dir='ltr'>est</span> 
     </span>
     <span class='ocr_line' id='line_1_31' title="bbox 103 2692 2090 2755; baseline 0.002 -17"><span class='ocrx_word' id='word_1_339' title='bbox 103 2695 312 2754; x_wconf 79' lang='grc' dir='ltr'>γέγραφεν</span> <span class='ocrx_word' id='word_1_340' title='bbox 345 2695 391 2737; x_wconf 85' lang='grc' dir='ltr'>δὲ</span> <span class='ocrx_word' id='word_1_341' title='bbox 420 2695 494 2738; x_wconf 87' lang='grc' dir='ltr'>καὶ</span> <span class='ocrx_word' id='word_1_342' title='bbox 524 2693 682 2744; x_wconf 78' lang='grc' dir='ltr'>Φιλέας</span> <span class='ocrx_word' id='word_1_343' title='bbox 714 2692 892 2751; x_wconf 85' lang='grc' dir='ltr'>Κόμωνι</span> <span class='ocrx_word' id='word_1_344' title='bbox 930 2697 1027 2753; x_wconf 88' lang='grc' dir='ltr'>περὶ</span> <span class='ocrx_word' id='word_1_345' title='bbox 1062 2695 1238 2739; x_wconf 87' lang='grc' dir='ltr'>τούτων.</span> <span class='ocrx_word' id='word_1_346' title='bbox 1289 2698 1577 2740; x_wconf 85' lang='lat' dir='ltr'>Vocabulum</span> <span class='ocrx_word' id='word_1_347' title='bbox 1611 2698 1834 2755; x_wconf 82' lang='grc' dir='ltr'>οἰκονόμος</span> <span class='ocrx_word' id='word_1_348' title='bbox 1867 2701 1956 2742; x_wconf 91' lang='lat' dir='ltr'>iam</span> <span class='ocrx_word' id='word_1_349' title='bbox 1988 2703 2090 2742; x_wconf 87' lang='lat' dir='ltr'>ante</span> 
     </span>
     <span class='ocr_line' id='line_1_32' title="bbox 103 2769 2088 2826; baseline 0.003 -17"><span class='ocrx_word' id='word_1_350' title='bbox 103 2769 403 2822; x_wconf 90' lang='lat' dir='ltr'>Philopatoris</span> <span class='ocrx_word' id='word_1_351' title='bbox 453 2770 647 2810; x_wconf 87' lang='lat' dir='ltr'>aetatem</span> <span class='ocrx_word' id='word_1_352' title='bbox 687 2770 910 2811; x_wconf 88' lang='lat' dir='ltr'>usitatum</span> <span class='ocrx_word' id='word_1_353' title='bbox 951 2770 1090 2811; x_wconf 89' lang='lat' dir='ltr'>fuisse</span> <span class='ocrx_word' id='word_1_354' title='bbox 1127 2771 1173 2811; x_wconf 93' lang='lat' dir='ltr'>in</span> <span class='ocrx_word' id='word_1_355' title='bbox 1211 2770 1418 2824; x_wconf 88' lang='lat' dir='ltr'>Aegypto</span> <span class='ocrx_word' id='word_1_356' title='bbox 1462 2771 1625 2813; x_wconf 91' lang='lat' dir='ltr'>docent</span> <span class='ocrx_word' id='word_1_357' title='bbox 1665 2784 1706 2813; x_wconf 92' lang='lat' dir='ltr'>n.</span> <span class='ocrx_word' id='word_1_358' title='bbox 1730 2775 1798 2826; x_wconf 89' lang='grc'>50,</span> <span class='ocrx_word' id='word_1_359' title='bbox 1822 2775 1889 2813; x_wconf 91' lang='grc'>42.</span> <span class='ocrx_word' id='word_1_360' title='bbox 1930 2776 1998 2826; x_wconf 89' lang='grc'>54,</span> <span class='ocrx_word' id='word_1_361' title='bbox 2020 2777 2088 2826; x_wconf 87' lang='grc'>26,</span> 
     </span>
     <span class='ocr_line' id='line_1_33' title="bbox 102 2841 2089 2898; baseline 0.002 -16"><span class='ocrx_word' id='word_1_362' title='bbox 102 2841 184 2882; x_wconf 89' lang='lat' dir='ltr'>ubi</span> <span class='ocrx_word' id='word_1_363' title='bbox 215 2852 322 2883; x_wconf 87' lang='lat' dir='ltr'>sane</span> <span class='ocrx_word' id='word_1_364' title='bbox 352 2852 442 2882; x_wconf 92' lang='lat' dir='ltr'>non</span> <span class='ocrx_word' id='word_1_365' title='bbox 472 2842 595 2892; x_wconf 85' lang='lat' dir='ltr'>regui</span> <span class='ocrx_word' id='word_1_366' title='bbox 633 2844 712 2882; x_wconf 89' lang='lat' dir='ltr'>aut</span> <span class='ocrx_word' id='word_1_367' title='bbox 746 2843 959 2895; x_wconf 88' lang='lat' dir='ltr'>civitatis,</span> <span class='ocrx_word' id='word_1_368' title='bbox 1000 2843 1081 2883; x_wconf 90' lang='lat' dir='ltr'>sed</span> <span class='ocrx_word' id='word_1_369' title='bbox 1116 2843 1293 2895; x_wconf 90' lang='lat' dir='ltr'>collegii</span> <span class='ocrx_word' id='word_1_370' title='bbox 1329 2843 1555 2885; x_wconf 89' lang='lat' dir='ltr'>artificum</span> <span class='ocrx_word' id='word_1_371' title='bbox 1584 2845 1963 2898; x_wconf 89' lang='lat' dir='ltr'>Dionysiacorum</span> <span class='ocrx_word' id='word_1_372' title='bbox 1995 2857 2089 2886; x_wconf 91' lang='lat' dir='ltr'>ma-</span> 
     </span>
     <span class='ocr_line' id='line_1_34' title="bbox 106 2913 2089 2968; baseline 0.003 -15"><span class='ocrx_word' id='word_1_373' title='bbox 106 2914 322 2965; x_wconf 88' lang='lat' dir='ltr'>gistratus</span> <span class='ocrx_word' id='word_1_374' title='bbox 353 2913 644 2965; x_wconf 82' lang='lat' dir='ltr'>significatur.</span> <span class='ocrx_word' id='word_1_375' title='bbox 704 2914 785 2954; x_wconf 91' lang='lat' dir='ltr'>Hic</span> <span class='ocrx_word' id='word_1_376' title='bbox 814 2916 971 2955; x_wconf 89' lang='lat' dir='ltr'>utrum</span> <span class='ocrx_word' id='word_1_377' title='bbox 1002 2915 1257 2967; x_wconf 80' lang='lat' dir='ltr'>praefectus</span> <span class='ocrx_word' id='word_1_378' title='bbox 1289 2916 1441 2968; x_wconf 86' lang='lat' dir='ltr'>regius</span> <span class='ocrx_word' id='word_1_379' title='bbox 1474 2917 1552 2968; x_wconf 92' lang='lat' dir='ltr'>qui</span> <span class='ocrx_word' id='word_1_380' title='bbox 1591 2928 1773 2958; x_wconf 91' lang='lat' dir='ltr'>summo</span> <span class='ocrx_word' id='word_1_381' title='bbox 1804 2918 2089 2959; x_wconf 91' lang='lat' dir='ltr'>administra-</span> 
     </span>
     <span class='ocr_line' id='line_1_35' title="bbox 105 2985 2090 3043; baseline 0.003 -17"><span class='ocrx_word' id='word_1_382' title='bbox 105 2987 239 3027; x_wconf 85' lang='lat' dir='ltr'>tionis</span> <span class='ocrx_word' id='word_1_383' title='bbox 278 2987 566 3039; x_wconf 88' lang='lat' dir='ltr'>pecuniariae</span> <span class='ocrx_word' id='word_1_384' title='bbox 611 2987 812 3028; x_wconf 90' lang='lat' dir='ltr'>curatori</span> <span class='ocrx_word' id='word_1_385' title='bbox 850 2985 1092 3043; x_wconf 83' lang='grc' dir='ltr'>(ὃιοικητῆι)</span> <span class='ocrx_word' id='word_1_386' title='bbox 1135 2988 1406 3030; x_wconf 89' lang='lat' dir='ltr'>subiunctus</span> <span class='ocrx_word' id='word_1_387' title='bbox 1443 2988 1811 3031; x_wconf 89' lang='lat' dir='ltr'>Naucratitarum</span> <span class='ocrx_word' id='word_1_388' title='bbox 1853 2991 2090 3043; x_wconf 88' lang='lat' dir='ltr'>vectigalia</span> 
     </span>
     <span class='ocr_line' id='line_1_36' title="bbox 107 3059 2089 3113; baseline 0.003 -15"><span class='ocrx_word' id='word_1_389' title='bbox 107 3059 314 3111; x_wconf 83' lang='lat' dir='ltr'>exigeret,</span> <span class='ocrx_word' id='word_1_390' title='bbox 347 3070 403 3099; x_wconf 91' lang='lat' dir='ltr'>an</span> <span class='ocrx_word' id='word_1_391' title='bbox 429 3059 573 3111; x_wconf 90' lang='lat' dir='ltr'>ipsius</span> <span class='ocrx_word' id='word_1_392' title='bbox 595 3059 793 3099; x_wconf 88' lang='lat' dir='ltr'>civitatis</span> <span class='ocrx_word' id='word_1_393' title='bbox 814 3062 1029 3112; x_wconf 87' lang='lat' dir='ltr'>quaestor</span> <span class='ocrx_word' id='word_1_394' title='bbox 1048 3061 1374 3113; x_wconf 90' lang='lat' dir='ltr'>intellegendus</span> <span class='ocrx_word' id='word_1_395' title='bbox 1405 3063 1526 3102; x_wconf 89' lang='lat' dir='ltr'>esset</span> <span class='ocrx_word' id='word_1_396' title='bbox 1547 3062 1858 3103; x_wconf 88' lang='lat' dir='ltr'>dissenserunt</span> <span class='ocrx_word' id='word_1_397' title='bbox 1882 3063 2089 3104; x_wconf 89' lang='lat' dir='ltr'>homines</span> 
     </span>
     <span class='ocr_line' id='line_1_37' title="bbox 107 3129 2088 3186; baseline 0.003 -16"><span class='ocrx_word' id='word_1_398' title='bbox 107 3129 240 3183; x_wconf 87' lang='lat' dir='ltr'>docti,</span> <span class='ocrx_word' id='word_1_399' title='bbox 288 3141 482 3183; x_wconf 86' lang='lat' dir='ltr'>eamque</span> <span class='ocrx_word' id='word_1_400' title='bbox 532 3131 844 3183; x_wconf 90' lang='lat' dir='ltr'>quaestionem</span> <span class='ocrx_word' id='word_1_401' title='bbox 894 3133 1077 3173; x_wconf 90' lang='lat' dir='ltr'>omnino</span> <span class='ocrx_word' id='word_1_402' title='bbox 1126 3132 1278 3173; x_wconf 89' lang='lat' dir='ltr'>dirimi</span> <span class='ocrx_word' id='word_1_403' title='bbox 1324 3144 1460 3186; x_wconf 89' lang='lat' dir='ltr'>posse</span> <span class='ocrx_word' id='word_1_404' title='bbox 1507 3134 1686 3185; x_wconf 88' lang='lat' dir='ltr'>negavit</span> <span class='ocrx_word' id='word_1_405' title='bbox 1740 3135 1879 3175; x_wconf 91' lang='lat' dir='ltr'>homo</span> <span class='ocrx_word' id='word_1_406' title='bbox 1924 3135 2088 3175; x_wconf 91' lang='lat' dir='ltr'>harum</span> 
     </span>
     <span class='ocr_line' id='line_1_38' title="bbox 107 3201 2088 3257; baseline 0.003 -16"><span class='ocrx_word' id='word_1_407' title='bbox 107 3211 259 3242; x_wconf 86' lang='lat' dir='ltr'>rerum</span> <span class='ocrx_word' id='word_1_408' title='bbox 297 3202 603 3254; x_wconf 88' lang='lat' dir='ltr'>peritissimus</span> <span class='ocrx_word' id='word_1_409' title='bbox 643 3201 688 3242; x_wconf 88' lang='lat' dir='ltr'>U.</span> <span class='ocrx_word' id='word_1_410' title='bbox 710 3201 913 3244; x_wconf 88' lang='lat' dir='ltr'>Wilcken</span> <span class='ocrx_word' id='word_1_411' title='bbox 947 3203 1019 3244; x_wconf 90' lang='lat' dir='ltr'>Gr.</span> <span class='ocrx_word' id='word_1_412' title='bbox 1051 3204 1242 3245; x_wconf 87' lang='lat' dir='ltr'>Ostraka</span> <span class='ocrx_word' id='word_1_413' title='bbox 1271 3205 1288 3244; x_wconf 97' lang='lat' dir='ltr'><strong>I</strong></span> <span class='ocrx_word' id='word_1_414' title='bbox 1327 3216 1370 3257; x_wconf 91' lang='lat' dir='ltr'>p.</span> <span class='ocrx_word' id='word_1_415' title='bbox 1396 3207 1476 3245; x_wconf 74' lang='grc'>433</span> <span class='ocrx_word' id='word_1_416' title='bbox 1522 3207 1612 3246; x_wconf 91' lang='lat' dir='ltr'>not.</span> <span class='ocrx_word' id='word_1_417' title='bbox 1638 3209 1674 3245; x_wconf 91' lang='grc'>4.</span> <span class='ocrx_word' id='word_1_418' title='bbox 1735 3205 1792 3245; x_wconf 90' lang='lat' dir='ltr'>At</span> <span class='ocrx_word' id='word_1_419' title='bbox 1830 3206 1941 3245; x_wconf 88' lang='lat' dir='ltr'>mihi</span> <span class='ocrx_word' id='word_1_420' title='bbox 1977 3206 2088 3247; x_wconf 93' lang='lat' dir='ltr'>illud</span> 
     </span>
     <span class='ocr_line' id='line_1_39' title="bbox 106 3273 2087 3331; baseline 0.003 -17"><span class='ocrx_word' id='word_1_421' title='bbox 106 3284 266 3314; x_wconf 85' lang='lat' dir='ltr'>verum</span> <span class='ocrx_word' id='word_1_422' title='bbox 303 3284 403 3315; x_wconf 89' lang='lat' dir='ltr'>esse</span> <span class='ocrx_word' id='word_1_423' title='bbox 443 3285 499 3314; x_wconf 85' lang='lat' dir='ltr'>ex</span> <span class='ocrx_word' id='word_1_424' title='bbox 540 3274 839 3327; x_wconf 89' lang='lat' dir='ltr'>appellatione</span> <span class='ocrx_word' id='word_1_425' title='bbox 877 3273 1102 3331; x_wconf 83' lang='grc' dir='ltr'>οἰκονόμος</span> <span class='ocrx_word' id='word_1_426' title='bbox 1139 3282 1224 3317; x_wconf 85' lang='grc' dir='ltr'>τῶν</span> <span class='ocrx_word' id='word_1_427' title='bbox 1263 3275 1373 3318; x_wconf 83' lang='grc' dir='ltr'>κατὰ</span> <span class='ocrx_word' id='word_1_428' title='bbox 1411 3273 1654 3331; x_wconf 83' lang='grc' dir='ltr'>Ναύκρατιν</span> <span class='ocrx_word' id='word_1_429' title='bbox 1702 3279 1823 3318; x_wconf 87' lang='lat' dir='ltr'>recte</span> <span class='ocrx_word' id='word_1_430' title='bbox 1862 3278 2087 3320; x_wconf 88' lang='lat' dir='ltr'>intellecta</span> 
     </span>
     <span class='ocr_line' id='line_1_40' title="bbox 108 3343 2086 3404; baseline 0.004 -18"><span class='ocrx_word' id='word_1_431' title='bbox 108 3343 210 3395; x_wconf 88' lang='lat' dir='ltr'>(not.</span> <span class='ocrx_word' id='word_1_432' title='bbox 236 3344 274 3396; x_wconf 75' lang='lat'>4)</span> <span class='ocrx_word' id='word_1_433' title='bbox 314 3357 532 3399; x_wconf 89' lang='lat' dir='ltr'>apparere</span> <span class='ocrx_word' id='word_1_434' title='bbox 572 3346 764 3399; x_wconf 89' lang='lat' dir='ltr'>videtur,</span> <span class='ocrx_word' id='word_1_435' title='bbox 810 3348 893 3388; x_wconf 90' lang='lat' dir='ltr'>etsi</span> <span class='ocrx_word' id='word_1_436' title='bbox 934 3347 1223 3389; x_wconf 89' lang='lat' dir='ltr'>Naucratitas</span> <span class='ocrx_word' id='word_1_437' title='bbox 1263 3350 1504 3389; x_wconf 90' lang='lat' dir='ltr'>etiamtum</span> <span class='ocrx_word' id='word_1_438' title='bbox 1543 3349 1904 3391; x_wconf 90' lang='lat' dir='ltr'>Ptolemaeorum</span> <span class='ocrx_word' id='word_1_439' title='bbox 1951 3363 2086 3404; x_wconf 90' lang='lat' dir='ltr'>regno</span> 
     </span>
     <span class='ocr_line' id='line_1_41' title="bbox 109 3416 2083 3473; baseline 0.004 -16"><span class='ocrx_word' id='word_1_440' title='bbox 109 3426 237 3457; x_wconf 90' lang='lat' dir='ltr'>suam</span> <span class='ocrx_word' id='word_1_441' title='bbox 268 3418 601 3471; x_wconf 89' lang='lat' dir='ltr'>rempublicam</span> <span class='ocrx_word' id='word_1_442' title='bbox 632 3416 848 3460; x_wconf 88' lang='lat' dir='ltr'>habuisse</span> <span class='ocrx_word' id='word_1_443' title='bbox 878 3432 967 3460; x_wconf 91' lang='lat' dir='ltr'>non</span> <span class='ocrx_word' id='word_1_444' title='bbox 990 3432 1102 3473; x_wconf 90' lang='lat' dir='ltr'>nego</span> <span class='ocrx_word' id='word_1_445' title='bbox 1137 3421 1204 3472; x_wconf 86' lang='lat' dir='ltr'>(cf.</span> <span class='ocrx_word' id='word_1_446' title='bbox 1237 3433 1278 3461; x_wconf 93' lang='lat' dir='ltr'>n.</span> <span class='ocrx_word' id='word_1_447' title='bbox 1303 3421 1437 3471; x_wconf 85' lang='grc'><strong>4201).</strong></span> <span class='ocrx_word' id='word_1_448' title='bbox 1491 3421 1649 3472; x_wconf 90' lang='lat' dir='ltr'>Utique</span> <span class='ocrx_word' id='word_1_449' title='bbox 1680 3432 1768 3462; x_wconf 90' lang='lat' dir='ltr'>non</span> <span class='ocrx_word' id='word_1_450' title='bbox 1790 3424 1858 3463; x_wconf 90' lang='lat' dir='ltr'>est</span> <span class='ocrx_word' id='word_1_451' title='bbox 1878 3434 1960 3464; x_wconf 88' lang='lat' dir='ltr'>cur</span> <span class='ocrx_word' id='word_1_452' title='bbox 1981 3435 2083 3465; x_wconf 90' lang='lat' dir='ltr'>cum</span> 
     </span>
    </p>
   </div>
   <div class='ocr_carea' id='block_1_8' title="bbox 24 3487 2083 3548">
    <p class='ocr_par' dir='ltr' id='par_1_9' title="bbox 24 3487 2083 3548">
     <span class='ocr_line' id='line_1_42' title="bbox 24 3487 2083 3548; baseline 0.004 -22"><span class='ocrx_word' id='word_1_453' title='bbox 24 3490 27 3526; x_wconf 71' lang='grc' dir='ltr'>ῑ</span> <span class='ocrx_word' id='word_1_454' title='bbox 109 3487 152 3528; x_wconf 88' lang='grc' dir='ltr'><strong>Ρ.</strong></span> <span class='ocrx_word' id='word_1_455' title='bbox 174 3489 366 3542; x_wconf 85' lang='lat' dir='ltr'>Meyero,</span> <span class='ocrx_word' id='word_1_456' title='bbox 398 3490 487 3530; x_wconf 89' lang='lat' dir='ltr'>Das</span> <span class='ocrx_word' id='word_1_457' title='bbox 518 3489 786 3531; x_wconf 89' lang='lat' dir='ltr'>Heerwesen</span> <span class='ocrx_word' id='word_1_458' title='bbox 817 3491 898 3532; x_wconf 90' lang='lat' dir='ltr'>der</span> <span class='ocrx_word' id='word_1_459' title='bbox 927 3492 1182 3533; x_wconf 77' lang='lat' dir='ltr'>Ptolemaer</span> <span class='ocrx_word' id='word_1_460' title='bbox 1214 3493 1305 3533; x_wconf 93' lang='lat' dir='ltr'>und</span> <span class='ocrx_word' id='word_1_461' title='bbox 1335 3493 1499 3532; x_wconf 78' lang='lat' dir='ltr'>Romer</span> <span class='ocrx_word' id='word_1_462' title='bbox 1529 3493 1575 3532; x_wconf 93' lang='lat' dir='ltr'>in</span> <span class='ocrx_word' id='word_1_463' title='bbox 1596 3493 1830 3546; x_wconf 86' lang='lat' dir='ltr'>Aegypten</span> <span class='ocrx_word' id='word_1_464' title='bbox 1860 3506 1904 3548; x_wconf 90' lang='lat' dir='ltr'>p.</span> <span class='ocrx_word' id='word_1_465' title='bbox 1924 3500 1946 3536; x_wconf 88' lang='lat'><strong>6</strong></span> <span class='ocrx_word' id='word_1_466' title='bbox 1969 3508 2010 3537; x_wconf 91' lang='lat' dir='ltr'>n.</span> <span class='ocrx_word' id='word_1_467' title='bbox 2032 3500 2083 3536; x_wconf 89' lang='grc'>43</span> 
     </span>
    </p>
   </div>
   <div class='ocr_carea' id='block_1_9' title="bbox 109 3557 2086 3614">
    <p class='ocr_par' dir='ltr' id='par_1_10' title="bbox 109 3557 2086 3614">
     <span class='ocr_line' id='line_1_43' title="bbox 109 3557 2086 3614; baseline 0.005 -15"><span class='ocrx_word' id='word_1_468' title='bbox 109 3557 163 3598; x_wconf 88' lang='lat' dir='ltr'>de</span> <span class='ocrx_word' id='word_1_469' title='bbox 193 3562 434 3611; x_wconf 89' lang='lat' dir='ltr'>quaestore</span> <span class='ocrx_word' id='word_1_470' title='bbox 467 3561 649 3601; x_wconf 88' lang='lat' dir='ltr'>militari</span> <span class='ocrx_word' id='word_1_471' title='bbox 680 3563 943 3614; x_wconf 85' lang='lat' dir='ltr'>cogitemus.</span> <span class='ocrx_word' id='word_1_472' title='bbox 996 3564 1056 3604; x_wconf 88' lang='lat' dir='ltr'>Cf.</span> <span class='ocrx_word' id='word_1_473' title='bbox 1090 3576 1130 3604; x_wconf 91' lang='lat' dir='ltr'>n.</span> <span class='ocrx_word' id='word_1_474' title='bbox 1157 3567 1238 3603; x_wconf 91' lang='grc'>402</span> <span class='ocrx_word' id='word_1_475' title='bbox 1250 3562 1279 3603; x_wconf 89' lang='lat'>9.</span> <span class='ocrx_word' id='word_1_476' title='bbox 1428 3563 1455 3603; x_wconf 85' lang='grc'>4</span> <span class='ocrx_word' id='word_1_477' title='bbox 1494 3564 1702 3605; x_wconf 88' lang='lat' dir='ltr'>Merriam</span> <span class='ocrx_word' id='word_1_478' title='bbox 1734 3567 1970 3608; x_wconf 87' lang='lat' dir='ltr'>manifesto</span> <span class='ocrx_word' id='word_1_479' title='bbox 2002 3573 2086 3608; x_wconf 84' lang='grc' dir='ltr'>τῶν</span> 
     </span>
    </p>
   </div>
   <div class='ocr_carea' id='block_1_10' title="bbox 29 3631 2086 3764">
    <p class='ocr_par' dir='ltr' id='par_1_11' title="bbox 29 3631 2086 3764">
     <span class='ocr_line' id='line_1_44' title="bbox 29 3631 2086 3692; baseline 0.005 -23"><span class='ocrx_word' id='word_1_480' title='bbox 29 3669 31 3690; x_wconf 22' lang='grc' dir='ltr'><strong>ἶ</strong></span> <span class='ocrx_word' id='word_1_481' title='bbox 109 3631 408 3672; x_wconf 85' lang='lat' dir='ltr'>masculinum</span> <span class='ocrx_word' id='word_1_482' title='bbox 430 3643 529 3673; x_wconf 89' lang='lat' dir='ltr'>esse</span> <span class='ocrx_word' id='word_1_483' title='bbox 551 3633 703 3686; x_wconf 89' lang='lat' dir='ltr'>sumit,</span> <span class='ocrx_word' id='word_1_484' title='bbox 736 3645 839 3674; x_wconf 91' lang='lat' dir='ltr'>cum</span> <span class='ocrx_word' id='word_1_485' title='bbox 862 3635 1070 3676; x_wconf 90' lang='lat' dir='ltr'>Latinum</span> <span class='ocrx_word' id='word_1_486' title='bbox 1103 3632 1255 3689; x_wconf 86' lang='grc' dir='ltr'>ταμίας</span> <span class='ocrx_word' id='word_1_487' title='bbox 1290 3635 1470 3686; x_wconf 89' lang='lat' dir='ltr'>(rectius</span> <span class='ocrx_word' id='word_1_488' title='bbox 1493 3635 1740 3692; x_wconf 82' lang='grc' dir='ltr'>στρατηγός)</span> <span class='ocrx_word' id='word_1_489' title='bbox 1772 3636 1793 3679; x_wconf 89' lang='grc' dir='ltr'>ὁ</span> <span class='ocrx_word' id='word_1_490' title='bbox 1824 3637 1935 3680; x_wconf 84' lang='grc' dir='ltr'>κατὰ</span> <span class='ocrx_word' id='word_1_491' title='bbox 1965 3637 2086 3680; x_wconf 89' lang='grc' dir='ltr'>πόλιν</span> 
     </span>
     <span class='ocr_line' id='line_1_45' title="bbox 31 3705 2084 3764; baseline 0.003 -19"><span class='ocrx_word' id='word_1_492' title='bbox 31 3725 33 3745; x_wconf 71' lang='lat'>1</span> <span class='ocrx_word' id='word_1_493' title='bbox 110 3705 340 3755; x_wconf 84' lang='lat' dir='ltr'>comparet</span> <span class='ocrx_word' id='word_1_494' title='bbox 382 3706 428 3745; x_wconf 89' lang='lat' dir='ltr'>et</span> <span class='ocrx_word' id='word_1_495' title='bbox 472 3705 685 3746; x_wconf 90' lang='lat' dir='ltr'>Comonis</span> <span class='ocrx_word' id='word_1_496' title='bbox 730 3706 1014 3758; x_wconf 89' lang='lat' dir='ltr'>provinciam</span> <span class='ocrx_word' id='word_1_497' title='bbox 1059 3708 1234 3760; x_wconf 87' lang='lat' dir='ltr'>partem</span> <span class='ocrx_word' id='word_1_498' title='bbox 1281 3706 1420 3748; x_wconf 92' lang='lat' dir='ltr'>modo</span> <span class='ocrx_word' id='word_1_499' title='bbox 1466 3707 1704 3750; x_wconf 90' lang='lat' dir='ltr'>Naucratis</span> <span class='ocrx_word' id='word_1_500' title='bbox 1749 3711 1905 3764; x_wconf 90' lang='lat' dir='ltr'>oppidi</span> <span class='ocrx_word' id='word_1_501' title='bbox 1947 3711 2084 3753; x_wconf 86' lang='lat' dir='ltr'>fuisse</span> 
     </span>
    </p>
   </div>
   <div class='ocr_carea' id='block_1_11' title="bbox 0 2351 40 3970">
    <p class='ocr_par' dir='ltr' id='par_1_12' title="bbox 0 2351 40 3970">
     <span class='ocr_line' id='line_1_46' title="bbox 0 2351 40 3970; baseline 0 0"><span class='ocrx_word' id='word_1_502' title='bbox 0 2351 40 3970; x_wconf 95' lang='lat' dir='ltr'> </span> 
     </span>
    </p>
   </div>
  </div>
 </body>
</html>
