2314 3970
247 217 349 271 280
928 217 976 258 II.
1022 218 1222 269 Regnum
1254 218 1534 270 Lagidarum.
2055 220 2086 271 [4
2100 223 2211 262 95-

353 397 462 452 195
511 399 652 447 Basis
689 398 870 463 lapidis
913 397 1142 462 grauitae
1181 398 1267 462 qui
1303 396 1501 464 dicitur,
1546 398 1880 451 Alexandriae
1926 401 1977 449 in
2021 415 2210 451 muse0.

246 487 368 536 Edd.
422 486 471 534 C.
507 484 750 533 Wescher
799 484 1066 534 Bullettino
1118 480 1228 533 dell’
1268 485 1387 533 Inst.
1436 484 1572 535 arch.
1627 486 1769 536 Rom.
1824 486 1960 537 4866
2007 503 2057 553 p.
2092 488 2211 538 200.

247 573 300 622 G.
341 573 474 620 Botti
522 571 695 620 Notice
739 571 827 620 des
874 573 1196 620 monuments
1250 572 1466 636 exposes
1511 585 1578 621 au
1620 573 1794 623 musee
1840 575 2213 638 greco-romain

245 655 594 707 d’Alexandrie
648 673 698 723 p.
739 657 838 707 ⁴35
904 657 982 724 (M.
1019 658 1072 708 L.
1110 656 1290 708 Strack
1351 658 1441 707 Die
1491 658 1731 724 Dynastie
1790 660 1881 711 der
1929 661 2214 710 Ptolemaer

243 742 418 810 p.272
459 741 669 809 n.485i

381 883 667 940 Ἀντώνιον1
724 885 877 957 μέγαν
936 886 942 957 Ι
993 886 1307 957 κάμίμητον2
1356 881 1664 958 Ἀφροδίσιος
1721 886 1728 958 Ι
1774 885 2080 959 παράσιτος3
2133 887 2214 942 τὸν

336 986 359 1026 5
390 974 569 1026 ἑαυτοῦ
608 970 724 1026 θεὸν
755 970 762 1044 Ι
791 971 876 1026 καὶ
914 962 1193 1044 εὐεργέτην,
1242 974 1286 1025 Ι..
1311 968 1378 1026 ιθ’
1417 976 1503 1025 τοῦ
1535 971 1660 1043 κζαὶ)
1699 970 1787 1042 δ’,4
1821 972 1838 1045 [Ι
1871 971 2048 1046 Χοιὰχ
2072 971 2171 1027 κθ’.

358 1156 551 1196 Litterae
580 1156 803 1197 ΑΘΘΠΣ.
922 1158 937 1194 4
978 1155 1031 1197 Μ.
1050 1154 1270 1196 Antonius
1291 1155 1515 1208 triumvir,
1539 1155 1618 1207 qui
1640 1156 1739 1196 tum
1756 1156 1976 1209 temporis
1998 1156 2053 1209 (v.
2072 1159 2163 1198 not.
2179 1157 2215 1208 4)

243 1228 366 1282 apud
405 1227 689 1281 Cleopatram
733 1227 933 1278 reginam
973 1226 1267 1268 Alexandriae
1309 1225 1691 1269 commorabatur.
1895 1230 1919 1268 2
1958 1228 2030 1268 Sic
2073 1228 2217 1282 Botta,

244 1302 541 1342 ΑΜΙΜΗΤΟΝ
590 1300 685 1340 sine
729 1299 917 1340 lacunae
960 1299 1126 1340 indicio
1172 1298 1402 1340 Wescher.
1462 1299 1579 1340 Laus
1625 1300 1694 1340 est
1737 1311 1763 1340 a
1808 1311 1935 1341 more
1978 1300 2214 1342 titulorum

243 1372 603 1424 honorariorum,
642 1371 721 1423 qui
750 1372 901 1411 tamen
932 1371 978 1411 in
1009 1372 1132 1412 omni
1163 1371 1432 1413 adulationis
1464 1381 1625 1424 genere
1655 1371 1969 1413 verbosissimi
2008 1383 2108 1414 esse
2145 1384 2217 1414 so-

243 1445 346 1497 lent,
379 1444 533 1485 aliena.
595 1442 743 1491 Quare
774 1443 895 1483 recte
935 1443 970 1483 J.
994 1443 1037 1484 P.
1060 1442 1255 1496 Mahaffy
1286 1443 1377 1484 The
1408 1444 1582 1497 empire
1615 1443 1664 1485 of
1689 1444 1767 1485 the
1798 1444 2035 1485 Ptolemies
2067 1456 2110 1498 p.
2134 1447 2216 1486 467

242 1518 374 1557 not.⁴
424 1516 481 1557 ad
518 1515 629 1556 illud
667 1514 846 1556 Antonii
885 1515 1143 1556 institutum
1185 1515 1371 1569 rettulit,
1412 1515 1466 1556 de
1504 1527 1595 1568 quo
1626 1515 1766 1558 verba
1806 1515 1912 1557 facit
1950 1517 2217 1558 Plutarchus

241 1589 340 1630 Ant.
365 1592 440 1629 28:
484 1586 576 1629 ἐκεῖ
604 1585 651 1629 δὲ
684 1586 741 1639 (ἐν
771 1581 1069 1645 Ἀλεξανδρείᾳ)
1103 1585 1322 1646 μειρακίου
1357 1585 1518 1646 σχολὴν
1549 1585 1725 1644 ἄγοντος
1757 1586 1992 1644 διατριβαῖς
2020 1587 2092 1630 ’καὶ
2123 1603 2218 1631 παι-

243 1659 350 1707 ὃιαῖς
379 1661 602 1718 χρώμενον
635 1657 719 1712 (τὸν
750 1653 980 1711 Ἀντώνιον)
1021 1656 1258 1701 ἀναλίσκειν
1297 1658 1370 1702 καὶ
1406 1657 1728 1715 καθηδυπαὸεἴν
1766 1659 1814 1702 τὸ
1845 1657 2217 1714 πολυτελέστατον,

242 1733 300 1779 ὡς
329 1727 528 1789 Ἀντιφῶν
559 1730 689 1785 εἶπεν,
721 1728 944 1786 ἀνάλωμα,
974 1730 1046 1773 τὸν
1077 1730 1243 1790 χρόνον.
1274 1730 1327 1788 ἦν
1357 1729 1436 1788 γάρ
1467 1745 1529 1778 τις
1559 1729 1704 1779 αὐτοῖς
1736 1727 1910 1779 σύνοδος
1948 1730 2218 1790 ἀμιμητο-

243 1803 368 1858 βίων
398 1802 634 1861 λεγομένη·
671 1801 744 1845 καὶ
771 1797 865 1845 καθ’
890 1801 1054 1859 ἡμέραν
1086 1802 1253 1846 εἱστίων
1281 1801 1497 1859 ἀλλήλους
1527 1801 1705 1845 ἄπιστόν
1737 1818 1830 1846 τινα
1858 1802 2106 1859 ποιούμενοι
2133 1810 2218 1846 τῶν

243 1874 586 1931 ἀναλισκομένων
619 1873 832 1931 ἀμετρίαν.
893 1875 1007 1917 Huic
1047 1877 1222 1929 synodo
1263 1877 1358 1918 sine
1396 1875 1536 1917 dubio
1569 1875 1772 1917 interfuit
1800 1876 2100 1930 Aphrodisius
2141 1878 2218 1930 qui
2306 1910 2307 1940 ᾗ

241 1949 422 1990 Antonii
460 1949 701 2001 imaginem
739 1947 977 1989 dedicavit.
1142 1951 1163 1987 3
1196 1948 1367 1990 Vocem
1413 1948 1588 2000 volgari
1634 1949 1679 1990 vi
1721 1949 1865 2001 accipi
1909 1959 2045 2001 posse
2090 1951 2222 2001 negat
2306 1950 2307 1975 ³

242 2021 472 2075 Wescher,
512 2022 619 2074 quia
657 2032 791 2061 nemo
829 2021 874 2060 in
912 2021 1208 2062 monumento
1248 2020 1430 2074 publice
1470 2021 1704 2074 proposito
1749 2020 2060 2062 condicionem
2103 2022 2221 2062 vitae

242 2095 508 2147 neutiquam
548 2094 784 2135 honestam
823 2094 921 2145 ipse
960 2093 1250 2146 professurus
1288 2091 1434 2134 fuerit.
1497 2093 1582 2134 Sed
1622 2092 1760 2134 fuisse
1797 2094 1931 2134 etiam
1972 2093 2219 2134 sollennem
2304 2093 2306 2121 ῑ

243 2167 447 2207 eiusdem
484 2154 695 2207 vocabuli
731 2165 964 2206 notionem
1003 2176 1108 2205 cum
1140 2164 1332 2206 deorum
1373 2165 1514 2206 sacris
1556 2164 1856 2217 coniunctam,
1903 2166 2057 2205 notam
2097 2164 2220 2205 illam

244 2239 428 2291 quidem
459 2249 514 2279 ex
545 2237 772 2278 Athenaeo
794 2237 852 2277 VI
884 2248 925 2290 p.
949 2239 1080 2291 234e‚
1120 2236 1201 2278 ubi
1230 2237 1571 2278 Atheniensium
1609 2235 1898 2289 plebiscitum
1934 2235 2121 2277 affertur
2150 2236 2220 2277 his
2302 2219 2305 2295 f

244 2311 397 2353 verbis
429 2311 726 2364 conceptum:
759 2307 812 2351 τὰ
844 2307 890 2350 δὲ
920 2307 1125 2366 ἐπιμήνια
1154 2306 1294 2351 θυέτω
1328 2307 1349 2351 ὁ
1385 2306 1516 2364 ἱερεὺς
1547 2306 1655 2364 μετὰ
1683 2314 1768 2350 τῶν
1799 2306 2053 2367 παρασίτων.
2104 2308 2220 2357 Quin
2302 2311 2303 2316 ’

243 2383 467 2424 eiusmodi
508 2383 734 2436 parasitus
774 2391 1010 2423 sacrorum
1041 2392 1178 2423 causa
1212 2382 1488 2423 constitutus
1528 2381 1603 2421 hic
1639 2391 1823 2434 quoque
1861 2380 2136 2433 significetur
2166 2392 2220 2422 eo

244 2457 394 2496 minus
433 2455 625 2496 dubium
666 2465 778 2508 esse,
820 2454 927 2507 quia
965 2465 1020 2495 ex
1058 2465 1168 2495 voce
1208 2450 1307 2496 θεόν
1349 2455 1448 2494 tum
1478 2452 1774 2495 Alexandriae
1803 2453 1997 2494 Antonio
2039 2453 2220 2495 divinos

243 2528 437 2569 honores
469 2527 650 2569 habitos
681 2537 781 2569 esse
812 2528 1038 2580 appareat.
1099 2525 1156 2567 At
1185 2526 1276 2567 hoc
1315 2527 1637 2578 argumentum
1679 2525 1845 2567 nullius
1883 2526 2102 2567 momenti
2138 2528 2220 2580 est,
2300 2514 2301 2547 3

244 2601 460 2652 quoniam
491 2599 684 2641 formula
722 2597 793 2640 τὸν
834 2596 1025 2640 ἑαυτοῦ
1067 2596 1165 2641 θεόν
1207 2597 1387 2652 probat,
1428 2609 1516 2639 non
1555 2598 1704 2640 cultus
1745 2600 1791 2639 et
1820 2609 2055 2639 sacrorum
2085 2598 2220 2650 signi·
2298 2619 2299 2622 =

242 2672 497 2713 ficationem
544 2672 617 2712 hic
661 2670 831 2724 haberi,
878 2670 957 2712 sed
1002 2681 1241 2712 excessum
1279 2670 1553 2712 adulationis
1597 2671 1677 2723 qui
1721 2669 1944 2711 eiusmodi
1989 2670 2219 2711 hominem

244 2745 412 2785 deceat.
472 2743 628 2796 Neque
675 2744 857 2784 omnino
897 2745 966 2784 est
1011 2754 1093 2784 cur
1137 2755 1227 2784 non
1271 2743 1524 2796 parasitum
1561 2743 1800 2784 notissima
1839 2742 1915 2783 illa
1958 2743 2004 2783 vi
2048 2741 2219 2783 intelle-

243 2827 416 2870 gamus,
446 2816 714 2869 praesertim
745 2816 932 2868 propter
962 2826 1014 2856 ea
1045 2827 1161 2867 quae
1192 2817 1281 2856 not.
1308 2818 1331 2854 2
1362 2815 1565 2867 exposita
1598 2816 1719 2856 sunt.
1782 2814 1896 2856 Nam
1927 2814 2062 2855 huius
2093 2824 2218 2855 scur-

243 2900 399 2930 rarum
430 2890 475 2929 et
504 2889 722 2941 nepotum
753 2887 928 2939 generis
969 2888 1206 2940 proprium
1245 2889 1314 2928 est
1351 2887 1415 2928 eis
1446 2887 1557 2940 ipsis
1596 2887 1734 2928 rebus
1764 2887 1945 2939 gloriari
1974 2897 2091 2938 quae
2121 2885 2218 2927 aliis
2295 2877 2297 2882 ⁴

244 2963 401 3013 turpes
440 2960 664 3001 videntur.
831 2961 854 3000 4
893 2959 1150 3011 Ligaturam
1189 2970 1306 3012 quae
1349 2969 1598 3000 consonam
1643 2959 1891 3012 particulae
1934 2957 2217 3011 copulativae
2294 2970 2295 2998 ἕ

242 3034 459 3074 initialem
507 3034 537 3074 l<
583 3034 627 3072 et
671 3033 825 3072 notam
871 3032 1150 3072 numeralem
1195 3034 1233 3073 Δ
1279 3032 1507 3072 contineat
1551 3031 1624 3072 hic
1668 3030 1714 3072 in
1758 3030 1906 3083 lapide
1949 3040 2048 3070 esse
2086 3030 2218 3071 docet

243 3105 473 3147 Wescher.
528 3104 666 3152 -Quod
705 3106 862 3145 contra
898 3114 981 3157 pro
1024 3103 1099 3144 illa
1135 3103 1326 3155 ligatura
1364 3103 1495 3145 Botta
1532 3103 1800 3158 simpliciter
1835 3103 2031 3143 litteram
2067 3105 2103 3144 Α
2141 3113 2216 3142 ex·
2292 3120 2294 3152 f

243 3178 383 3231 hibet,
415 3177 494 3218 sed
526 3174 672 3229 (ἔτους)
707 3164 764 3218 ιθ’
781 3178 856 3218 τοῦ
888 3163 927 3216 α’
946 3176 1068 3216 nullo
1090 3175 1225 3216 modo
1250 3175 1464 3228 explicari
1485 3186 1622 3229 posse
1644 3177 1766 3216 recte
1787 3175 1897 3216 dicit
1925 3175 1979 3215 M.
1998 3174 2042 3214 L.
2060 3173 2216 3215 Strack

242 3251 323 3291 Die
353 3250 569 3303 Dynastie
609 3249 689 3289 der
719 3248 969 3289 Ptolemaer
1009 3259 1050 3300 p.
1075 3250 1172 3288 242.
1233 3247 1446 3288 Eiusdem
1484 3248 1679 3301 duplicis
1717 3257 1858 3288 annos
1897 3246 2020 3298 regni
2060 3256 2216 3286 nume-

243 3322 373 3363 randi
403 3322 601 3374 rationis,
634 3332 690 3362 ex
719 3332 810 3374 qua
833 3320 1092 3373 Cleopatrae
1123 3331 1238 3360 anno
1271 3320 1530 3372 adiungitur
1559 3320 1677 3361 alius
1709 3330 1927 3360 numerus
1958 3317 2215 3370 quindecim

245 3396 372 3436 annis
404 3394 460 3435 ab
491 3395 565 3435 illo
598 3394 873 3447 discrepans,
906 3393 1134 3434 Strackius
1166 3392 1250 3432 alia
1281 3392 1488 3445 exempla
1517 3391 1647 3432 affert
1658 3403 1668 3444 ;
1709 3391 1909 3444 primum
1941 3388 2054 3430 duos
2085 3399 2215 3429 num·
2288 3405 2291 3412 ¹

246 3481 362 3523 mos,
402 3481 598 3522 quorum
630 3470 742 3510 alter
781 3467 900 3516 ἔτους
930 3456 1000 3510 κα’
1027 3470 1100 3509 τοῦ
1138 3465 1210 3508 καὶ
1248 3454 1296 3519 ς’,
1341 3467 1453 3508 alter
1495 3470 1524 3509 Ι.
1543 3455 1580 3514 ς’
1616 3454 1732 3508 Ι.α’κ’
1775 3464 1913 3506 hahet
1955 3463 2218 3516 (Feuardent

244 3541 607 3594 Numismatique
642 3542 697 3582 de
727 3530 932 3595 I’Egypte
964 3541 1176 3582 ancienne
1206 3540 1224 3579 I
1256 3549 1298 3592 p.
1330 3541 1407 3579 424
1441 3550 1482 3579 n.
1516 3540 1609 3579 444.
1646 3549 1687 3591 p.
1718 3539 1798 3578 435
1831 3548 1872 3576 n.
1898 3536 2007 3589 448),
2055 3535 2215 3576 deinde

244 3613 429 3655 titulum
454 3617 548 3666 496,
568 3616 642 3654 43ε
685 3601 770 3654 Lx'
797 3616 872 3655 τοῦ
903 3612 977 3654 καὶ
1007 3600 1042 3653 ε’
1063 3607 1307 3666 (Dammae)
1341 3598 1391 3651 α’.
1443 3610 1520 3650 His
1552 3609 1763 3651 omnibus
1793 3608 1924 3662 plane
1954 3607 2214 3648 confirmari

244 3696 363 3738 quae
394 3685 672 3738 Porphyrius
712 3685 833 3738 apud
863 3685 1110 3726 Eusebium
1141 3683 1304 3734 Chr0n‚
1338 3683 1355 3721 I
1386 3693 1429 3734 p.
1455 3685 1550 3735 ⁴70,
1575 3685 1712 3734 5sqq.
1757 3680 1956 3720 Schoene
1993 3681 2211 3720 narraret:
2284 3704 2286 3711 ι
