2314 3970
227 160 331 211 532
893 158 942 197 V.
989 158 1189 208 Regnum
1220 157 1534 198 Attalidarum.
2058 161 2215 212 [336—

2261 0 2306 171 l

2268 173 2288 225 ξ.

2268 225 2285 275 ³1³

371 332 593 400 φυλακῆι
644 328 648 397 Ι
692 332 789 379 τῶν
838 329 888 379 ἐν
937 327 1321 397 (Ιηλεταιρείαι2
1365 331 1545 397 τειχῶν
1599 328 1685 380 καὶ
1735 331 1902 381 πυλῶν
1947 330 1951 398 Ι
1993 329 2078 382 καὶ
2117 335 2213 384 τῶν
2270 317 2283 377 ἶ

369 413 479 485 περὶ
517 413 571 466 τὸ
613 411 921 481 Εὐμένειον3
963 413 1124 483 ἱερῶν,
1165 416 1257 465 τῶι
1296 414 1509 482 δήμωι4.

340 576 363 612 2
407 572 467 612 Cf.
501 584 541 612 n.
565 571 687 613 2663.
838 575 860 611 3
900 571 1150 612 Delubrum
1185 572 1399 612 Eumenis
1431 574 1447 611 Ι
1489 584 1578 613 non
1619 583 1701 624 per
1741 585 1953 625 magnum
1994 575 2215 626 temporis

225 645 422 696 spatium
455 646 560 696 post
590 644 723 684 finem
757 644 882 695 regni
913 644 1175 695 Pergameni
1206 645 1331 684 tanta
1361 654 1469 684 cura
1500 646 1819 685 conservatum
1851 656 1964 698 esse,
1997 647 2216 698 quantam
2279 674 2282 675 γ

223 717 296 755 hic
336 714 559 767 videmus,
599 716 697 756 iure
738 716 995 768 meritoque
1033 716 1192 756 statuit
1230 715 1428 755 Frankel.
1488 715 1544 756 At
1583 718 1687 768 post
1717 718 1883 768 regiam
1918 718 2107 758 domum
2140 729 2217 758 ex-

222 788 433 827 stinctam
476 787 657 828 illorum
690 798 819 828 sacra
849 798 940 827 non
972 787 1126 828 statim
1159 787 1327 827 abolita
1358 798 1457 827 esse
1489 787 1624 827 docet
1655 799 1696 829 n.
1722 791 1817 841 339,
1842 792 1915 829 ⁴6:
1946 794 2030 829 τῶν
2062 803 2107 830 τε
2141 787 2217 844 βα-

223 856 372 899 σιλέων
404 855 464 904 εἰς
496 855 620 905 θεοὺς
661 857 971 914 μεταστάντων.
1031 858 1192 909 Quare,
1235 859 1502 911 praesertim
1543 870 1647 899 cum
1690 859 1913 900 dedicatio
1956 865 2034 900 τῶν.
2075 858 2217 915 ὃήμωι

222 930 326 980 (not.
351 929 389 981 4)
421 929 589 970 liberae
620 930 898 983 reipublicae
928 931 1128 983 tempori
1169 929 1331 971 melius
1371 931 1613 971 convenire
1645 930 1866 983 videatur,
1906 931 2018 971 haec
2057 942 2216 972 monu-

222 1003 374 1042 menta
411 1003 622 1053 proximo
665 1003 770 1055 post
805 1002 941 1043 Attali
982 1002 1038 1041 Ill
1082 1003 1277 1042 mortem
1319 1002 1415 1053 (433
1449 1014 1486 1042 a.
1517 1002 1618 1043 Chr.
1651 1002 1708 1053 n.)
1756 1004 1962 1055 tempore
2009 1002 2214 1044 dedicata

221 1073 445 1114 existimo.
626 1077 646 1114 4
687 1074 859 1126 Populo
892 1074 1276 1126 Pergamenorum
1316 1073 1451 1114 talem
1491 1073 1825 1114 dedicationem
1867 1073 1963 1114 fieri
1996 1075 2214 1127 potuisse,

221 1145 329 1185 dum
363 1144 450 1186 sub
481 1156 618 1198 regno
639 1145 939 1187 Attalidarum
972 1147 1103 1198 esset,
1136 1145 1386 1198 praefracte
1418 1147 1552 1197 negat
1570 1145 1739 1198 Kaibel‚
1771 1146 2063 1198 pertinaciter
2091 1149 2216 1187 tenet

221 1217 420 1258 Frankel.
483 1217 548 1257 Ex
587 1217 757 1270 quibus
796 1220 990 1270 uterque
1030 1218 1141 1258 mihi
1180 1217 1329 1270 aliqua
1369 1228 1423 1258 ex
1462 1219 1592 1270 parte
1622 1228 1784 1258 verum
1818 1218 1987 1259 vidisse
2018 1218 2215 1259 videtur.

218 1287 424 1340 Namque
463 1288 586 1329 nullo
629 1289 765 1330 modo
808 1289 991 1341 quidem
1043 1287 1305 1330 incredibile
1343 1291 1425 1342 est,
1472 1290 1607 1330 etiam
1656 1289 1840 1341 regibus
1889 1289 2214 1342 superstitibus

218 1360 391 1412 populo
426 1360 597 1412 aliquid
618 1360 817 1401 dedicari
850 1361 1074 1413 potuisse;
1108 1361 1280 1402 scilicet
1306 1361 1448 1402 dativi
1478 1360 1540 1416 τῷ
1574 1359 1713 1416 δήμῳ,
1743 1361 1800 1418 τῇ
1830 1358 1964 1414 πόλει,
1996 1361 2050 1418 τῇ
2077 1359 2214 1420 βουλῇ

217 1430 291 1471 καὶ
328 1429 389 1486 τῷ
426 1429 551 1486 δήμῳ
592 1431 807 1473 aedificiis
845 1432 1036 1485 aliisque
1075 1432 1290 1485 operibus
1322 1433 1528 1485 inscripti
1567 1433 1847 1485 neutiquam,
1893 1434 1947 1473 ut
1984 1432 2214 1474 Kaibelius
2277 1463 2287 1481 ,Κ

219 1503 444 1555 opinatur,
485 1503 726 1556 populum,
767 1504 1013 1556 civitatem,
1046 1506 1254 1545 senatum
1286 1504 1332 1544 in
1364 1504 1555 1544 deorum
1586 1515 1778 1546 numero
1810 1503 1967 1545 haberi
1998 1504 2211 1557 indicant,
2278 1494 2314 1562 ΙΙ,

220 1574 297 1614 sed
339 1574 449 1614 nihil
489 1576 726 1616 enuntiant
772 1576 857 1616 nisi
898 1575 1054 1616 donari
1095 1575 1265 1628 aliquid
1314 1576 1482 1628 populo
1523 1577 1714 1629 eiusque
1753 1577 1860 1617 usui
1897 1576 2127 1629 destinari,
2167 1576 2214 1618 id
2278 1567 2290 1613 ἶ

2274 1605 2291 1627 ¹⁸
2313 1619 2314 1635 l

2267 1631 2293 1811 ἓ

2274 1814 2283 1828 Ι

2276 1866 2290 1909 ἱ
2312 1887 2314 1925 j

221 1645 343 1698 quod
374 1647 510 1687 etiam
545 1657 626 1699 per
656 1648 780 1699 regni
812 1649 1021 1700 tempora
1050 1647 1148 1688 fieri
1179 1649 1370 1700 poterat.
1430 1647 1515 1688 Sed
1546 1648 1592 1688 in
1625 1650 1923 1689 monumento
1963 1648 2211 1689 honorario

218 1729 323 1758 sane
361 1717 599 1770 probabile
642 1721 723 1772 est,
771 1719 978 1760 futurum
1017 1719 1155 1761 fuisse
1194 1722 1246 1760 ut
1285 1720 1403 1772 regis
1447 1721 1526 1760 aut
1565 1731 1726 1772 regum
1769 1720 2011 1773 appellatio
2052 1720 2212 1773 populi

217 1791 390 1830 nomini
421 1791 755 1844 adiungeretur.
815 1792 875 1832 Cl'.
909 1792 953 1832 C.
977 1793 1007 1832 I.
1029 1791 1117 1832 Att.
1150 1792 1220 1845 ΙΙΙ,
1255 1795 1321 1845 68,
1353 1795 1368 1832 4
1423 1784 1567 1848 Ἑστίᾳ
1602 1790 1675 1833 καὶ
1712 1787 1945 1835 Ἀπόλὶωνι
1981 1791 2054 1834 ’καὶ
2091 1789 2211 1838 θεοῖς

217 1857 448 1916 Σεβαστοῖς
478 1861 546 1903 καὶ
580 1862 633 1922 τῇ
679 1861 814 1920 βουλῇ
853 1862 907 1920 τῇ
942 1862 985 1913 ἐξ
1015 1858 1170 1918 Ἀρείου
1211 1862 1346 1920 πάγου
1384 1861 1457 1905 καὶ
1493 1863 1547 1922 τῇ
1583 1862 1723 1922 βουλῇ
1750 1869 1835 1905 τῶν
1874 1861 2106 1913 ἑξακοσίων
2136 1863 2211 1905 καὶ

215 1948 277 1990 τῳ
307 1931 448 1990 δήμῳ.

325 2160 431 2214 337
486 2166 630 2214 Basis
679 2166 952 2214 marmoris
1005 2166 1318 2215 subcaerulei
1366 2167 1574 2216 inventa
1627 2167 1678 2215 in
1723 2181 1871 2215 muro
1923 2141 2205 2231 Byzantino

216 2251 345 2300 arcis
384 2251 833 2315 Pergamenorum.
909 2251 998 2299 Ed.
1041 2252 1103 2299 M.
1134 2252 1352 2300 Frankel
1395 2251 1740 2302 Alterthiimer
1777 2266 1880 2301 von
1918 2252 2207 2316 Pergamon

214 2337 337 2400 vm,
371 2336 388 2384 4
437 2353 487 2402 p.
523 2335 622 2385 476
664 2353 711 2386 n.
743 2338 862 2386 250.

345 2473 410 2529 <O
452 2479 609 2547 δῆμος
652 2476 658 2547 Ι
699 2475 996 2548 Λυσάνδραν
1047 2477 1416 2549 Πρωτομάχου,
1460 2476 1465 2548 Ι
1507 2478 1778 2547 γενομένην
1824 2483 1913 2548 τῆς
1954 2474 2204 2548 ἈθηνᾶςῙ

304 2578 328 2617 5
363 2563 564 2633 ἱέρειαν,
610 2561 616 2634 Ι
659 2559 742 2633 ἐφ’
787 2564 847 2632 ἧς
896 2566 920 2615 ὁ
969 2566 1126 2634 δῆμος
1171 2563 1458 2633 κατεστάθη
1497 2563 1513 2634 ΙΙ
1551 2566 1622 2623 εἰς
1667 2565 1755 2635 τὴν
1801 2563 2008 2635 πάτριον
2049 2566 2277 2634 ὃημο-·

355 2649 578 2719 κρατίαν.

326 2809 519 2849 Litterae
557 2808 769 2859 volgares
819 2810 999 2860 praeter
1039 2810 1167 2849 ΝΠΣ.
1230 2809 1467 2850 Extremae
1513 2809 1669 2850 hastae
1710 2809 1885 2850 lineolis
1929 2810 2203 2850 transversis

212 2881 408 2920 ornatae.
576 2882 592 2918 4
639 2878 887 2919 Minervam
935 2879 1031 2919 sine
1081 2880 1349 2931 cognomine
1393 2882 1628 2932 praeterea
1675 2891 1763 2921 non
1812 2892 2054 2921 occurrere
2098 2883 2203 2934 post

211 2951 425 2991 Eumenis
448 2951 485 2990 II
507 2951 701 2991 aetatem
725 2950 755 3002 (4
770 2953 966 2991 97-459
991 2962 1029 2991 a.
1052 2951 1152 2991 Chr.
1176 2963 1232 3004 n.‚
1264 2951 1318 2992 cf.
1340 2951 1527 2992 Alterth.
1551 2963 1594 2993 v.
1616 2953 1864 3003 Pergamon
1886 2952 1998 3005 VIII,
2022 2955 2038 2992 4
2078 2963 2121 3005 p.
2147 2956 2199 2992 77

209 3034 250 3063 n.
277 3026 348 3063 454
399 3019 622 3073 [Βασιλεὺς
658 3017 874 3077 Εὐμέ]νης
912 3017 993 3074 [Διὶ
1031 3020 1115 3074 καὶ]
1155 3017 1340 3078 Ἀθηνᾶι)
1379 3023 1566 3065 adnotat
1603 3024 1810 3076 Franke13
1857 3035 1946 3076 qua
1988 3024 2073 3064 etsi
2114 3025 2202 3065 hoc

210 3095 558 3135 monumentum
589 3094 749 3146 utique
780 3094 1008 3134 recentius
1041 3094 1112 3146 sit,
1152 3096 1304 3135 tamen
1335 3095 1411 3135 illa
1448 3096 1636 3148 antiqua
1677 3096 1966 3148 simplicitate
2003 3096 2202 3148 appella-

2264 2454 2307 2566 ’ἕ

210 3149 359 3206 tionis⁸
380 3176 463 3206 nos
496 3166 684 3217 moneri,
717 3177 773 3205 ne
805 3165 862 3206 ad
892 3166 1027 3206 nimis
1058 3166 1239 3206 novicia
1272 3168 1475 3219 tempora
1509 3167 1851 3208 descendamus.
2020 3170 2044 3207 2
2086 3167 2199 3208 Cum

209 3239 253 3278 in
286 3238 418 3278 titulo
453 3238 496 3278 P.
521 3238 695 3278 Servilii
727 3238 914 3278 Isaurici
953 3237 1242 3290 proconsulis
1274 3250 1315 3278 n.
1342 3240 1437 3292 449,
1464 3241 1500 3279 4.
1526 3243 1549 3279 5
1583 3238 1783 3289 (Alterth.
1817 3251 1860 3279 v.
1893 3240 2015 3291 Perg.
2039 3238 2150 3291 VIII,
2174 3242 2197 3278 2
2276 3295 2278 3298 y

209 3321 251 3361 p.
283 3313 362 3350 288
396 3321 438 3350 n.
475 3309 569 3359 443)
610 3321 726 3350 anno
761 3312 811 3349 46
845 3321 882 3350 a.
917 3309 1018 3350 Chr.
1059 3310 1202 3350 inciso
1241 3310 1416 3361 legatur
1463 3308 1770 3351 ἀποδεδωκότα
1813 3314 1886 3365 τῆι
1931 3308 2057 3351 πόλει
2099 3309 2200 3356 τοὺς

210 3379 407 3438 πατρίους
447 3379 607 3436 νόμους
644 3378 719 3422 καὶ
766 3380 843 3436 τὴν
884 3379 1172 3437 δημοκρατίαν
1209 3378 1469 3435 ἀδούλωτον,
1515 3382 1638 3423 haud
1674 3381 2040 3435 improbabiliter
2075 3382 2198 3422 coni-

209 3453 298 3492 ciat
343 3453 586 3505 quispiam,
632 3452 752 3493 illius
797 3454 1021 3505 temporis
1067 3453 1188 3494 hunc
1229 3464 1413 3506 quoque
1458 3453 1658 3506 lapidem
1699 3464 1812 3495 esse.
1877 3453 1934 3494 At
1964 3453 2196 3494 Fabricius

209 3523 482 3575 scripturam
514 3525 650 3564 huius
683 3523 800 3563 tituli
834 3534 924 3564 non
957 3524 1147 3565 eandem
1178 3534 1291 3577 esse,
1332 3536 1470 3576 quam
1504 3525 1707 3566 Caesaris
1747 3526 1890 3566 aetate
1931 3524 2197 3565 exhiberent
2263 3515 2281 3588 ‘·{

208 3595 526 3647 inscriptiones
557 3597 868 3647 Pergamenae,
909 3596 989 3636 sed
1031 3596 1174 3636 multo
1214 3597 1542 3636 accuratiorem
1576 3598 1712 3648 atque
1754 3607 1853 3637 eam
1885 3596 2193 3648 potissimum,

2276 1430 2283 1449 ⁴—
2277 1358 2290 1382 ..ν
2281 1332 2287 1348 .-
2274 1171 2291 1323 :sn-omu·
2272 1079 2293 1163 eur
2267 805 2290 1068 „affirm-v*
2283 791 2285 793 -
2272 711 2285 758 a„

2278 2315 2309 2390 Ἰ

2305 2395 2308 2463 Ι

2305 2466 2307 2502 l

2266 2689 2307 2898 Ι
