2314 3970
159 181 264 234 650

844 180 1058 221 Addenda
1089 181 1134 221 et
1164 180 1448 232 Corrigenda.

274 353 435 395 diebus
465 354 545 406 qui
577 354 665 405 ipsi
696 363 744 393 se
775 353 1004 405 excipiant
1034 353 1226 394 alterum
1259 352 1654 408 duodetricesimo,
1686 355 1878 397 alterum
1910 357 2140 398 tricesimo

274 427 440 467 mensis
472 425 750 466 Macedonici
782 424 870 465 diei
900 425 1173 477 respondere
1204 425 1549 467 existimaveris.
1610 426 1723 468 Nam
1756 439 1860 469 cum
1892 430 2050 470 notum
2084 431 2143 471 sit

273 498 392 538 diem
431 497 645 537 ultimum
689 494 801 552 (ἔνην
841 494 913 537 καὶ
948 495 1060 548 νέαν)
1102 509 1127 538 a
1166 498 1347 539 Graecis
1389 499 1435 538 in
1475 500 1674 552 utroque
1714 502 1937 541 mensium
1979 512 2141 553 genere

273 570 408 609 etiam
439 566 648 626 τριακάδα
679 569 896 621 appellari
927 569 1220 610 consuevisse
1252 569 1319 620 (cf.
1350 570 1535 611 Procius
1557 571 1602 611 in
1624 571 1805 613 Hesiodi
1826 573 1938 626 Opp.
1971 574 2016 613 et
2045 573 2141 615 dies

273 653 313 681 v.
340 643 434 680 766.
487 640 630 681 Ideler
669 640 922 682 Handhuch
961 641 1041 682 der
1072 641 1415 694 Chronologiel
1455 653 1499 695 p.
1523 645 1619 685 284.
1650 644 1761 697 299),
1801 645 1910 685 nihil
1951 645 2142 698 impedit

271 713 517 765 quominus
548 713 594 752 in
624 713 711 753 illis
742 714 931 766 papyris
962 715 1070 755 nota
1099 701 1139 754 λ’
1165 714 1570 756 undetricesimum
1602 716 1771 757 mensis
1793 717 1893 757 cavi
1924 716 2044 757 diem
2076 718 2142 758 in-

270 784 410 825 dicari
440 786 710 826 statuamus.
770 785 822 826 Ut
859 786 999 838 igitur
1036 786 1148 827 haec
1189 797 1268 827 sex
1308 787 1567 828 testimonia
1605 788 1722 828 inter
1759 798 1809 829 se
1839 789 2140 840 consentiunt,

270 858 336 897 sic
367 856 558 898 adversa
588 856 734 898 fronte
763 859 966 910 pugnant
996 859 1041 898 et
1081 869 1187 899 cum
1220 859 1285 899 eis
1316 869 1433 911 quae
1464 859 1644 900 aliunde
1686 859 1741 900 de
1780 859 1907 901 fastis
1937 860 2142 902 Macedo-

270 929 382 970 nicis
423 930 725 981 cognovimus
770 931 814 970 et
863 941 968 971 cum
1008 932 1303 971 monumento
1344 930 1543 984 Canopio
1590 931 1645 983 (n.
1671 931 1752 983 56).
1812 931 1926 973 Nam
1973 933 2142 974 mensis

269 1001 383 1054 Tybi
414 1001 510 1042 dies
543 1001 845 1043 duodecimus
877 1014 992 1043 anno
1021 1003 1266 1044 Ptolemaei
1289 1003 1535 1055 Euergetae
1557 1004 1706 1056 primo
1730 1002 1875 1059 (24716
1898 1016 1935 1045 a.
1959 1005 2061 1046 Chr.
2083 1004 2142 1056 n.)

268 1075 445 1127 quarto,
488 1074 652 1114 tertius
684 1073 887 1115 decimus
919 1075 1079 1127 quinto
1111 1076 1280 1116 mensis
1310 1076 1459 1117 Martii
1500 1076 1589 1116 diei
1619 1076 1877 1129 respondet,
1918 1076 2143 1129 septimus

270 1145 474 1186 decimus
497 1146 551 1197 (n.
572 1149 639 1199 56,
663 1146 700 1198 3)
724 1158 840 1187 anno
864 1146 1068 1188 eiusdem
1091 1148 1209 1199 regis
1231 1159 1354 1188 nono
1377 1145 1521 1203 (23918
1545 1160 1583 1189 a.
1606 1148 1707 1189 Chr.
1730 1148 1786 1200 n.)
1819 1149 1865 1189 in
1896 1149 2143 1201 septimum

267 1217 472 1258 eiusdem
502 1218 671 1259 mensis
693 1218 852 1259 Iuliani
881 1219 1050 1260 incidit.
1092 1218 1149 1260 At
1171 1219 1406 1272 quomodo
1430 1220 1578 1261 eidem
1601 1220 1696 1261 dies
1726 1220 1978 1262 secundum
1998 1222 2143 1263 Mace-

267 1289 438 1330 donum
481 1290 703 1331 rationem
746 1291 822 1331 illo
861 1291 1045 1343 quidem
1079 1303 1195 1332 anno
1229 1292 1396 1333 mensis
1429 1292 1652 1346 Gorpiaei‚
1693 1293 1771 1345 qui
1803 1294 1872 1334 est
1902 1293 2142 1334 Athenien·

269 1362 388 1402 sium
427 1363 699 1415 Metagitnio,
742 1363 1052 1404 Romanorum
1092 1363 1183 1404 fere
1223 1363 1470 1417 Augustus,
1509 1365 1669 1417 paucis
1707 1376 1819 1406 vero
1866 1365 1994 1406 annis
2038 1367 2144 1418 post

265 1433 476 1487 Apellaei,
517 1435 596 1487 qui
643 1435 892 1487 respondet
930 1436 1296 1477 Maemacterioni
1326 1435 1489 1488 Attico,
1527 1436 1778 1479 Novembri
1815 1437 2003 1491 Iuliano,
2041 1448 2142 1479 esse

265 1504 493 1559 possunt?
555 1506 671 1555 Quid
702 1507 830 1559 quod
860 1506 967 1548 alibi
999 1509 1135 1549 etiam
1167 1509 1255 1561 ipsi
1294 1509 1460 1562 papyri
1489 1509 1798 1561 Magdolenses
1829 1509 1948 1550 inter
1977 1520 2026 1551 se
2055 1510 2143 1551 hoc

264 1579 447 1620 nomine
478 1579 734 1620 incredibili
755 1580 894 1622 modo
918 1579 1221 1622 dissentiunt?
1272 1579 1402 1634 Nam,
1433 1582 1486 1622 ut
1515 1582 1773 1624 certissimo
1793 1582 2003 1635 exemplo
2025 1584 2142 1636 utar,

265 1662 308 1703 p.
335 1653 414 1691 447
447 1662 488 1693 n.
511 1651 605 1704 ΧΠ,
631 1654 682 1690 46
715 1652 907 1703 legimus
941 1640 1018 1693 1.ὃ’
1048 1648 1148 1694 Δίου
1179 1641 1218 1709 γ’
1247 1648 1464 1707 Φαμενὼθ
1492 1641 1575 1708 κη’,
1616 1665 1660 1706 p.
1685 1656 1766 1694 408
1791 1665 1832 1694 n.
1847 1653 1920 1706 VI,
1944 1656 1997 1694 48
2029 1665 2140 1694 vero

265 1710 364 1775 [Ι-]ε’
399 1719 502 1764 Δίου
545 1714 606 1764 κε’
636 1720 780 1780 Χοιὰχ
823 1712 884 1780 ιγ’.
944 1723 1059 1765 Anni
1101 1721 1232 1780 24413
1275 1726 1321 1765 et
1359 1722 1488 1780 24312
1521 1737 1559 1766 a.
1593 1725 1694 1767 Chr.
1728 1727 1846 1766 sunt.
1906 1725 1973 1767 Ex
2013 1725 2140 1767 fastis

266 1795 566 1836 Macedonicis
598 1807 708 1837 vero
740 1796 854 1837 alter
884 1808 1089 1850 papyrus
1121 1797 1241 1838 diem
1271 1797 1471 1838 indicare
1501 1798 1696 1851 videtur,
1727 1799 1808 1851 qui
1835 1798 1995 1850 vigint-i
2026 1798 2140 1839 duo-

264 1867 351 1908 bus
383 1867 544 1909 diebus
575 1869 870 1920 posterior
900 1871 970 1910 est
999 1870 1045 1910 in
1077 1870 1181 1924 anni
1213 1869 1385 1923 ordine,
1417 1881 1556 1923 quam
1586 1871 1659 1911 ille
1691 1871 1829 1923 prior.
1889 1870 1947 1911 At
1976 1871 2139 1912 tertius

266 1938 469 1980 decimus
501 1940 671 1980 mensis
703 1940 872 1982 Choiak
903 1941 999 1982 dies
1031 1941 1403 1994 duodevigesimo
1443 1942 1613 1983 mensis
1644 1942 1924 1983 Phamenoth
1954 1942 2141 1994 integris

265 2013 449 2052 centum
481 2012 681 2065 quinque
713 2012 874 2054 diebus
905 2014 1154 2066 priorem
1186 2014 1338 2055 locum
1371 2013 1545 2055 obtinet
1574 2015 1619 2054 in
1644 2014 1771 2055 fastis
1793 2014 2139 2067 Aegyptiorum.

267 2083 414 2132 Quare
444 2096 500 2125 ex
530 2086 600 2126 his
633 2085 844 2127 omnibus
875 2087 1149 2127 testimoniis
1181 2087 1219 2127 si
1250 2087 1361 2139 quid
1381 2086 1514 2129 video
1545 2087 1655 2128 nihil
1687 2087 1890 2140 discitur,
1923 2087 2011 2128 nisi
2040 2088 2139 2127 tum

265 2158 487 2210 temporis
509 2157 854 2199 Macedonicum
877 2159 981 2199 anni
1013 2158 1218 2199 ordinem
1251 2159 1296 2199 in
1318 2159 1525 2212 Aegypto
1557 2160 1724 2199 mirum
1757 2160 1804 2199 in
1825 2158 2013 2200 modum
2044 2161 2140 2199 tur-

265 2229 425 2270 batum
455 2229 608 2283 fuisse,
651 2241 767 2283 quae
798 2231 894 2271 sine
926 2230 1066 2272 dubio
1097 2231 1316 2284 primaria
1346 2231 1431 2272 fuit
1461 2242 1612 2285 causa,
1654 2242 1736 2272 cur
1773 2232 2004 2284 aliquanto
2033 2233 2141 2284 post

265 2301 529 2343 nominibus
560 2303 788 2344 mensium
819 2303 956 2344 modo
995 2314 1051 2344 ex
1081 2303 1378 2345 Macedonum
1409 2304 1587 2345 ratione
1626 2305 1894 2345 conservata
1931 2304 2034 2345 unis
2073 2304 2140 2344 in-

265 2374 529 2427 digenarum
562 2374 689 2416 fastis
719 2376 787 2416 uti
818 2376 1082 2429 inciperent.

150 2447 194 2488 P.
220 2449 298 2488 440
333 2458 374 2488 n.
398 2451 449 2489 57
482 2449 577 2488 not.
601 2451 639 2488 2.
700 2448 1009 2490 Ptolemaeum
1031 2448 1376 2502 Philadelphum
1398 2448 1640 2501 significari
1670 2448 1865 2502 ideoque
1886 2449 1973 2491 hoc
1994 2448 2140 2490 Lissa-

265 2520 415 2560 tarum
437 2519 672 2560 decretum
694 2531 810 2561 anno
842 2517 988 2575 27817,
1021 2521 1213 2562 alterum
1244 2533 1286 2562 n.
1311 2524 1363 2561 58
1397 2532 1513 2562 anno
1536 2517 1666 2576 27514
1699 2520 1869 2562 factum
1892 2531 1992 2562 esse
2019 2532 2140 2562 nunc

265 2602 319 2631 ex
350 2592 483 2632 tertio
515 2592 721 2633 eiusdem
753 2593 929 2644 generis
961 2594 1107 2647 titulo,
1148 2604 1289 2646 quem
1319 2594 1366 2634 in
1396 2593 1648 2647 appendice
1678 2593 1922 2634 voluminis
1954 2593 2139 2634 alterius

264 2664 536 2717 repetemus,
588 2664 918 2707 demonstravit
959 2666 1014 2707 M.
1037 2666 1082 2707 L.
1106 2666 1264 2707 Strack
1301 2666 1469 2707 Archiv
1506 2665 1580 2707 fiir
1615 2665 2070 2720 Papyrusforschung
2100 2666 2139 2705 II

266 2746 310 2787 p.
335 2738 431 2776 542.

149 2807 194 2847 Ρ.
218 2810 301 2847 427
332 2819 374 2848 n.
399 2811 465 2849 78.
525 2808 590 2848 De
621 2808 983 2851 Ptolemaeorum
1016 2809 1183 2862 opibus
1221 2811 1269 2851 in
1306 2810 1454 2851 insula
1484 2809 1628 2851 Lesbo
1668 2809 1721 2851 cf.
1753 2811 1890 2851 etiam
1919 2809 2138 2850 Tebtunis

264 2880 429 2932 papyri
460 2880 478 2919 I
509 2891 552 2933 p.
579 2884 629 2921 68
662 2892 704 2921 n.
729 2884 767 2934 8,
793 2885 839 2922 6:
888 2875 1174 2937 Ἀφροδισίων
1216 2879 1453 2939 χρημάτων
1491 2881 1565 2924 ’καὶ
1603 2879 1715 2923 σίτου
1755 2879 1829 2924 ’καὶ
1863 2886 1949 2922 τῶν
1989 2878 2136 2923 ἄλλων

266 2950 438 3008 φό[ρων]
468 2957 552 2993 τῶν
585 2949 859 3009 ὑπαρξάντων
892 2951 934 2994 ἐν
966 2956 1058 2999 τοῖς
1092 2951 1202 2995 κατὰ
1231 2951 1398 3009 Λέσβον
1428 2952 1502 2996 ’καὶ
1533 2950 1722 3011 Θράικην
1752 2951 1898 3000 τόποις
1929 2950 2137 3009 διασάφη-

266 3024 364 3075 (σον)
397 3022 433 3064 εἰ
468 3022 735 3081 μετείληφεν.
797 3025 1018 3073 Quartum
1051 3037 1220 3067 annum
1262 3026 1348 3078 (τοῦ
1381 3014 1418 3067 δ’
1440 3028 1470 3066 Ι.
1501 3037 1542 3067 v.
1568 3026 1649 3080 33),
1691 3038 1784 3079 quo
1825 3026 1937 3067 haec
1967 3025 2138 3078 scripta

264 3096 366 3148 sint,
407 3097 652 3138 Ptolemaei
680 3097 718 3137 V
749 3097 995 3150 Epiphanis
1027 3109 1140 3151 esse,
1179 3099 1207 3139 i.
1231 3109 1268 3140 e.
1303 3095 1426 3153 20214
1457 3111 1495 3140 a.
1529 3099 1628 3140 Chr.
1659 3110 1716 3152 n.,
1749 3097 2003 3139 rationibus
2033 3108 2136 3150 per-

262 3179 401 3220 quam
434 3168 748 3221 probabilibus
779 3169 1097 3211 demonstrant
1125 3170 1339 3211 editores.

147 3240 192 3281 P.
218 3243 299 3280 469
332 3252 373 3281 n.
398 3242 449 3281 94
484 3243 574 3282 not.
600 3244 637 3282 4.
699 3242 927 3283 Letronnii
968 3242 1346 3296 emendationem,
1383 3243 1663 3284 lenissimam
1701 3253 1822 3295 sane,
1861 3243 2014 3283 tamen
2043 3252 2136 3282 non

263 3314 565 3354 necessariam
599 3324 712 3366 esse,
746 3314 824 3355 sed
855 3314 979 3367 quod
1009 3315 1056 3356 in
1085 3315 1293 3368 exemplo
1316 3315 1534 3368 Lepsiano
1557 3315 1762 3356 omnium
1793 3313 2136 3355 accuratissimo

265 3385 325 3425 sit
356 3379 545 3442 Ἐργέως
590 3387 713 3427 recte
757 3398 805 3428 se
844 3387 1011 3428 habere
1052 3398 1174 3429 nunc
1217 3388 1329 3428 mihi
1373 3399 1644 3441 persuasum
1686 3389 1768 3441 est,
1814 3388 1922 3440 quia
1966 3397 2133 3428 nomen

263 3450 439 3514 Ἐργεύς
469 3459 591 3500 haud
621 3459 882 3512 infrequens
922 3460 1063 3501 fuisse
1103 3461 1148 3501 in
1178 3460 1386 3513 Aegypto
1419 3462 1646 3502 testantur
1675 3459 1892 3501 Tebtunis
1922 3460 2088 3512 papyri
2117 3461 2136 3500 I

266 3532 408 3580 p.236
441 3541 482 3571 n.
509 3533 575 3583 62,
600 3533 665 3572 49.
705 3543 748 3584 p.
768 3535 850 3572 252
882 3544 924 3574 n.
949 3535 1016 3585 63,
1041 3535 1108 3574 28.
1148 3543 1192 3585 p.
1211 3535 1284 3573 264
1325 3535 1452 3585 n.64‚
1477 3537 1514 3574 9.
1556 3544 1598 3585 p.
1623 3535 1703 3573 355
1729 3544 1769 3572 n.
1791 3535 1856 3585 83,
1881 3535 1948 3572 22.
1988 3543 2031 3584 p.
2052 3534 2134 3571 397

265 3611 306 3640 n.
335 3604 400 3652 88,
433 3605 499 3652 53.
546 3613 589 3655 p.
617 3605 697 3644 432
732 3615 773 3644 n.
801 3607 867 3656 98,
897 3607 963 3645 36.
1009 3615 1052 3657 p.
1080 3607 1159 3645 470
1199 3615 1240 3646 n.
1270 3607 1367 3657 44ο,
1395 3607 1434 3645 2.
1463 3608 1501 3647 3.
1549 3615 1592 3657 p.
1620 3606 1692 3644 474
1723 3615 1765 3645 n.
1786 3606 1937 3657 444,4.
1983 3614 2026 3656 p.
2051 3606 2131 3644 506

265 3674 419 3726 n.42i,
443 3676 540 3715 422.
570 3678 706 3727 0525
730 3687 770 3716 n.
789 3677 884 3730 474,
915 3677 967 3717 ut
987 3677 1196 3718 omittam
1215 3676 1355 3730 locos,
1387 3675 1468 3718 ubi
1501 3677 1532 3718 Γ
1561 3676 1712 3717 littera
1732 3676 1904 3717 incerta
1933 3675 2132 3716 notatur.
