2314 3970
93 203 191 256 296]
703 201 879 242 Attalus
911 202 928 241 1
960 213 1063 242 cum
1096 212 1238 242 uxore
1269 203 1314 241 et
1342 201 1457 241 filiis.
1968 203 2069 251 465

95 379 197 430 295
239 374 593 444 [Φιλέταιρον9
643 374 906 445 βα]σιλέως
947 370 1201 444 Ἀ[ττάλου
1244 372 1250 446 Ι
1293 372 1587 445 Μηνογένης
1637 370 1996 444 Μη]νοφάντου
2043 374 2068 425 ὁ

12 462 14 468 ’
235 457 315 512 ἐπὶ
359 459 475 530 [τῶν
524 459 530 531 Ι
580 458 908 532 πραγμάτων,
961 461 1160 532 ἀρ]ετῆς
1210 462 1373 514 ἕνεκεν
1420 460 1505 514 καὶ
1552 461 1766 530 εό[νοίας
1809 458 1814 530 1
1855 464 1943 530 τῆς
1981 459 2070 528 εἰς]

234 548 424 600 ἑαυτόν.

61 661 192 755 ‚296
233 652 555 726 [’A{)]42vaz0[v
571 659 613 692 10
652 657 898 728 βασιλέως
941 653 1177 709 Ἀττάλου
1220 655 1225 726 Ι
1270 654 1600 726 Μη]νογέν[ης
1642 653 2020 728 Μην]οφά[ντου
2062 654 2069 725 Ι

89 855 308 910 permissa
348 856 430 895 est.
491 855 539 895 In
578 854 917 895 Seleucidarum
956 864 1094 906 regno
1135 853 1324 894 eandem
1365 854 1502 894 huius
1543 853 1678 894 officii
1721 854 2068 907 appellationem

87 929 298 970 usitatam
330 926 468 968 fuisse
499 927 757 968 Frankelius
789 926 1118 968 demonstravit
1139 926 1284 967 allatis
1306 926 1581 966 testimoniis
1603 926 1782 979 Polybii
1803 926 1855 979 V,
1880 929 1944 979 44,
1970 929 2006 967 4.
2030 929 2069 979 2,

18 1018 19 1023 ’
87 1000 264 1054 Iosephi
294 999 394 1041 Ant.
416 1000 510 1053 XII,
534 1003 630 1053 295,
663 999 1034 1041 Maccahaeorum
1057 997 1159 1039 libri
1180 999 1231 1051 II,
1257 1001 1293 1051 3,
1318 1002 1340 1039 7
1374 998 1569 1039 ettituli
1600 1009 1642 1039 n.
1668 1000 1763 1051 247,
1787 1001 1825 1039 3.
1851 1000 1888 1039 [ι.
1940 998 2071 1046 Quod

87 1073 245 1114 contra
281 1072 502 1125 pluralem
544 1071 584 1113 οἱ
624 1070 692 1113 ἐπὶ
728 1076 812 1113 τῶν
851 1068 1110 1129 πραγμάτων
1151 1081 1308 1111 omnes
1347 1071 1638 1123 magistratus
1677 1071 1935 1123 superiores
1976 1082 2068 1113 non

20 1181 21 1187 ,
57 1145 224 1203 jmodo
262 1145 342 1197 qui
383 1145 503 1185 circa
533 1145 684 1197 ipsum
716 1155 868 1196 regem
899 1143 1001 1196 sint,
1041 1143 1120 1184 sed
1151 1143 1288 1184 etiam
1328 1144 1550 1195 strategos
1589 1144 1634 1183 et
1665 1143 1924 1195 hyparchos
1966 1154 2070 1196 pro-

85 1217 338 1259 vinciarum
360 1216 744 1270 comprehendere
766 1217 955 1268 apparet
975 1226 1030 1255 ex
1062 1227 1101 1255 n.
1127 1218 1224 1267 234,
1248 1218 1300 1255 26
1331 1218 1420 1261 τοῖς
1454 1213 1523 1256 ἐπὶ
1552 1218 1636 1255 τῶν
1659 1213 1918 1271 πραγμάτων
1949 1229 2068 1256 τετα-

19 1302 23 1343 ι
51 1337 54 1340 ‚
83 1287 266 1345 γμένοις.
415 1293 438 1330 9
478 1289 653 1330 Tertius
674 1288 847 1329 AttaliI
879 1290 923 1328 et
944 1287 1224 1341 ApollonidIS
1248 1287 1380 1328 filius.
1435 1286 1495 1328 Cf.
1529 1287 1689 1328 titulos
1721 1287 1881 1328 allatos
1914 1288 2004 1328 not.
2031 1292 2068 1328 7.

20 1348 23 1364 ¹
86 1362 165 1404 Hic
204 1361 277 1403 vel
316 1362 432 1402 inter
470 1361 628 1403 fratres
669 1360 822 1402 favore
861 1371 964 1412 erga
1006 1360 1202 1401 Graecos
1243 1361 1288 1401 et
1326 1359 1478 1401 studio
1518 1360 1772 1401 litterarum
1812 1360 2070 1412 artiumque

85 1434 356 1476 Graecarum
386 1434 631 1474 eminuisse
663 1433 855 1474 videtur.
916 1432 1212 1473 Athenienses
1249 1433 1290 1473 ei
1322 1433 1553 1473 civitatem
1593 1432 1813 1474 dederunt
1851 1434 2069 1474 statuam-

85 1518 173 1561 que
203 1507 300 1547 eius
333 1507 568 1560 Olympiae
606 1505 931 1548 dedicaverunt
972 1505 1030 1557 (C.
1061 1506 1090 1546 Ι.
1124 1504 1211 1546 Att.
1243 1506 1294 1557 ΙΙ,
1329 1507 1426 1546 435.
1473 1504 1603 1558 Syll.2
1630 1506 1741 1559 299),
1784 1506 1881 1559 ipse
1919 1507 2075 1546 Musas

85 1579 393 1620 Heliconiadas
427 1578 674 1631 magnificis
706 1577 1028 1619 donationibus
1060 1579 1332 1630 prosecutus
1363 1579 1433 1618 est
1463 1579 1519 1631 (n.
1544 1581 1641 1631 340,
1665 1581 1702 1618 4.
1742 1580 1836 1631 344,
1861 1577 1900 1629 2)
1939 1579 2070 1619 item-

60 1636 65 1666 ³
84 1663 171 1706 que
192 1652 238 1692 in
258 1652 423 1693 vicinia
444 1652 616 1705 patriae
637 1662 747 1692 suae
766 1650 961 1704 Apollini
983 1650 1239 1692 Chresterio
1262 1651 1415 1691 nescio
1439 1650 1549 1703 quid
1572 1649 1798 1692 dedicavit
1822 1650 1876 1703 [n.
1902 1653 1996 1704 342,
2015 1650 2067 1702 2).

24 1735 27 1763 s
83 1722 290 1777 Pergami
322 1723 412 1765 duo
446 1725 544 1766 eius
575 1725 870 1766 monumenta
900 1724 1142 1765 honoraria
1169 1724 1402 1776 novimus;
1435 1723 1621 1764 alterius
1654 1722 1854 1775 (Alterth.
1878 1735 1919 1764 v.
1944 1723 2067 1775 Perg.

24 1782 27 1831 ί
84 1797 194 1850 VIII,
217 1800 240 1837 2
274 1808 316 1850 p.
341 1799 421 1839 504
454 1809 496 1838 n.
516 1797 649 1848 469α)
681 1797 841 1837 titulus
862 1796 1064 1837 Attalum
1087 1796 1123 1836 II
1155 1795 1338 1837 fratrem
1368 1796 1589 1837 maiorem
1610 1796 1878 1848 priusquam
1912 1806 2069 1846 regna-

25 1836 28 1879 *
85 1871 152 1911 ret
181 1870 300 1911 illius
332 1871 527 1911 statuam
560 1869 818 1922 erigendam
841 1879 1027 1910 curasse
1057 1867 1223 1921 prodit,
1256 1868 1442 1909 alterius
1474 1867 1673 1919 (Alterth.
1697 1879 1739 1909 v.
1762 1868 1886 1920 Perg.
1912 1867 2020 1921 VIII,
2044 1871 2058 1908 4

26 1924 29 1962 3
83 1953 126 1996 p.
150 1945 230 1982 440
264 1954 305 1983 n.
330 1943 425 1993 477)
467 1942 704 1995 inscriptio
746 1942 839 1982 tam
878 1941 1039 1982 mutila
1076 1942 1145 1982 est
1175 1942 1226 1982 ut
1262 1941 1365 1993 quis
1403 1940 1682 1982 dedicaverit
1712 1940 1861 1983 lateat.
1922 1940 2068 1981 Etiam

83 2015 265 2056 virtutis
295 2014 481 2056 bellicae
511 2014 645 2056 laude
682 2015 891 2056 floruisse
929 2013 1097 2055 indicat
1137 2014 1418 2067 epigramma
1447 2013 1624 2054 Delium
1667 2013 1785 2066 apud
1819 2013 2069 2066 Loewyum

28 2118 30 2129 .
82 2088 250 2129 Inschr.
283 2087 586 2140 griechischer
616 2086 857 2128 Bildhauer
894 2098 938 2140 p.
962 2090 1042 2128 409
1085 2098 1126 2127 n.
1151 2088 1257 2127 447:
1300 2086 1334 2128 ὦ
1375 2083 1516 2144 μάκαρ
1558 2086 1592 2128 ὦ
1632 2082 1871 2141 Φιλέταιρε,
1911 2083 1959 2126 σὺ
1998 2084 2071 2127 καὶ

82 2156 256 2203 θείοισιν
288 2157 448 2207 ἀοιδοῖς
477 2158 550 2201 καὶ
580 2157 830 2217 πλάστῃσιν,
861 2156 976 2212 ἅναξ,
1009 2156 1291 2214 εὐπαλάμοισι
1323 2156 1478 2214 μέλεις.
1531 2171 1572 2200 v.
1596 2161 1635 2200 5.
1661 2162 1704 2199 6:
1748 2157 1806 2205 ὥς
1838 2171 1940 2199 ποτε
1975 2156 2070 2199 δυσ·

29 2223 32 2300 }
82 2229 289 2287 πολέμοις
327 2228 539 2279 Γαλάταις
591 2229 695 2274 θοὸν
742 2227 866 2290 Ἄρεα
915 2228 1058 2286 μείξας
1095 2228 1258 2287 ἥλασας
1299 2228 1467 2272 οἰκείων
1514 2227 1676 2272 πολλὸν
1723 2226 1903 2286 ὕπερθεν
1944 2228 2069 2288 ὅρων.

29 2307 33 2334 ¹
81 2303 149 2346 Ad
180 2315 403 2357 quaenam
446 2305 737 2357 potissimum
769 2304 983 2345 Eumenis
1015 2314 1120 2344 cum
1153 2304 1319 2344 Galatis
1350 2304 1598 2344 certamina
1629 2303 1740 2344 haec
1770 2304 2070 2356 epigramma-

82 2377 140 2418 tis
172 2376 313 2418 verba
354 2376 628 2418 referrentur
665 2387 771 2418 sane
812 2375 1070 2417 dubit-atum
1109 2377 1197 2428 est;
1239 2375 1319 2417 sed
1353 2376 1559 2416 omnium
1591 2376 1787 2417 maxime
1819 2375 2070 2429 probabilis

83 2450 151 2490 est
182 2449 423 2490 Staehelini
453 2450 687 2501 sententia,
719 2449 774 2490 de
805 2448 922 2490 bello
955 2448 1044 2490 dici
1075 2448 1200 2501 quod
1227 2449 1452 2489 Eumenes
1484 2450 1590 2501 post
1619 2459 1779 2501 pacem
1811 2460 1836 2490 a
1857 2449 2069 2490 Romanis

81 2522 199 2563 inter
229 2522 381 2574 ipsum
420 2523 464 2562 et
494 2522 698 2563 Prusiam
730 2522 967 2575 Bithyniae
998 2532 1148 2574 regem
1188 2522 1473 2563 conciliatam
1512 2521 1732 2563 adversus
1774 2521 1952 2562 Galatas
1991 2523 2070 2575 qui

83 2593 266 2635 Prusiae
297 2595 407 2635 socii
440 2593 629 2635 fuissent
658 2605 913 2647 eorumque
949 2605 1100 2646 regem
1134 2594 1395 2647 Ortiagonta
1426 2594 1616 2646 gesserit
1647 2593 1816 2647 (Polyb.
1846 2594 1917 2647 111,
1953 2597 1990 2648 3,
2025 2598 2069 2635 6:

83 2663 181 2712 τοὺς
225 2662 409 2721 Εὐμένει
456 2665 683 2712 συστάντας
729 2664 835 2721 πρός
879 2680 924 2707 τε
969 2663 1179 2722 Προυσίαν
1233 2664 1307 2707 ’καὶ
1352 2662 1545 2713 Γαλάτας
1591 2663 1821 2721 πολέμους.
1898 2666 2070 2719 Trogus

85 2738 200 2792 prol.
225 2741 298 2779 32:
340 2735 396 2780 ὠη.
415 2735 532 2780 Asia
561 2736 723 2780 bellum
751 2736 808 2782 ab
828 2750 928 2794 φερε
947 2735 1151 2781 Eumene
1174 2740 1350 2794 yestum
1381 2737 1595 2781 adversus
1622 2735 1806 2781 Gallum
1831 2735 2070 2794 Ortiayon-

84 2811 184 2863 tem)
216 2822 332 2852 anno
367 2814 444 2852 483
480 2822 517 2852 a.
541 2811 640 2852 Chr.
664 2822 704 2852 n.
756 2810 816 2853 Cf.
842 2812 1065 2853 Staehelin
1097 2812 1363 2853 Gesehichte
1386 2811 1466 2853 der
1485 2812 1885 2853 Kleinasiatischen
1909 2812 2071 2853 Gallier

38 2939 39 2943 Ἰ
85 2893 129 2936 p.
162 2886 213 2924 78
231 2893 327 2936 sqq.
389 2884 438 2924 In
478 2883 616 2924 rebus
647 2883 842 2936 publicis
873 2884 1242 2926 administrandis
1273 2885 1457 2926 fratrem
1496 2885 1745 2926 Eumenem
1788 2884 1844 2925 ab
1890 2895 1944 2925 eo
1993 2884 2070 2925 ad-

37 2950 41 2996 l
85 2955 232 2996 iutum
269 2966 368 2997 esse
400 2957 588 3008 apparet
625 2966 679 2996 ex
710 2956 868 3008 Polyb.
890 2957 1090 3009 XXXIX,
1115 2961 1153 3010 7,
1185 2961 1221 2998 4.
1254 2961 1296 2998 2;
1345 2955 1409 2998 ὅτι
1441 2954 1611 3003 Πυθέας
1653 2955 1706 3010 ἦν
1745 2979 1803 2986 —-
1842 2955 1951 2998 κατὰ
1991 2955 2069 3011 τὴν

38 3013 41 3053 3
86 3024 299 3077 πολιτείαν
339 3025 498 3083 θρασὺς
536 3027 609 3069 καὶ
646 3026 920 3085 πλεονέκτης,
970 3029 1042 3071 καὶ
1081 3024 1128 3070 δι’
1163 3026 1383 3084 Εὐμένους
1424 3028 1497 3071 καὶ
1534 3026 1783 3084 Φιλεταίρου
1825 3041 2068 3082 σεσωματο-

40 3120 41 3128 1
87 3098 319 3154 ποιημένος
349 3098 418 3141 διὰ
438 3098 512 3147 τὰς
533 3100 844 3158 προειρημένας
875 3099 1022 3149 αἰτίας.
1073 3102 1200 3144 Anno
1223 3106 1297 3143 474
1328 3114 1364 3143 a.
1390 3102 1492 3144 Chr.
1523 3102 1749 3143 Eumenes
1778 3113 1883 3143 eum
1905 3101 2069 3143 Roma-

88 3171 157 3212 nis
189 3172 356 3213 auxilio
391 3173 610 3214 adversus
641 3173 854 3215 Perseum
885 3175 1072 3228 veniret,
1104 3175 1305 3216 Attalum
1335 3176 1380 3215 et
1409 3174 1690 3216 Athenaeum
1722 3174 1881 3216 fratres
1914 3185 2069 3216 secum

40 3229 45 3283 l
84 3241 230 3297 duxit,
261 3245 563 3286 Philetaerum
586 3245 789 3298 Pergami
819 3247 1001 3300 reliquit
1031 3247 1088 3288 ad
1119 3247 1309 3288 tutelam
1341 3247 1465 3299 regni
1498 3247 1604 3298 (Liv.
1627 3246 1753 3300 XLII,
1779 3250 1846 3300 55,
1871 3247 1923 3298 7).
1975 3246 2070 3288 Hoc

41 3290 48 3427 ἰ
90 3316 390 3357 novissimum
423 3317 477 3358 de
509 3329 561 3358 eo
593 3317 788 3359 traditur
812 3319 858 3360 in
887 3320 1062 3373 litteris,
1095 3331 1211 3373 quae
1234 3321 1428 3361 aetatem
1459 3319 1683 3372 tulerunt;
1717 3329 1864 3371 neque
1895 3319 1983 3360 hoc
2014 3318 2070 3359 ad

92 3397 246 3428 casum
286 3389 569 3430 referendum
613 3400 726 3443 esse,
765 3391 844 3431 sed
881 3403 930 3432 re
971 3404 1077 3433 vera
1120 3392 1321 3445 primum
1362 3402 1416 3432 ex
1455 3392 1673 3443 quattuor
1716 3390 1934 3432 fratribus
1979 3390 2069 3432 fato

43 3480 47 3503 s
92 3457 294 3501 functum
325 3462 642 3516 Philetaerum,
685 3473 739 3503 ex
770 3464 996 3506 nonnullis
1027 3464 1243 3506 Athenaei
1274 3463 1424 3505 fratris
1455 3463 1598 3504 titulis
1631 3463 1698 3516 (cf.
1731 3464 1822 3504 not.
1846 3463 1914 3515 40)
1946 3463 2070 3505 colli-

93 3531 286 3582 gendum
331 3535 412 3574 est.
561 3537 611 3574 40
651 3534 862 3576 Minimus
907 3538 1017 3578 natu
1064 3536 1130 3589 (cf.
1172 3537 1262 3576 not.
1295 3535 1333 3587 7)
1381 3546 1436 3576 ex
1476 3535 1612 3576 Attali
1649 3536 1666 3575 Ι
1711 3535 1827 3588 filiis,
1874 3535 1929 3576 de
1974 3547 2066 3588 quo

47 3663 49 3673 ,
93 3613 135 3644 v.
156 3603 200 3645 U.
221 3604 424 3647 Wilcken
455 3617 525 3659 ap.
558 3606 946 3660 Pauly-wissowa
974 3608 1409 3662 Realencyklopadie
1432 3609 1468 3648 II
1491 3611 1515 3648 2
1547 3620 1588 3661 p.
1613 3610 1723 3649 2024
1756 3619 1798 3649 n.
1823 3611 1888 3648 42.
1938 3607 2067 3649 Anno

47 3679 49 3717 ξ
95 3676 174 3725 489
206 3687 243 3717 a.
267 3677 365 3719 Chr.
399 3678 484 3720 sub
521 3678 656 3720 fratre
686 3678 834 3721 Attalo
865 3682 1141 3734 expeditioni
1175 3681 1250 3722 Cn.
1282 3680 1430 3722 Manlii
1461 3680 1669 3722 Volsonis
1701 3683 1858 3722 contra
1890 3681 2067 3722 Galatas

177 3757 525 3806 Dittenberger,
550 3761 707 3797 Orientis
731 3762 789 3797 Gr.
811 3763 917 3798 inser.
955 3764 983 3798 Ι.
1669 3769 1718 3806 30

16 912 19 947 ἰ
