2314 3970
236 209 303 257 50
908 204 957 244 11.
1009 203 1210 255 Regnum
1242 202 1523 254 Lagidarum.
2082 206 2112 258 [4
2127 210 2208 247 8-—

238 279 439 285 —————--
445 276 578 283 -.φ-ῳ.-
584 278 727 282 μ

234 378 553 430 1nscriptiones
575 378 768 417 Graecae
800 375 1012 415 metricae
1043 385 1094 414 ex
1129 373 1429 426 scriptoribus
1458 376 1637 427 praeter
1656 376 1969 429 Anthologiam
2000 377 2212 419 collectae

235 462 276 502 p.
301 453 352 490 96
384 461 424 490 n.
451 449 544 500 444)
578 447 760 489 adnotat
790 445 891 487 Ner.
1033 448 1056 484 2
1097 444 1157 485 Cf.
1190 456 1231 485 n.
1254 443 1344 486 472.
1393 445 1521 494 Quod
1543 446 1799 489 Neroutsos
1820 451 2006 501 propter
2036 450 2210 501 regium

234 533 398 563 nomen
431 532 546 562 anno
575 524 654 560 306
688 519 917 570 antiquius
949 528 1048 558 esse
1079 519 1211 569 negat
1251 520 1615 573 monumentum,
1655 519 1700 560 id
1738 521 1973 562 manifesto
2013 522 2134 562 recte
2165 533 2212 563 se

234 594 387 646 habet;
421 593 500 633 sed
530 592 654 644 quod
683 591 801 632 idem
832 592 1018 643 propter
1049 590 1233 631 honoris
1266 590 1491 632 vocabula
1523 588 1621 637 θεὸς
1655 587 1820 648 Σωτήρ,
1853 604 1969 646 quae
2002 593 2064 634 illi
2097 605 2212 634 anno

237 668 315 706 304
348 677 384 706 a.
417 665 516 705 Chr.
547 676 585 704 n.
627 662 766 704 indita
805 663 907 715 sint,
947 662 1020 702 hic
1061 662 1229 703 omissa
1267 663 1423 714 utique
1462 664 1565 703 ante
1595 663 1715 705 hunc
1755 675 1922 705 annum
1955 665 2210 706 dedicatum

234 738 404 789 statuit,
444 736 489 776 id
531 736 627 775 iure
668 734 823 775 reiecit
853 734 1022 775 Strack.
1083 733 1258 774 Etenim
1299 735 1346 775 in
1383 735 1483 787 ipsa
1521 734 1726 788 Aegypto
1771 737 2012 778 Ptolemaei
2042 737 2146 789 Lagi
2187 737 2212 778 f.

236 808 491 862 superstitis
512 807 686 848 nomini
709 803 807 852 θεός
830 817 1074 858 nunquam,
1108 802 1260 862 Σωτήρ
1292 806 1522 847 rarissime
1549 806 1807 860 adiungitur
1839 808 1905 860 (cf.
1928 819 1969 850 n.
1994 807 2086 850 463.
2112 809 2212 859 491).

343 1035 416 1089 19
467 1039 610 1088 Basis
649 1041 860 1102 statuae,
901 1038 952 1086 in
988 1052 1165 1087 museo
1205 1037 1435 1087 suburbii
1469 1034 1647 1088 Gixeh.
1711 1039 1788 1088 Ex
1826 1039 2124 1106 apographo
2150 1041 2214 1090 ab

233 1128 287 1176 A.
323 1126 684 1175 Wiedemanno
732 1128 940 1190 accepto
990 1125 1067 1173 ed.
1109 1124 1170 1173 M.
1208 1124 1261 1173 L.
1299 1124 1480 1174 Strack
1523 1124 1710 1174 Archiv
1756 1125 1838 1175 fiir
1874 1126 2216 1192 Papyrusfor-

236 1212 432 1277 schung
468 1213 490 1260 I
529 1210 567 1279 (i
584 1209 704 1276 890)
743 1227 793 1277 p.
824 1211 927 1261 200
967 1225 1015 1259 n.
1050 1210 1093 1259 4.

380 1351 607 1405 Βασιλέα
647 1350 962 1420 Πτολεμαῖον
1002 1351 1251 1422 Σωτῆρα1
1290 1351 1524 1412 Διόδοτος
1558 1348 1779 1423 Ἀχαιοῦ.

350 1520 466 1561 Infra
497 1520 617 1560 hunc
648 1519 831 1559 titulum
853 1518 1012 1560 eadem
1033 1529 1241 1560 sermone
1262 1519 1552 1572 Aegyptiam,
1584 1519 1810 1572 scriptura
1836 1519 2059 1561 demotica
2078 1530 2216 1573 quam

235 1594 392 1635 dicunt
421 1594 615 1633 exarata.
763 1595 778 1630 4
829 1591 1111 1632 Ptolemaeus
1142 1592 1160 1630 I
1193 1592 1433 1642 (306-285
1467 1603 1505 1632 a.
1529 1591 1658 1642 Chr.).
1718 1590 1833 1633 Nam
1866 1593 1944 1645 qui
1986 1594 2218 1645 praeterea

236 1668 322 1708 hoc
353 1664 620 1717 cognomine
650 1674 760 1704 usus
792 1665 861 1704 est
891 1663 1176 1704 Ptolemaeus
1207 1663 1248 1704 X
1286 1665 1474 1716 propter
1503 1662 1771 1705 brevitatem
1802 1665 1848 1705 et
1878 1665 2217 1717 simplicitatem

235 1738 355 1779 tituli
385 1738 458 1778 hic
488 1737 535 1777 in
566 1746 751 1777 censum
785 1747 874 1776 non
896 1736 1029 1776 venit.
1083 1735 1142 1777 Cf.
1176 1737 1273 1777 eius
1297 1736 1613 1789 inscriptiones
1641 1737 1905 1778 honorarias
1931 1748 1973 1777 n.
1997 1740 2093 1791 467,
2118 1741 2153 1778 4.
2178 1741 2216 1779 2.

238 1813 394 1862 469,4.
421 1813 458 1849 a.
499 1811 741 1861 ⁴70‚2—5.
785 1811 879 1861 474,
905 1811 1002 1848 42.
1044 1810 1139 1860 ⁴72,
1166 1811 1202 1848 3.
1229 1810 1265 1848 4.
1309 1810 1467 1861 ⁴73‚2.
1495 1811 1531 1850 3.
1594 1808 1659 1848 mi
1704 1819 1812 1850 vero
1859 1809 1946 1850 hoc
1985 1819 2150 1850 nomen
2192 1821 2217 1850 a

238 1882 416 1922 Graecis
455 1879 716 1921 civitatibus
755 1879 940 1932 quidem
982 1880 1072 1920 iam
1113 1880 1240 1932 prius
1272 1891 1410 1932 quam
1448 1891 1600 1932 regem
1632 1890 1681 1921 se
1711 1880 1927 1933 appellari
1957 1880 2107 1921 voluit
2135 1882 2218 1921 im-

235 1954 438 2006 positum
461 1953 541 1993 est.
580 1951 640 1992 Cf.
674 1963 714 1992 n.
741 1950 832 1991 462.
884 1951 940 1991 At
970 1951 1014 1991 in
1046 1951 1250 2004 Aegypto
1272 1952 1543 2004 plerumque
1571 1951 1626 1993 de
1649 1951 1857 1993 defuncto
1880 1952 2065 1993 demum
2086 1963 2219 1994 usur-

236 2027 371 2079 patur
402 2025 468 2077 (cf.
500 2025 555 2065 M.
578 2025 621 2065 L.
645 2024 803 2065 Strack
834 2025 914 2064 Die
945 2024 1162 2076 Dynastie
1194 2024 1271 2065 der
1293 2024 1544 2065 Ptolemaer
1574 2035 1616 2077 p.
1637 2025 1746 2076 428).
1799 2025 1884 2066 Sed
1906 2025 2098 2067 Graecos
2128 2026 2219 2066 illic

236 2098 447 2150 degentes
487 2098 577 2138 iam
616 2098 745 2137 antea
782 2107 1107 2148 nonnunquam
1138 2096 1430 2149 popularium
1469 2107 1658 2137 suorum
1697 2107 1874 2137 morem
1906 2099 2088 2138 secutos
2118 2108 2219 2139 esse
2309 2134 2314 2148 2

236 2170 309 2210 hic
339 2170 498 2210 titulus
531 2169 673 2210 docet.
735 2168 849 2209 Nam
882 2169 918 2209 is
951 2168 1109 2220 utique
1139 2168 1384 2221 superstite
1415 2179 1518 2220 rege
1549 2169 1761 2210 exaratus
1792 2170 1872 2209 est.

346 2396 421 2451 20
473 2400 624 2465 Lapis
664 2399 877 2449 effossus
924 2400 1054 2450 inter
1098 2399 1286 2449 rudera
1324 2399 1435 2449 Citii
1472 2404 1522 2450 et
1559 2400 1725 2450 illatus
1762 2401 1814 2448 in
1851 2400 2061 2450 domum
2099 2415 2220 2451 con-
2300 2365 2314 2412 ξ

237 2486 358 2536 sulis
397 2486 670 2535 Britannici
707 2487 758 2534 in
798 2486 987 2551 oppido
1025 2482 1298 2535 Larmka.
1365 2486 1488 2535 Edd.
1532 2486 1714 2536 Sestini
1738 2486 1946 2552 Viaggio
1985 2487 2050 2536 da
2090 2486 2220 2558 Con-

238 2572 563 2637 stantinopoli
610 2586 641 2620 a
677 2573 897 2622 Bassora
934 2573 976 2621 Π
1013 2588 1063 2638 p.
1105 2572 1221 2622 ⁴44.
1294 2573 1396 2622 Jos.
1433 2586 1536 2622 von
1572 2573 1815 2623 Hammer
1861 2574 2079 2640 Topogr.
2118 2573 2219 2623 An-

239 2657 433 2707 sichten
471 2657 564 2707 auf
585 2658 722 2707 einer
751 2659 896 2707 Reise
920 2659 971 2707 in
999 2658 1078 2708 die
1104 2660 1327 2709 Levante
1364 2674 1415 2724 p.
1448 2658 1548 2707 ⁴76
1588 2674 1636 2707 n.
1669 2659 1734 2708 42
1775 2656 1997 2726 (Boeckh
2023 2659 2073 2710 C.
2097 2661 2133 2710 Ι.
2158 2660 2214 2711 G.
2299 2691 2302 2694 ·

239 2744 396 2793 2644.
462 2744 524 2792 Μ.
554 2744 607 2792 L.
639 2743 818 2793 Strack
856 2745 946 2793 Die
980 2745 1221 2809 Dynastie
1258 2745 1349 2794 der
1383 2745 1670 2794 Ptolemaer
1704 2761 1756 2810 p.
1786 2732 1889 2795 249
1929 2760 1977 2796 n.
2008 2744 2073 2811 3).
2140 2746 2212 2796 Cf.

241 2844 371 2894 quae
410 2829 798 2895 disputaverunt
834 2831 875 2879 J.
906 2830 960 2879 G.
991 2831 1223 2895 Droysen
1261 2831 1336 2879 Kl.
1368 2829 1620 2880 Schriften
1658 2831 1701 2879 Π
1738 2846 1789 2895 p.
1819 2831 1922 2880 398
1961 2836 2063 2882 not.
2095 2832 2125 2880 5
2167 2836 2218 2882 et

239 2916 297 2965 U.
326 2915 553 2965 Wilcken
589 2915 707 2965 ibid.
747 2915 991 2966 Addenda
1026 2933 1075 2982 p.
1109 2917 1227 2965 439.

383 3053 728 3127 [Β]ερενίκην1
764 3056 853 3127 τὴν
897 3056 1141 3126 βασιλέως
1181 3055 1549 3126 Πτολεμαίοῄ)2
1577 3056 1581 3126 Ι
1610 3056 1839 3127 γ]υναῖκα
1879 3056 2216 3120 Ποσείδιππος

355 3223 546 3264 Litterae
587 3223 794 3276 volgares
833 3223 1011 3275 praeter
1049 3224 1143 3276 ΠΣ,
1183 3224 1221 3264 si
1261 3223 1399 3265 modo
1438 3223 1710 3277 apographis
1749 3223 1859 3265 fides
1898 3223 2104 3266 habenda
2134 3227 2214 3267 est.

243 3297 257 3333 4
308 3294 413 3335 Tres
464 3295 602 3336 fuisse
641 3296 875 3337 Berenicas
925 3306 1083 3348 regum
1120 3294 1313 3349 Aegypti
1351 3295 1563 3348 coniuges
1605 3297 1759 3337 monet
1797 3296 2017 3350 Droysen,
2064 3297 2216 3338 Ptole-

242 3366 358 3406 maei
389 3366 406 3404 Ι
438 3367 620 3419 Soteris,
654 3368 894 3408 Ptolemaei
925 3368 982 3408 111
1014 3367 1272 3420 Euergetae,
1314 3367 1557 3408 Ptolemaei
1588 3368 1648 3408 XI
1679 3367 1918 3410 Alexandri
1949 3369 1987 3420 I;
2030 3379 2086 3409 ex
2117 3369 2215 3422 qui-

243 3436 328 3477 bus
372 3439 550 3478 tertiam
599 3440 672 3480 hic
717 3440 939 3492 designari
985 3440 1140 3481 videri.
1201 3440 1258 3480 At
1297 3440 1475 3482 Boeckh
1515 3441 1559 3480 et
1599 3440 1803 3481 Wilcken
1845 3442 2030 3492 propter
2067 3441 2216 3482 Bo‘isci

241 3519 406 3550 nomen
450 3511 646 3551 maxime
692 3512 930 3564 probabile
981 3513 1252 3565 existimant,
1305 3512 1361 3553 ad
1402 3511 1643 3554 Ptolemaei
1688 3513 1706 3552 I
1753 3512 1860 3565 Lagi
1895 3511 1921 3552 f.
1977 3513 2215 3565 coniugem
2300 3521 2303 3536 ¹

242 3579 297 3630 (n.
324 3579 414 3630 441)
446 3584 794 3624 monumentum
817 3584 1033 3635 spectare.
1167 3586 1190 3622 2
1231 3583 1450 3624 Sestinius
1472 3595 1514 3623 v.
1540 3586 1576 3623 4.
1602 3587 1640 3624 2.
1665 3586 1687 3623 3
1710 3583 1782 3624 fin.
1814 3583 2010 3623 maiores
2032 3583 2215 3625 lacunas
2297 3601 2300 3618 ι

242 3651 422 3706 indicat,
455 3652 666 3694 Hammer
697 3666 785 3696 non
816 3656 938 3710 item,
970 3656 1043 3697 cui
1075 3655 1220 3697 maior
1250 3654 1430 3696 videtur
1459 3654 1571 3696 fides
1602 3654 1819 3696 habenda.
