2314 3970
77 218 144 270 56]
563 217 807 258 Ptolemaei
836 217 894 257 III
925 218 1274 258 monumentum
1306 215 1572 269 Canopium.
1988 217 2055 266 97

221 388 610 456 συναντήσαντες
650 389 708 440 ἐκ
744 393 840 440 τῶν
878 385 1010 440 κατὰ
1049 387 1137 458 τὴν
1176 388 1350 458 χώραν
1393 388 1536 458 ἱερῶν
1556 389 1599 423 ¹⁵
1623 389 1694 446 εἰς
1721 387 1809 457 τὴν
1834 388 2060 457 πέμπτην

217 476 304 525 τοῦ
331 472 467 541 Δίου,
509 474 560 525 ἐν
599 474 656 542 ἧι
694 472 870 544 ἄγεται
907 471 970 526 τὰ
1009 475 1246 544 γενέθλια
1283 477 1370 526 τοῦ
1400 475 1406 544 Ι
1435 474 1700 544 βασιλέως,
1740 473 1826 525 καὶ
1865 474 1936 533 εἰς
1974 473 2063 545 τὴν

217 559 444 629 πέμπτην
493 558 581 611 καὶ
629 557 814 612 εἰκάδα
862 563 949 612 τοῦ
997 560 1150 611 αὐτοῦ
1191 560 1344 629 μηνός
1362 561 1418 627 1⁶,
1467 562 1518 613 ἐν
1556 560 1614 629 ἧι
1649 560 1936 631 παρέλαβεν
1974 559 2062 630 τὴν

223 644 480 717 βασιλείαν
536 642 676 716 παρὰ
734 649 823 699 τοῦ
879 646 1139 715 πατρόςῖΊ,
1203 645 1616 715 συνεδρεύσαντες
1677 645 1683 716 Ι
1740 646 1920 716 ταύτηι
1981 651 2065 716 τῆι

216 731 408 803 ἡμέραι
463 732 514 784 ἐν
570 735 662 785 τῶι
718 734 769 786 ἐν
821 730 1139 786 Κανώπωι18
1197 732 1337 802 ἱερῶι
1383 735 1480 784 τῶν
1528 731 1820 804 Εὐεργετῶν
1869 732 2002 786 θεῶν
2022 735 2065 769 ¹⁹

73 933 350 974 Herodotum
382 933 567 987 quidem
600 934 652 988 ΙΙ,
676 937 729 975 28
773 932 817 975 ἐν
849 929 1052 990 Αἰγύπτῳ
1093 931 1137 974 ἐν
1170 928 1252 975 Σοίϊ
1288 930 1390 974 πόλι
1422 931 1444 975 ὁ
1475 933 1799 991 γραμματιστὴς
1836 939 1921 977 τῶν
1961 933 2062 991 ἱρῶν

71 1003 307 1064 χρημάτων
337 1008 417 1062 τῆς
445 999 670 1062 Ἀθηναίης
701 1006 801 1058 legi,
841 1005 920 1046 sed
951 1015 1098 1057 neque
1129 1005 1320 1046 classem
1359 1005 1560 1059 aliquam
1601 1003 1973 1063 ἱερογραμματέων
2005 1007 2063 1048 ab

72 1088 126 1118 eo
167 1078 519 1119 commemorari
557 1089 704 1131 neque
741 1077 853 1118 illud
894 1076 1094 1118 officium
1134 1077 1273 1118 huius
1305 1077 1452 1117 simile
1494 1076 1634 1118 fuisse
1667 1076 1902 1131 observat;
1942 1079 2063 1132 apud

69 1149 323 1191 Diodorum
361 1150 547 1191 demum
586 1160 750 1191 nomen
782 1151 828 1190 et
857 1149 1092 1201 negotium
1125 1149 1247 1201 quod
1279 1149 1353 1190 hic
1384 1149 1661 1201 significetur
1695 1150 1843 1190 redire
1873 1151 1905 1204 Ι,
1931 1155 1997 1204 70,
2016 1155 2062 1191 9;

73 1219 180 1276 μετὰ
211 1219 257 1262 δὲ
283 1224 417 1264 ταῦτα
444 1224 520 1262 τοῦ
553 1219 764 1277 βασιλέως
796 1218 1211 1278 ἱεροσκοπησαμένου
1238 1218 1389 1278 μόσχῳ
1421 1219 1494 1262 καὶ
1522 1218 1896 1277 καλλιερήσαντος,
1929 1219 1951 1263 ὁ
1984 1220 2063 1277 μὲν

73 1291 433 1350 ἱερογραμματεὺς
465 1290 810 1350 παρανεγίνωσκέ
839 1306 957 1340 τινας
979 1290 1239 1350 συμβουλίας
1261 1291 1561 1350 συμφερούσας
1591 1292 1664 1335 καὶ
1695 1292 1865 1352 πράξεις
1897 1292 1947 1335 ἐκ
1977 1299 2061 1335 τῶν

72 1363 195 1421 ἱερῶν
229 1363 384 1421 βίβλων
415 1363 508 1407 κτλ.
541 1366 571 1419 Ι,
597 1368 664 1418 87,
689 1369 711 1405 8
746 1365 814 1418 (cf.
846 1367 938 1407 not.
963 1366 1044 1417 ⁴3).
1095 1366 1309 1407 Divinum
1343 1376 1452 1407 vero
1474 1365 1611 1407 huius
1643 1365 1778 1407 officii
1800 1366 2063 1420 exemplum

69 1437 343 1479 Mercurium
375 1437 514 1480 fuisse
544 1437 664 1479 idem
697 1437 833 1479 refert
861 1437 891 1491 Ι,
923 1441 991 1491 46,
1019 1440 1066 1478 2:
1113 1435 1185 1479 καὶ
1224 1435 1324 1483 τοὺς
1355 1432 1578 1494 ’Έλληνας
1620 1437 1784 1489 διδάξαι
1821 1441 1970 1480 τοῦτον
2011 1437 2065 1481 τὰ

70 1507 165 1565 περὶ
192 1508 268 1565 τὴν
292 1508 532 1566 ἑρμηνείαν,
566 1506 671 1567 ὑπὲρ
698 1510 755 1551 ὦν
781 1502 941 1567 Ἑρμῆν
975 1507 1099 1551 αὐτὸν
1132 1506 1395 1565 ὠνομάσθαι.
1433 1507 1624 1552 καθόλου
1660 1508 1706 1551 δὲ
1734 1508 1834 1557 τοὺς
1866 1509 1962 1568 περὶ
1991 1509 2062 1552 τὸν

69 1575 237 1636 ’Ὄσιριν
268 1584 417 1623 τοῦτον
448 1580 623 1638 ἔχοντας
649 1580 990 1640 ἱερογραμματέα
1018 1575 1162 1623 ἅπαντ’
1184 1579 1299 1638 αὐτῷ
1319 1580 1759 1640 προσανακοινοῦσθαι
1783 1580 1857 1624 καὶ
1880 1580 2063 1636 μάλιστα

71 1651 261 1712 χρῆσθαι
296 1653 350 1710 τῇ
388 1652 539 1695 τούτου
573 1651 823 1709 συμβουλίᾳ.
883 1653 1001 1694 Alibi
1041 1651 1144 1709 ἱεροὶ
1183 1657 1448 1710 γραμματεῖς
1497 1654 1660 1707 legitur
1703 1654 1871 1706 (Aelian
1900 1654 1974 1707 XI,
2009 1657 2059 1694 40

72 1737 114 1778 p.
139 1728 237 1778 274,
271 1727 293 1766 3
333 1725 559 1779 Hereher)‚
607 1727 686 1767 aut
723 1726 991 1779 simpliciter
1030 1729 1307 1783 γραμματεῖς.
1375 1726 1587 1767 Ceterum
1632 1728 1858 1779 egregiam
1901 1737 2061 1767 eorum

70 1797 209 1838 fuisse
239 1797 503 1850 dignitatem
535 1799 580 1838 et
611 1798 931 1839 auctoritatem
963 1799 1152 1850 apparet
1182 1808 1237 1838 ex
1269 1797 1512 1839 Clementis
1543 1797 1830 1839 Alexandrini
1864 1798 1969 1850 (not.
1994 1798 2060 1849 43)

70 1870 346 1910 narratione:
386 1867 484 1926 ἑξῆς
517 1868 564 1910 δὲ
596 1866 617 1910 ὁ
643 1867 1001 1926 ἱερογραμματεὺς
1032 1867 1301 1928 προέρχεται,
1334 1868 1447 1926 ἔχων
1479 1867 1613 1926 πτερὰ
1645 1867 1716 1911 ἐπὶ
1744 1875 1821 1925 τῆς
1852 1868 2060 1926 κεφαλῆς,

71 1938 230 1997 βιβλίον
264 1939 310 1982 δὲ
342 1939 384 1982 ἐν
416 1939 534 1999 χερσὶ
563 1939 635 1982 καὶ
664 1940 839 1995 κανόνα,
882 1940 925 1983 ἐν
957 1931 993 1997 ᾧ
1018 1939 1067 1982 τό
1099 1955 1144 1982 τε
1182 1940 1387 2000 γραφικὸν
1421 1939 1555 1997 μέλαν
1585 1939 1658 1983 καὶ
1690 1945 1862 2000 σχοῖνος
1894 1934 1932 1998 ᾦ
1961 1941 2061 1998 γρά-

70 2025 212 2070 φουσι.
250 2015 398 2054 τοῦτον
428 2011 482 2054 τοί
511 2026 556 2054 τε
598 2010 875 2071 ἱερογλυφικά
903 2011 1151 2068 καλούμενα
1181 2011 1277 2069 περί
1305 2027 1350 2054 τε
1380 2017 1458 2069 τῆς
1494 2012 1817 2071 κοσμογραφίας
1853 2012 1927 2056 καὶ
1956 2027 2061 2070 γεω-

68 2083 261 2141 γραφίας,
301 2087 379 2140 τῆς
416 2081 573 2133 τάξεως
614 2087 690 2126 τοῦ
728 2081 853 2140 ἡλίου
893 2084 967 2127 καὶ
996 2088 1076 2142 τῆς
1108 2083 1291 2141 σελήνης
1322 2084 1403 2127 ’καὶ
1433 2084 1529 2143 περὶ
1565 2092 1650 2127 τῶν
1689 2080 1723 2127 ε’
1755 2083 2062 2141 πλανωμένων,

68 2154 369 2215 χωρογραφίαν
399 2170 445 2198 τε
474 2160 552 2212 τῆς
583 2152 800 2212 Αἰγύπτου
831 2155 905 2198 καὶ
936 2160 1014 2214 τῆς
1043 2159 1118 2199 τοῦ
1150 2153 1312 2200 Νείλου
1346 2155 1584 2215 διαγραφῆς
1626 2156 1721 2213 περί
1751 2172 1796 2199 τε
1825 2162 1901 2213 τῆς
1930 2172 2062 2199 κατα-

67 2232 234 2287 γραφῆς
265 2233 421 2286 σκευῆς
451 2232 536 2270 τῶν
575 2226 698 2284 ἱερῶν
728 2228 801 2270 καὶ
839 2234 923 2270 τῶν
956 2227 1263 2286 ἀφιερωμένων
1296 2227 1441 2276 αὐτοῖς
1470 2227 1655 2287 χωρίων,
1694 2228 1788 2288 περί
1816 2243 1861 2270 τε
1895 2228 2060 2287 μέτρων

67 2299 139 2342 καὶ
167 2305 252 2342 τῶν
284 2299 327 2342 ἐν
356 2304 447 2347 τοῖς
480 2299 610 2359 ἱεροῖς
639 2298 865 2358 χρησίμων
897 2299 1052 2343 εἰδέναι
1082 2300 1181 2360 χρή.
1334 2304 1386 2343 45
1427 2301 1544 2342 Haec
1585 2302 1737 2342 omnia
1777 2302 1835 2342 ad
1864 2302 2059 2343 verbum

67 2371 259 2414 redeunt
289 2373 334 2414 in
365 2372 546 2414 decreto
578 2373 819 2413 Rosettano
852 2384 892 2413 n.
918 2376 986 2426 90,
1011 2376 1136 2413 6-8.
1286 2376 1338 2413 46
1378 2372 1438 2413 Cf.
1472 2384 1513 2413 n.
1540 2375 1607 2425 49,
1632 2376 1655 2413 8
1674 2383 1760 2425 sq.:
1801 2373 1857 2430 τῇ
1887 2372 2058 2432 πέμπτῃ

68 2443 140 2485 καὶ
171 2442 308 2486 εἰκάδι
336 2445 392 2503 τῇ
420 2447 496 2486 τοῦ
529 2441 796 2500 βασ[ι]λ[έ]ως
825 2441 982 2500 ἡμέρᾳ.
1143 2447 1194 2484 47
1237 2443 1545 2486 Ptolemaeum
1579 2445 1635 2484 ΙΙΙ
1667 2444 1937 2496 Euergetam
1968 2446 2057 2486 iam

71 2528 98 2557 a
135 2518 263 2570 patre
294 2516 549 2558 Ptolemaeo
582 2516 620 2556 11
657 2516 949 2574 Philadelpho
991 2516 1165 2569 aliquot
1195 2517 1324 2558 annis
1354 2520 1598 2569 antequam
1629 2516 1702 2557 ille
1733 2517 1823 2558 fato
1855 2516 2059 2569 fungere-

69 2590 145 2629 tur
174 2600 328 2641 regem
359 2590 662 2630 constitutum
692 2599 792 2629 esse
825 2589 1017 2630 coniecit
1045 2588 1238 2630 Vincent
1269 2589 1324 2641 (v.
1357 2591 1448 2630 not.
1475 2590 1554 2640 62).
1612 2589 1669 2629 At
1699 2600 1751 2630 ea
1790 2589 1943 2642 opinio
1975 2600 2059 2642 pu-

69 2662 175 2713 gnat
205 2673 310 2702 cum
341 2661 478 2701 rebus
509 2661 763 2702 certissima
804 2662 1025 2702 memoria
1058 2660 1247 2713 traditis,
1292 2672 1437 2713 neque
1477 2661 1671 2702 formula
1711 2659 1949 2716 παρέλαβεν
1980 2661 2057 2717 τὴν

71 2730 282 2788 βασιλείαν
313 2730 427 2790 παρὰ
455 2735 531 2773 τοῦ
563 2733 721 2790 πατρός
751 2732 807 2773 de
838 2744 976 2785 regno
1010 2744 1035 2773 a
1057 2734 1302 2785 superstite
1333 2734 1461 2786 patre
1490 2733 1656 2774 tradito
1679 2732 1815 2774 modo
1846 2735 2059 2786 usurpari

69 2806 232 2858 potest,
273 2804 353 2846 sed
382 2805 492 2846 item
523 2804 579 2846 de
610 2805 767 2846 relicto
797 2805 896 2845 iure
935 2805 1211 2846 hereditatis.
1274 2805 1328 2846 Et
1367 2806 1484 2846 hanc
1524 2806 1816 2858 potissimum
1855 2807 1928 2846 hie
1959 2806 2057 2846 eius

58 2879 268 2917 mentem
301 2887 400 2918 esse
430 2876 595 2930 prohat
625 2878 777 2918 versio
810 2877 1036 2919 demotica
1067 2878 1111 2918 in
1143 2888 1233 2930 qua
1264 2878 1428 2930 legitur
1457 2889 1637 2919 summo
1667 2875 1863 2932 imperio
1885 2875 2059 2931 potitus

70 2949 133 2990 est
153 2950 277 3002 post
299 2950 480 3003 patrem
508 2961 657 2991 suum.
708 2949 918 3002 Mahaffy.
980 2949 1041 2990 Cf.
1073 2950 1211 2990 etiam
1243 2960 1285 2990 n.
1309 2954 1376 3003 90,
1401 2953 1438 2989 4.
1588 2953 1640 2989 48
1685 2949 1911 3002 Oppidum
1945 2949 2057 2989 anti-

70 3030 226 3073 quum,
258 3020 381 3072 quod
413 3021 523 3061 olim
555 3023 811 3062 mercatura
839 3021 1050 3062 floruisse
1080 3021 1275 3074 videtur,
1318 3021 1596 3062 Alexandrea
1626 3020 1807 3061 condita
1839 3021 2057 3061 maxima-

70 3101 160 3143 que
189 3092 441 3133 incolarum
473 3094 602 3145 parte
632 3092 739 3133 illuc
771 3093 976 3134 traducta
1007 3095 1158 3134 tamen
1189 3105 1281 3134 non
1319 3093 1451 3146 plane
1483 3093 1713 3133 desertum
1745 3093 1852 3143 erat,
1892 3102 1944 3132 ac
1976 3102 2055 3144 po-

62 3162 296 3204 tissimum
311 3164 412 3205 fana
428 3166 473 3205 et
493 3163 682 3205 delubra
702 3175 793 3206 non
814 3164 951 3206 modo
974 3166 1158 3222 antiqua
1180 3167 1459 3217 manserunt,
1477 3164 1556 3205 sed
1573 3165 1707 3204 etiam
1732 3174 1849 3204 nova
1867 3163 1970 3214 (not.
1988 3163 2055 3215 49)

72 3235 252 3276 condita
292 3238 409 3277 sunt.
470 3235 643 3277 Nomen
683 3237 729 3277 in
767 3237 1113 3290 hieroglyphico
1161 3238 1368 3290 exemplo
1407 3234 1543 3277 Pekot
1581 3237 1662 3287 est,
1708 3234 1829 3275 unde
1867 3235 2055 3287 Lepsius

71 3306 248 3358 collegit
276 3318 426 3349 errare
457 3308 536 3360 qui
558 3309 709 3360 ipsum
739 3304 953 3355 Κάνωπος
983 3321 1150 3350 nomen
1171 3321 1227 3350 ex
1248 3309 1576 3361 Aegyptiorum
1599 3317 1808 3347 sermone
1828 3307 2054 3360 explicare

72 3380 352 3420 conarentur.
500 3383 552 3420 49
594 3380 658 3420 De
698 3380 825 3421 Divis
855 3380 1072 3422 Beneficis
1113 3381 1166 3422 cf.
1198 3384 1289 3422 not.
1315 3385 1351 3422 5.
1415 3380 1583 3420 Eorum
1622 3378 1843 3431 templum
1884 3378 2054 3432 Canopi

72 3445 208 3490 fuisse
247 3453 380 3503 negat
415 3451 605 3503 Lepsius
635 3462 679 3504 p.
704 3455 742 3492 7.
803 3452 979 3494 Etenim
1011 3465 1054 3494 v.
1090 3455 1155 3494 49.
1189 3456 1240 3493 50
1275 3452 1468 3503 decerni,
1509 3451 1558 3490 ut
1597 3450 1834 3492 Berenices
1872 3450 2053 3492 infantis

73 3518 304 3562 defunctae
335 3523 482 3574 imago
514 3522 683 3575 Canopi
721 3524 765 3564 in
797 3524 967 3577 templo
1000 3525 1187 3565 Osiridis
1218 3523 1485 3575 erigeretur;
1525 3523 1570 3562 at
1607 3521 1646 3562 si
1685 3522 1776 3563 illic
1813 3523 2052 3575 proprium

62 3594 309 3642 -parentum
349 3594 468 3635 illius
515 3594 668 3634 fanum
705 3594 877 3648 fuisset,
932 3596 1027 3636 sine
1069 3595 1207 3636 dubio
1250 3594 1456 3634 futurum
1499 3592 1638 3634 fuisse
1677 3595 1729 3634 ut
1767 3594 1812 3634 in
1852 3605 1906 3635 eo
1938 3593 2054 3635 filiae

74 3671 253 3715 quoque
283 3666 432 3706 statua
469 3666 764 3708 dedicaretur.
826 3667 939 3708 Illud
980 3678 1088 3707 vero
1120 3665 1307 3707 Osiridis
1339 3665 1561 3717 templum
1591 3676 1646 3706 ex
1684 3676 1725 3706 n.
1752 3669 1801 3706 60
1836 3666 2054 3707 discimus

159 3744 512 3792 nittenbergen
537 3747 694 3783 Orientis
719 3748 777 3782 Gr.
800 3749 908 3784 inser.
947 3749 974 3783 Ῑ.
1683 3755 1703 3791 7
