2314 3970
138 199 154 237 4
170 196 236 247 99]
763 196 1105 235 Monumentum
1136 194 1440 235 Adulitanum.
2010 196 2112 244 295

238 366 373 420 στίαν
385 366 458 434 *¹¹,
521 368 576 426 ὅς
640 387 701 436 με
762 365 848 420 καὶ
917 368 1176 438 ἐγέννησεν
1191 368 1248 433 ⁶4,
1310 367 1367 397 *¹¹
1385 365 1618 437 Σαβαίων
1644 367 1791 438 χώρα
1811 364 1959 419 πάλιν
1981 367 2052 425 εἰς
2072 364 2153 418 τὸν

239 449 307 507 δι’
390 452 396 523 l
473 451 531 505 οὗ
612 451 776 506 πάντα
848 451 911 506 τὰ
987 453 1112 522 ἔθνη
1187 450 1250 506 τὰ
1373 448 1644 524 Ὁμηρίτην
1685 453 1813 506 ἐστίν
1853 455 1898 504 R

238 541 514 610 ὁμοροῦντα
569 545 631 608 τῇ
689 541 787 610 ἐμῇ
843 547 908 610 γῇ
949 538 1114 604 οἰπὸ-ι-ο
1164 537 1250 608 μὲν
1304 538 1362 602 †⁰
1384 537 1551 592 Σάσου
1588 539 1674 592 καὶ
1701 539 2154 611 Λιβανω[το]φόρον

238 625 485 695 ἀνατολῆς
559 625 710 696 μέχρι
783 625 789 696 Ι
863 630 953 696 τῆς
1023 626 1253 696 Λιβανω-
1383 626 1529 677 καλεῖ
1546 623 1639 685 τὰς
1656 628 1754 679 τῶν
1768 623 2035 680 Ἀιθιόπων
2051 626 2157 697 χώ-

236 712 529 782 τοφόρουθὸ,
588 710 685 764 ἀπὸ
743 710 798 765 δὲ
856 712 1045 771 δύσεως
1104 711 1252 782 μέχρι
1387 711 1513 781 ρα[ς]
1553 710 1820 781 Μησάσου,
1869 713 1941 773 εἰς
1977 713 2159 783 νό[τον]

58 910 59 913 ¹
134 861 257 899 trans
288 859 439 899 sinum
469 858 727 899 Arabicum.
778 858 916 910 Atqui
956 858 1044 898 hoc
1075 856 1241 897 Graece
1270 853 1379 897 κατὰ
1407 853 1506 901 τοὺς
1535 852 1771 912 Βλέμμυας
1810 861 1890 912 est,
1932 870 2026 899 non
2056 857 2115 905 εἰς

133 931 205 972 vel
237 928 319 971 ἐπὶ.
381 929 466 971 Sed
495 932 548 971 ut
578 927 637 976 εἰς
666 929 718 971 τὰ
751 927 860 987 μέρη
902 929 1026 969 nullo
1060 927 1195 969 modo
1236 928 1299 968 ita
1335 928 1479 980 accipi
1508 928 1624 981 licet,
1667 930 1733 970 sic
1763 932 2114 983 praepositionis

18 1028 21 1062 3
133 999 201 1044 ἐπὶ
230 1012 343 1043 usus
374 1001 602 1054 legitimus
633 1003 716 1055 est,
747 1000 994 1042 dummodo
1025 1000 1319 1053 participium
1348 1001 1470 1040 νεῦον
1502 1000 1784 1042 intercidisse
1816 1004 2000 1044 statuas.
2052 1003 2113 1044 Cf.

19 1068 51 1131 [s
132 1073 287 1127 Polyb.
318 1074 389 1126 111,
420 1077 487 1127 39,
521 1076 567 1114 2:
610 1068 904 1132 Καρχηδόνιοι
933 1094 989 1102 -
1019 1076 1097 1128 τῆς
1139 1069 1216 1125 μὲν
1248 1067 1413 1126 Λιβύης
1455 1068 1669 1127 ἐκυρίευον
1711 1071 1880 1114 πάντων
1921 1079 2005 1115 τῶν
2046 1073 2115 1116 ἐπὶ

19 1151 21 1189 ς
52 1179 58 1191 ,.
130 1145 206 1202 τὴν
237 1143 321 1188 ἔσω
360 1142 579 1188 θάλασσαν
617 1143 824 1186 νευόντων
857 1149 1011 1199 μερῶν.
1063 1142 1199 1184 Vides
1231 1143 1305 1184 hic
1334 1145 1387 1184 ut
1425 1154 1752 1196 nonnunquam
1783 1145 1891 1186 alibi
1923 1147 2027 1198 (not.
2046 1148 2112 1198 49)

130 1218 438 1259 Florentinum
468 1219 696 1259 veriorem
727 1217 994 1258 memoriam
1019 1226 1327 1268 conservasse,
1360 1227 1496 1268 quam
1528 1215 1811 1271 Vaticanum,
1849 1219 1924 1259 cui
1955 1219 2114 1271 Lagar-

48 1326 59 1344 „
130 1291 231 1332 dius
262 1290 365 1343 plus
397 1290 678 1331 auctoritatis
710 1288 881 1330 tribuit.
1031 1291 1083 1329 58
1122 1286 1253 1329 Natio
1291 1288 1542 1340 antiquitus
1573 1290 1893 1341 potentissima
1923 1291 2114 1333 Arabiae

56 1386 57 1390 =
129 1362 284 1403 Felicis
316 1358 526 1415 (Yemen),
566 1361 756 1402 finitima
788 1373 814 1402 a
844 1359 1229 1413 septentrionibus
1260 1362 1305 1401 et
1343 1361 1515 1402 oriente
1546 1361 1803 1416 Homeritis,
1843 1364 1922 1415 qui
1962 1366 2112 1405 tamen

130 1437 228 1475 tum
266 1434 402 1475 etiam
441 1435 486 1474 in
522 1433 711 1474 illorum
752 1432 929 1474 dicione
969 1432 1232 1473 fuerunt·et
1271 1432 1345 1473 hic
1376 1444 1534 1474 eorum
1576 1436 1758 1475 nomine
1790 1436 2113 1488 comprehendi

130 1506 352 1548 videntur.
414 1505 476 1548 Cf.
508 1507 599 1547 not.
625 1509 691 1546 54.
752 1505 816 1546 De
847 1504 1030 1546 Sabaeis
1067 1517 1110 1546 v.
1143 1504 1303 1546 Strabo
1335 1504 1448 1558 XVI,
1475 1508 1512 1558 4,
1537 1509 1559 1545 2
1593 1517 1635 1559 p.
1661 1510 1757 1548 768.
1801 1510 1838 1560 4,
1862 1511 1914 1547 49
1947 1519 1990 1560 p.
2015 1512 2109 1550 778.

129 1579 312 1621 Diodor.
343 1580 415 1632 ΙΙΙ,
449 1581 515 1631 46,
545 1581 583 1618 4.
646 1578 757 1619 Mela
787 1578 858 1630 ΙΙΙ,
890 1581 955 1619 79.
1007 1578 1115 1618 Plin.
1148 1577 1198 1619 N.
1227 1578 1270 1618 h.
1293 1577 1364 1630 VI,
1391 1581 1486 1619 464.
1519 1578 1613 1631 XII,
1639 1582 1706 1622 66.
1752 1581 1903 1633 Steph.
1935 1581 2041 1634 Byz.
2076 1592 2111 1621 s.

29 1640 57 1708 ’,ι
131 1648 283 1707 Σαβαί.
345 1651 549 1705 Periplus
580 1662 691 1693 mar.
723 1650 902 1704 Erythr.
940 1651 966 1690 l.
997 1650 1023 1691 l.
1086 1650 1231 1703 Caput
1265 1661 1425 1691 eorum
1468 1653 1564 1692 erat
1601 1652 1800 1693 Mariaba
1847 1653 2021 1704 (Strabo
2069 1657 2113 1694 et

129 1725 297 1765 Plinius
328 1723 433 1776 1.1.),
464 1723 598 1764 hodie
619 1719 785 1776 Marib,
818 1723 904 1764 sita
935 1722 1265 1764 mediterraneo
1298 1725 1342 1763 et
1372 1722 1493 1763 edito
1515 1723 1614 1764 loco
1637 1725 1991 1776 septentrionem
2013 1737 2114 1766 ver-

52 1799 56 1849 fl
130 1808 207 1838 sus
239 1796 295 1838 ab
325 1796 478 1837 Adana
510 1792 677 1848 (Aden).
733 1795 942 1836 Ceterum
975 1795 1198 1848 particula
1230 1792 1311 1841 ἕως
1343 1795 1618 1836 Sabaeorum
1651 1798 1817 1837 terram
1850 1797 2113 1849 regionibus

128 1869 185 1910 ab
222 1869 538 1910 Axomitarum
575 1879 679 1920 rege
718 1867 919 1909 subactis
965 1867 1157 1920 excludi,
1205 1879 1293 1908 non
1334 1868 1659 1920 comprehendi
1699 1869 1989 1910 manifestum
2031 1873 2111 1911 est.

53 1944 55 1946 '
128 1940 190 1983 Cf.
221 1953 263 1982 n.
287 1943 355 1993 54,
377 1943 445 1981 49.
468 1943 520 1980 20
554 1936 636 1985 ἕως
667 1935 937 1997 Βακτριανῆς
969 1950 1074 1980 cum
1106 1941 1212 1980 nota
1243 1942 1310 1980 24.
1372 1938 1504 1987 Quod
1537 1939 1725 1981 Cosmas
1766 1941 1875 1982 dicit
1916 1938 2111 1996 Σαβαίων

52 2050 53 2054 ,
125 2013 248 2070 χώρα
279 2009 405 2055 πάλιν
436 2010 495 2058 εἰς
525 2010 597 2054 τὸν
617 2004 853 2068 Ὁμηρὶτην
887 2009 996 2052 ἐστίν
1027 2012 1172 2064 ipsius
1203 2011 1388 2063 quidem
1419 2013 1553 2053 aetati
1583 2014 1807 2066 convenit,
1839 2025 1930 2067 qua
1950 2014 2113 2055 Home-

127 2086 239 2127 ritae
288 2086 335 2126 in
383 2084 548 2126 Arabia
596 2084 730 2125 Felici
781 2083 1144 2137 dominabantur,
1193 2084 1271 2124 sed
1322 2095 1425 2124 cum
1479 2085 1638 2125 titulus
1689 2085 1964 2127 incideretur
2014 2088 2114 2128 vice

128 2168 260 2199 versa
291 2156 548 2198 Homeritae
578 2157 696 2197 inter
726 2155 923 2197 Sabaeos
955 2155 1324 2196 numerabantur.
1494 2160 1545 2197 59
1585 2157 1839 2198 Articulum
1874 2159 2028 2200 omisit
2058 2159 2110 2199 R.

130 2233 180 2271 60
222 2228 282 2271 Cf.
324 2231 414 2271 not.
438 2232 476 2270 4.
534 2228 634 2270 Νοιι
672 2230 769 2269 erat
809 2239 890 2269 cur
927 2228 1208 2269 Dillmannus
1248 2227 1478 2269 dubitaret
1515 2231 1671 2269 utrum
1713 2241 1793 2270 eos
1834 2231 1912 2282 qui
1952 2231 2113 2272 Axomi

128 2303 230 2344 ante
260 2312 308 2343 se
339 2303 601 2354 regnassent
627 2313 684 2342 an
705 2311 861 2342 omnes
884 2301 1067 2342 omnino
1090 2301 1167 2352 qui
1195 2301 1239 2340 in
1273 2300 1383 2341 orbe
1415 2303 1642 2342 terrarum
1675 2301 1865 2343 fuissent
1889 2314 2016 2356 reges
2047 2305 2112 2344 in-

126 2373 355 2427 tellegeret
391 2373 511 2414 tituli
549 2375 720 2414 auctor.
905 2376 950 2413 64
994 2373 1161 2413 Iniuria
1200 2373 1337 2414 Franz
1377 2373 1450 2414 hic
1488 2373 1709 2414 excidisse
1748 2376 2007 2427 suspicatus
2044 2378 2115 2422 est

47 2451 51 2454 “
128 2443 276 2499 αἰτίαν,
309 2446 405 2487 sine
436 2445 574 2487 dubio
599 2445 707 2498 quia
737 2446 781 2486 in
812 2442 1058 2502 εὐχαριστία
1088 2445 1220 2486 aliam
1254 2456 1306 2485 ac
1336 2446 1518 2498 gratiae,
1551 2457 1689 2498 quam
1722 2458 1801 2487 rex
1833 2447 1916 2489 deo
1948 2447 2114 2489 haheat

51 2550 53 2553 .
125 2519 315 2572 propter
344 2517 561 2559 beneficia
591 2519 790 2570 accepta,
821 2518 1054 2558 notionem
1086 2518 1233 2558 inesse
1264 2529 1353 2558 non
1379 2528 1514 2570 posse
1545 2518 1828 2572 opinabatur.
1888 2520 1946 2560 At
1985 2518 2112 2578 εὐχα-

54 2639 55 2644 ,
129 2587 263 2646 ριστία
292 2589 404 2631 nihil
433 2591 502 2630 est
533 2590 619 2630 nisi
655 2587 704 2630 τὸ
743 2586 991 2648 εὐχάριστον
1031 2585 1150 2630 εἶναι.
1210 2589 1495 2630 Adiectivum
1538 2601 1647 2631 vero
1686 2602 1776 2632 non
1817 2592 1956 2633 modo
1998 2594 2112 2645 grati

51 2647 61 2701 ;’Ἰ
128 2664 266 2705 animi
296 2662 531 2704 hominem
563 2661 795 2715 significat,
827 2662 905 2703 sed
936 2662 1071 2703 etiam
1103 2663 1366 2716 gratiosum,
1399 2664 1652 2715 acceptum.
1709 2663 1787 2704 Est
1819 2665 1957 2716 igitur
1987 2659 2032 2706 δι’
2058 2663 2111 2720 ἣν

56 2760 65 2771 ,.
128 2733 218 2793 ἔχω
249 2733 353 2790 πρὸς
382 2733 453 2776 τὸν
484 2731 583 2776 θεὸν
615 2731 880 2793 εὐχαριστίαν
919 2734 1010 2776 fere
1041 2728 1161 2787 ‘quia
1192 2735 1303 2775 deus
1334 2736 1445 2776 mihi
1479 2730 1634 2776 favet'.
1785 2740 1835 2777 62
1878 2737 2112 2790 Praeposi-

60 2798 67 2862 f
128 2809 298 2849 tionem
340 2807 509 2848 omittit
545 2806 593 2847 F.
772 2809 823 2846 63
865 2805 924 2847 Cf.
959 2819 999 2847 n.
1024 2810 1120 2860 200,
1145 2811 1182 2847 6.
1207 2809 1273 2847 29.
1336 2806 1420 2855 Qui
1458 2808 1503 2848 in
1534 2809 1733 2860 utroque
1773 2809 1906 2849 titulo
1941 2809 2110 2851 Graeco

56 2863 67 2940 ᾗ·
127 2875 253 2937 Ἄρης
290 2881 372 2931 est,
422 2880 468 2919 in
515 2878 821 2920 monumentis
866 2879 1135 2920 Axomiticis
1177 2880 1418 2920 vernacula
1466 2880 1618 2932 lingua
1666 2882 1899 2934 conceptis
1939 2881 2112 2933 (Miiller

44 2999 63 3014 ,
129 2963 172 3005 p.
196 2955 248 2993 48
281 2963 324 2993 v.
347 2955 386 2992 2.
425 2962 468 3004 p.
493 2953 544 2992 39
575 2962 617 2991 v.
643 2954 679 2991 5.
719 2961 761 3003 p.
787 2953 838 2992 44
871 2963 912 2992 v.
939 2951 976 3002 6)
1007 2948 1216 3003 Mahrem
1247 2952 1514 3004 appellatur.
1576 2951 1706 3000 Quod
1747 2964 1913 2994 nomen
1951 2954 2110 3006 Lagar-

24 3037 26 3056 ι
129 3023 231 3064 dius
262 3022 487 3064 derivavit
518 3021 574 3062 ab
603 3021 812 3063 Avestico
842 3019 1162 3078 Verethrayow,
1194 3023 1320 3076 quod
1352 3023 1473 3077 apud
1493 3024 1652 3065 Persas
1683 3025 1936 3065 recentiore
1967 3027 2112 3066 aetate

129 3096 175 3136 in
205 3092 412 3138 Bc'ihram
453 3094 583 3146 abiit3
631 3094 688 3135 ab
724 3094 812 3136 illis
850 3095 986 3148 igitur
1023 3096 1338 3137 Axomitarum
1378 3107 1505 3148 reges
1545 3097 1656 3138 haec
1698 3107 1825 3138 sacra
1862 3098 2109 3150 repetiisse.

58 3190 67 3226 ᾗ,
131 3167 227 3209 Hoc
256 3167 441 3220 quidem
473 3167 560 3207 mei
592 3166 748 3207 iudicii
778 3178 867 3209 non
897 3170 983 3220 est;
1026 3169 1106 3210 sed
1137 3170 1258 3210 certe
1290 3169 1405 3210 duos
1444 3169 1643 3222 reliquos
1675 3169 1796 3222 deos,
1839 3169 2007 3221 quibus
2038 3171 2112 3212 hic

25 3249 27 3256 ·
58 3239 63 3262 ³
131 3251 210 3281 rex
246 3251 342 3281 rem
382 3239 582 3280 divinam
619 3238 725 3280 facit
763 3240 818 3291 (v.
853 3242 905 3281 36
941 3239 1003 3297 τῷ
1042 3238 1108 3283 Διὶ
1146 3239 1219 3282 καὶ
1255 3240 1314 3298 τῷ
1341 3236 1456 3296 Ἄρεϊ
1495 3239 1568 3282 καὶ
1606 3239 1665 3297 τῷ
1703 3237 1962 3294 Ποσειδῶνι),
2003 3254 2110 3284 nus-

26 3316 27 3326 *
132 3323 269 3364 quam
300 3312 388 3353 nisi
418 3322 473 3353 ex
505 3311 778 3352 Graecorum
809 3313 949 3353 sacris
981 3314 1197 3366 repetitos
1229 3323 1328 3355 esse
1360 3323 1630 3366 persuasum
1663 3312 1821 3354 habeo.
1963 3317 2014 3355 64
2048 3315 2108 3356 Cf.

74 3387 75 3390 ’
132 3395 173 3424 n.
198 3387 292 3436 200,
315 3387 338 3424 5
373 3381 565 3439 βασιλεὺς
598 3380 817 3438 βασιλέων,
847 3382 937 3431 υἱὸς
967 3382 1101 3438 θεο[ῡ]
1130 3383 1333 3440 ἀνικήτου
1363 3380 1535 3439 Ἄρεως.
1585 3385 1798 3425 Similiter
1829 3385 2109 3428 Ptolemaeus

27 3499 29 3504 ,
132 3455 385 3508 Epiphanes
416 3467 457 3496 n.
481 3458 548 3507 90,
574 3458 596 3494 3
635 3455 716 3495 Dei
746 3456 860 3497 Solis
889 3456 1030 3498 filium
1064 3469 1113 3499 se
1142 3457 1387 3511 praedicat,
1426 3459 1470 3497 et
1509 3457 1703 3497 eundem
1734 3457 2008 3511 Aethiopum
2040 3470 2108 3500 re-

133 3526 263 3579 gibus
305 3537 479 3568 morem
520 3525 659 3567 fuisse
704 3528 896 3570 testatur
935 3530 1015 3572 Bio
1063 3531 1108 3570 in
1145 3530 1396 3582 fragmento
1438 3528 1561 3581 quod
1598 3528 1662 3569 ibi
1702 3529 1894 3582 ascripsi
1931 3533 2022 3572 not.
2056 3534 2106 3571 43

134 3597 213 3649 (Fr.
235 3599 337 3639 hist.
361 3599 431 3640 Gr.
452 3597 510 3639 IV
541 3609 584 3651 p.
609 3601 681 3639 354
721 3598 771 3639 fr.
796 3600 849 3651 5).
1016 3607 1067 3643 65
1110 3602 1173 3646 Cf.
1204 3614 1246 3643 v.
1270 3605 1338 3654 20,
1377 3600 1458 3642 ubi
1496 3612 1548 3642 ea
1578 3601 1735 3654 potius
1767 3603 1889 3654 regio
1922 3603 2109 3646 indicari

134 3671 327 3725 videtur,
359 3682 475 3725 quae
505 3672 621 3712 inter
651 3672 884 3716 meridiem
917 3676 962 3716 et
992 3676 1210 3716 orientem
1244 3674 1392 3716 media
1421 3676 1502 3715 est.
