2314 3970
233 201 336 251 352
872 200 941 239 lV.
991 200 1187 249 Regnum
1220 199 1567 240 Seleucidarum.
2048 200 2204 250 [223-

375 372 463 441 τὴν
509 370 756 439 ἡμετέραν
807 369 995 437 οἰκίαν,
1048 368 1134 421 καὶ
1182 370 1403 421 καθόλου
1448 368 1560 440 περὶ
1605 376 1692 440 τῆς
1738 369 2076 441 εὐχαΙριστίας
2121 374 2206 422 τοῦ

378 457 616 525 πλήθους,
668 455 721 523 ἧι
765 460 950 525 χρῆται
994 454 1115 524 πρὸς
1165 455 1385 513 ἅπαντας
1433 454 1546 514 τοὺς
1586 456 1878 527 εὐερΙγέτας,
1917 456 1991 508 ἔτι
2030 455 2084 508 δὲ
2123 455 2207 507 καὶ

296 558 346 596 10
378 543 478 611 τὴμ
514 542 862 611 προαγωγήν3,
904 543 953 594 ἐν
994 542 1049 610 ἧι
1086 542 1285 611 γέγονεν
1323 544 1355 610 ἡ
1397 543 1539 600 πόλις
1579 540 1659 595 ἐπὶ
1697 547 1793 595 τῶν
1833 542 2087 613 πρόΙΙτερον
2118 545 2207 613 βα-

376 625 726 692 σιλευσάντων,
780 626 983 697 ἡξίουν4
1034 623 1160 696 μετὰ
1205 626 1370 696 πάσης
1410 630 1627 698 σπουδῆς
1665 649 1718 682 τε
1754 628 1839 681 καὶ
1881 629 1887 697 Ι
1927 628 2209 699 προθυμίας

375 716 585 785 φιλικῶς
631 714 922 766 διακεῖσθαι
960 713 1071 783 ὑμῖν
1111 711 1195 766 καὶ
1235 714 1430 783 (ὁ)μοῦ5
1465 735 1614 767 πασιν
1653 715 1756 774 τοῖς
1796 715 2051 785 ἀνήΙκουσι
2087 713 2209 785 πρὸς

374 801 519 871 τιμὴν
569 797 653 852 καὶ
698 802 841 859 δόξαν
884 801 1138 858 συναύξειν
1178 796 1240 852 τὰ
1280 805 1368 870 τῆς
1406 802 1624 860 πόλεως·
1688 799 1780 860 τάς
1821 800 1826 871 Ι
1867 822 1920 855 τε
1960 801 2020 871 δὴ
2061 797 2211 870 τιμὰς

376 886 461 939 καὶ
499 885 580 938 τὸν
623 887 864 956 στέφανον
905 887 1190 955 δεδέγμεθα
1228 885 1439 955 οἰκείως,
1481 887 1666 955 ὁμοίως
1706 886 1795 957 δὲΙ
1832 886 1918 940 καὶ
1954 884 2018 939 τὰ
2060 887 2209 955 ξένια,

294 987 345 1028 15
376 971 462 1025 καὶ
515 973 643 1042 ὑμᾶς
696 973 994 1041 ἐπαινοῦμεν
1041 972 1368 1043 εὐχαρίστους
1416 972 1562 1031 ὄντας
1606 974 1671 1041 ἐμ
1714 973 1901 1044 πᾶΙΙσιν·
1965 973 2212 1044 φαίνεσθε

374 1055 473 1130 γὰρ
524 1060 747 1112 καθόλου
803 1060 1000 1130 ἀγωγῆι
1045 1059 1203 1129 ταύτῃ
1253 1059 1505 1130 χρῆσθαι”
1571 1058 1649 1111 διὸ
1695 1058 1780 1111 καὶ
1821 1062 1871 1112 ἐν
1913 1061 2072 1131 ἀρχῆι
2112 1059 2119 1130 Ι
2159 1081 2212 1111 τε

377 1146 667 1216 αἱρούμενοι
723 1147 1044 1215 διατελοῦμεν
1097 1145 1199 1216 τὴμ
1249 1144 1370 1215 πρὸς
1429 1145 1557 1215 ὑμᾶς
1611 1145 1831 1213 εὔνοιαν,
1891 1145 2212 1217 θεωροῢνΙτες

377 1231 641 1292 ἀπλάστως
680 1232 765 1285 καὶ
805 1233 1060 1302 ἀληθινῶς
1095 1234 1158 1302 ἐμ
1182 1235 1307 1284 πᾶσι
1329 1233 1782 1303 προσφερομένους,
1823 1230 1910 1284 καὶ
1934 1236 2018 1285 νῦν
2050 1231 2055 1302 Ι
2084 1233 2210 1285 πολύ

374 1340 421 1372 τι
461 1321 648 1388 μᾶλλον
687 1317 1066 1388 ἐπεσπάσμεθα,
1105 1322 1462 1378 κατανοοῦντες
1500 1319 1554 1371 τὸ
1594 1318 1789 1389 εὐγενὲς
1832 1319 1837 1388 Ι
1880 1319 2016 1388 ὑμῶν
2050 1317 2137 1372 καὶ
2163 1322 2213 1378 ἐξ

292 1419 347 1459 20
379 1406 562 1476 ἑτέρων
604 1404 690 1475 μὲν
729 1407 966 1472 πλεόνων,
1010 1406 1105 1476 οὐχ
1141 1408 1324 1475 ἥκιστα
1363 1404 1417 1458 δὲ
1455 1405 1514 1458 ἔκ
1550 1426 1603 1458 τε
1641 1410 1728 1458 τοῦ
1767 1404 2099 1477 ψηΙΙφίσματος
2125 1410 2212 1457 τοῦ

379 1493 712 1550 ἀποδοθέντος
758 1492 877 1562 ἡμῖν
924 1491 1009 1544 καὶ
1058 1493 1116 1544 ἐκ
1160 1495 1255 1544 τῶν
1305 1493 1558 1562 ῥηθέντων
1609 1491 1701 1544 ὑπὸ
1744 1491 1750 1562 Ι
1791 1497 1879 1562 τῆς
1915 1493 2212 1564 πρεσβείας·

376 1578 462 1631 καὶ
501 1579 675 1650 ἐπειδὴ
718 1580 765 1630 οἱ
802 1576 915 1648 περὶ
953 1577 1274 1649 Θαρσύνοντα
1312 1578 1398 1631 καὶ
1439 1578 1616 1647 Πυθῆν
1651 1577 1738 1630 καὶ
1764 1577 1968 1648 ΒοτΙτᾶν
1997 1579 2215 1649 ἀπέφαι-

375 1685 457 1718 νον
499 1667 627 1719 διότι
664 1665 747 1717 ἐπί
783 1686 836 1718 τε
868 1662 1190 1735 Ἀλεξάνδρου
1224 1664 1310 1717 καὶ
1344 1661 1654 1734 Ἀντιγόνου6
1692 1665 2015 1735 αὖτόΙ[ν]ομος
2039 1666 2101 1735 ἢν
2129 1665 2214 1718 καὶ

378 1753 753 1822 ἀφορολόγητος
790 1754 822 1822 ἡ
862 1753 1007 1811 πόλις
1047 1751 1200 1821 ὑμῶν,
1240 1749 1326 1804 καὶ
1352 1752 1400 1804 οἱ
1423 1752 1660 1822 ἡμέτεροι
1684 1752 2000 1822 πρόγοΙΙνοιῚ]
2038 1750 2215 1804 ἔσπευ-

350 1930 371 1966 3
414 1925 703 1979 Neglegentia
723 1927 920 1979 quadam
952 1927 1018 1967 sic
1039 1927 1261 1979 scriptum
1283 1928 1353 1967 est
1373 1937 1475 1968 cum
1501 1925 1687 1967 deberet
1716 1924 1810 1983 περὶ
1838 1930 1916 1981 τῆς
1946 1931 2216 1983 προαγωγῆς.

234 2002 256 2039 Ιι
297 1999 378 2039 Ηίο
423 1998 645 2051 apodosin
682 1999 892 2052 incipere,
934 2000 1009 2039 cui
1047 2000 1199 2039 tamen
1235 1999 1356 2039 iusta
1393 2000 1590 2051 protasis
1630 2010 1720 2039 non
1759 1999 2091 2051 antecessisset,
2129 1998 2216 2039 sibi

231 2071 459 2124 persuasit
499 2071 697 2124 Curtius,
736 2071 917 2112 iniuria:
964 2071 1147 2111 videtur
1185 2071 1305 2111 enim
1342 2067 1487 2125 ἠξίουν
1524 2071 1719 2123 primam
1760 2071 2000 2123 singularis
2039 2072 2217 2111 numeri

230 2154 474 2195 personam
505 2144 804 2196 existimasse,
843 2154 960 2196 quae
991 2142 1229 2184 manifesto
1261 2143 1394 2183 tertia
1424 2143 1611 2195 pluralis
1650 2145 1720 2183 est
1757 2142 1814 2184 ad
1853 2143 2024 2196 legatos
2064 2143 2216 2184 relata.

230 2216 295 2255 De
315 2215 402 2256 hoc
423 2214 553 2255 verbi
583 2212 726 2263 ἀξιοῦν
757 2225 845 2255 usu
876 2227 918 2255 v.
942 2215 1064 2256 2661.
1111 2215 1258 2267 Usque
1279 2214 1336 2255 ad
1366 2225 1409 2255 v.
1433 2217 1485 2254 ⁴3
1518 2215 1774 2267 exponitur,
1805 2215 1916 2267 quid
1946 2215 2079 2268 legati
2106 2216 2221 2268 peti-

233 2287 402 2339 verint3
449 2288 547 2327 tum
580 2286 766 2327 demum
810 2299 836 2327 a
873 2286 1027 2328 verbis
1071 2285 1146 2332 τάς
1183 2300 1228 2326 τε
1268 2284 1320 2341 δὴ
1352 2283 1476 2341 τιμὰς
1519 2284 1593 2326 καὶ
1627 2285 1699 2327 τὸν
1741 2284 1944 2342 στέφανον
1984 2284 2219 2342 δεδέγμεθα

236 2369 509 2412 responsum
540 2359 659 2411 regis
690 2360 860 2412 incipit.
1010 2363 1032 2399 5
1073 2358 1334 2399 Emendavi.
1387 2357 1492 2413 ἐμοῦ
1524 2358 1652 2411 lapis,
1683 2358 1810 2411 quod
1831 2359 1917 2399 etsi
1937 2360 2222 2400 retinuerunt

236 2420 447 2483 editores,
478 2433 629 2472 tamen
661 2431 898 2472 manifesto
930 2432 1200 2484 corruptum
1232 2433 1314 2484 est,
1345 2441 1450 2471 cum
1483 2431 1654 2472 nullam
1685 2430 1903 2484 praebeat
1933 2442 2088 2473 sanam
2120 2443 2220 2472 sen-

237 2486 437 2545 tentiam.
602 2506 624 2542 6
667 2503 729 2543 De
760 2503 982 2555 Antigono
1026 2503 1182 2555 utique
1212 2502 1489 2543 credendum
1532 2513 1631 2544 esse
1671 2504 1789 2555 regis
1827 2504 2102 2557 testimonio,
2141 2505 2221 2556 qui

235 2575 438 2628 profecto
470 2587 561 2616 non
592 2575 826 2616 habuisset
863 2586 945 2616 cur
976 2577 1134 2616 contra
1164 2575 1402 2616 veritatem
1442 2575 1506 2615 illi
1537 2575 1739 2616 favorem
1770 2575 1992 2616 libertatis
2023 2577 2221 2617 civitatis

237 2648 431 2688 Graecae
451 2647 686 2700 tribueret,
708 2648 947 2689 verissime
965 2647 1075 2688 dicit
1090 2646 1413 2699 Hiinerwade13
1431 2658 1536 2688 nam
1555 2649 1608 2688 ut
1628 2649 1954 2701 autonomiam,
1975 2659 2111 2700 quam
2130 2649 2219 2689 iam
2280 2680 2282 2682 .

234 2721 332 2772 ipse
353 2720 614 2760 restitueret
630 2720 803 2772 populo
821 2720 1194 2772 Erythraeorum,
1213 2719 1466 2771 antiquitus
1486 2730 1564 2760 eos
1585 2719 1800 2760 habuisse
1818 2719 2220 2772 demonstraretur,

235 2791 534 2832 suffecturum
572 2791 712 2832 fuisse
749 2790 990 2832 Alexandri
1020 2802 1199 2844 nomen,
1246 2791 1326 2843 qui
1365 2791 1597 2843 quomodo
1642 2802 1747 2844 erga
1795 2792 1989 2832 Graecos
2034 2793 2080 2831 in
2117 2792 2221 2832 Asia

236 2863 493 2905 habitantes
524 2874 572 2904 se
603 2864 817 2915 gessisset
847 2864 891 2903 in
918 2863 1083 2915 volgus
1115 2865 1278 2904 notum
1299 2865 1431 2903 esset.
1484 2863 1546 2903 Eo
1578 2864 1746 2904 certius
1777 2865 1859 2916 est,
1891 2875 1917 2904 a
1938 2863 2123 2904 Seleuco
2156 2864 2221 2904 eis

238 2935 494 2977 libertatem
536 2946 695 2976 rursus
734 2935 959 2976 ademtam
996 2946 1110 2988 esse,
1150 2934 1376 2987 siquidem
1415 2946 1495 2975 rex
1533 2935 1612 2976 ubi
1655 2935 1710 2976 de
1749 2936 1844 2976 suis
1886 2935 2136 2976 maioribus
2175 2937 2221 2976 in

236 3009 504 3048 universum
535 3007 677 3048 verba
706 3006 823 3060 facit,
865 3007 1064 3047 favorem
1097 3007 1280 3058 quidem
1320 3009 1652 3048 commemorat
1689 3007 1745 3058 (v.
1769 3011 1793 3048 9
1832 3006 1922 3062 τὴμ
1952 3006 2221 3064 προαγωγὴν.

236 3093 279 3120 v.
304 3083 356 3121 24
391 3077 594 3120 ἔσπευδον
626 3077 720 3133 περὶ
751 3077 911 3133 αὐτῆς),
951 3078 1005 3119 de
1043 3078 1251 3119 libertate
1289 3090 1398 3119 vero
1430 3081 1562 3120 tacet.
1712 3083 1734 3118 7
1775 3079 1886 3134 Cum
1927 3080 2030 3119 ante
2067 3079 2220 3120 Antio-

239 3153 377 3192 chum
409 3153 427 3192 1
458 3162 513 3192 ex
544 3152 642 3192 eius
674 3150 922 3192 maioribus
953 3161 1086 3191 nemo
1119 3152 1298 3202 praeter
1327 3152 1502 3203 patrem
1533 3151 1811 3192 Seleucuml
1842 3153 2086 3203 regnasset,
2123 3152 2221 3203 plu-

239 3224 380 3264 ralem
411 3228 495 3265 τῶν
526 3221 746 3278 προγόνων
778 3223 943 3263 indicio
975 3233 1075 3263 esse
1097 3222 1206 3263 olim
1230 3222 1462 3276 opinabar,
1493 3223 1701 3265 Antiochi
1720 3224 1757 3263 ΙΙ
1789 3223 1904 3264 hanc
1932 3234 2032 3264 esse
2051 3224 2222 3275 epistu-
2303 3231 2305 3253 ὲ

240 3296 344 3337 lam.
394 3295 451 3335 At
471 3295 664 3336 eundem
685 3295 907 3348 pluralem
930 3305 1166 3335 recurrere
1197 3306 1238 3334 n.
1262 3298 1358 3347 222,
1381 3298 1432 3335 20
1468 3293 1553 3347 [καὶ
1583 3292 1674 3350 ἅμα
1704 3291 1993 3349 ἀκολουθήσει
2021 3298 2091 3349 τῆι
2121 3295 2219 3347 *thino

240 3366 460 3423 προγόνων
493 3365 650 3424 αἱρέσει
681 3368 982 3419 (Antiochusl
1013 3367 1154 3418 Soter)
1188 3366 1448 3408 observavit
1468 3367 1713 3409 Lenschau.
1765 3367 1913 3415 Quare
1942 3366 2220 3418 Antigonum

242 3451 395 3480 senem
427 3442 472 3480 et
500 3440 781 3480 Demetrium
803 3440 1099 3481 Poliorcetam
1131 3440 1177 3480 in
1209 3441 1434 3480 maiorum
1465 3451 1654 3482 suorum
1677 3450 1868 3480 numero
1889 3437 2103 3480 habuisse
2133 3439 2220 3480 An-

242 3512 443 3551 tiochum
465 3513 483 3551 Ι
515 3513 705 3564 constat,
737 3513 821 3553 etsi
842 3512 887 3553 id
911 3513 1077 3553 mirum
1099 3513 1180 3553 est.
1230 3510 1345 3552 Nam
1367 3523 1514 3564 neque
1538 3510 1740 3568 πρόγονοι
1770 3512 1811 3551 ei
1833 3511 1987 3552 vocari
2014 3512 2220 3563 possunt,
2300 3528 2301 3532 ¹

243 3583 321 3634 qui
363 3585 466 3624 ante
496 3583 691 3636 aliquem
724 3586 970 3637 regnarunt
1009 3583 1076 3636 (cs.
1115 3584 1161 3624 E.
1183 3584 1338 3624 Rohde
1382 3584 1447 3625 Kl.
1481 3584 1700 3626 Schriften
1735 3585 1753 3623 I
1793 3595 1836 3636 p.
1861 3586 1957 3624 283.
1992 3586 2073 3624 287
2092 3582 2219 3635 sqq.),

242 3665 388 3706 neque
420 3666 547 3695 socer
578 3657 622 3696 et
653 3657 797 3697 soceri
830 3658 958 3708 pater
987 3657 1103 3697 inter
1135 3656 1333 3696 maiores
1365 3658 1483 3697 sunt.
