2314 3970
216 196 319 248 428
883 196 934 237 V.
979 197 1179 248 Regnum
1210 195 1520 238 Attalidarum.
2085 199 2183 252 [264

306 366 720 439 5ἈρτασόΗ[ρου,
769 365 822 420 τὸ
871 367 1028 438 γέν]ος
1067 364 1338 439 Βάκτριος,
1393 365 1648 429 ἀποστάς5
1698 368 1793 422 ἀπὸ
1845 365 2185 442 ἈρταξέρΙ[ξου

357 458 443 506 τοῦ
478 453 701 524 Περσ]ῶν
745 454 1038 524 βασιλέωςθ,
1080 452 1355 526 ἐκράτησεν
1395 459 1490 508 τῶν
1519 454 1893 527 Περγα1[μηνῶν
1932 456 2018 510 καὶ
2058 458 2187 526 μ]ετ-

358 541 556 593 ώικισεν
617 537 793 599 αὐτοὺς
849 538 1000 594 πάλιν
1050 540 1131 594 ἐπὶ
1181 540 1262 595 τὸν
1313 540 1596 612 κοΙ[λωνὸν7
1646 543 1733 612 εἰς]
1778 543 1867 615 τὴν
1926 542 2185 613 ποι[λαι]ο“ιν

214 714 252 743 a.
277 701 376 742 Chr.
399 712 439 741 n.
472 700 757 742 referendum
787 711 886 742 esse
917 701 1104 742 constat.
1157 699 1218 742 Cf.
1250 702 1340 742 not.
1365 705 1403 744 5.
1455 700 1535 742 Hic
1565 701 1702 753 igitur
1732 703 1849 755 regis
1876 712 2012 754 gener
2031 702 2187 743 Arme-

214 774 312 814 niae
342 772 595 826 praefectus
616 772 699 814 fuit
720 774 810 815 iam
831 784 945 814 anno
970 775 1041 813 40⁴
1073 785 1109 814 a.
1134 772 1234 814 Chr.
1257 784 1298 814 n.
1349 773 1459 814 Xen.
1483 773 1610 815 anab.
1642 774 1711 827 III,
1734 777 1774 827 5,
1799 777 1874 815 ⁴7:
1905 772 2078 821 τούτους
2109 772 2187 831 γὰρ

213 842 458 891 διελθόντας
490 843 648 901 ἔφασαν
680 842 739 892 εἰς
768 839 980 901 Ἀρμενίαν
1012 842 1140 901 ἥξειν,
1177 843 1230 900 ἧς
1250 838 1455 903 Ὀρόντας
1486 843 1596 903 ἦρχε
1629 843 1793 903 πολλῆς
1822 844 1895 887 καὶ
1926 844 2186 901 εὐδαίμονος.

212 917 283 971 IV,
309 919 346 971 3,
371 919 406 958 3.
431 919 478 958 4:
519 914 609 972 ἅμα
641 915 686 958 δὲ
716 916 771 976 τῇ
801 914 945 974 ἡμέρᾳ
977 916 1129 974 ὁρῶσιν
1164 914 1317 963 ἱππέας
1339 931 1418 959 που
1450 915 1580 973 πέραν
1612 919 1685 959 τοῦ
1715 920 1907 975 ποταμοῦ
1930 915 2188 973 ἐξωπλισμέ-

210 1003 308 1036 νους
340 989 397 1036 ὡς
428 987 701 1037 κωλύσοντας
734 987 976 1045 διαβαίνειν,
1017 987 1166 1037 πεζοὺς
1199 982 1232 1030 δ’
1261 987 1329 1031 ἐπὶ
1368 993 1461 1036 ταῖς
1492 987 1642 1047 ὄχθαις
1673 987 2068 1046 παρατεταγμένους
2099 987 2188 1032 ἄνω

210 1066 293 1103 τῶν
334 1059 493 1103 ἱππέων
534 1061 592 1109 ὡς
629 1059 893 1109 κωλύσοντος
934 1060 993 1109 εἰς
1030 1060 1108 1119 τὴν
1138 1056 1351 1118 Ἀρμενίαν
1394 1059 1616 1117 ἐκβαίνειν.
1659 1060 1766 1118 ἦσαν
1808 1056 1837 1103 δ’
1876 1056 2189 1119 οὖτοιὈρόντα

210 1132 282 1176 ’καὶ
300 1128 502 1192 Ἀρτούχα
522 1129 728 1191 Ἀρμένιοι
757 1133 828 1175 καὶ
850 1130 1018 1190 Μάρδοι
1048 1132 1120 1175 καὶ
1139 1130 1351 1176 Χαλδαῖοι
1373 1131 1643 1192 μισθοφόροι.
1694 1134 1891 1175 Eandem
1915 1145 2024 1175 vero
2049 1135 2189 1176 satra-

210 1207 334 1259 piam
355 1207 500 1247 tenuit
530 1206 767 1248 etiamtum
798 1217 902 1247 cum
937 1205 1159 1259 deficeret,
1191 1207 1229 1247 si
1250 1206 1361 1248 fides
1384 1206 1591 1248 habenda
1611 1207 1680 1248 est
1699 1206 1844 1259 Trogo
1867 1207 1981 1248 Prol.
2002 1210 2077 1247 ⁴0:
2118 1205 2189 1248 de·

210 1276 392 1332 feetores
415 1275 470 1321 in
489 1275 608 1321 Asia
626 1280 906 1333 purpuratos
935 1290 1041 1321 snos
1058 1280 1319 1334 persecutus
1343 1278 1626 1331 (Artaxerxes
1652 1279 1878 1331 Mnemon)
1899 1302 1957 1309 —
1977 1276 2191 1334 primum

210 1347 433 1392 Dotamen
466 1375 516 1380 —-
548 1349 706 1393 deinde
735 1375 793 1380 —-
821 1348 1182 1404 Ariobarzanen,
1215 1349 1374 1394 deinde
1402 1349 1457 1393 in
1481 1349 1620 1406 Syria
1643 1349 1925 1406 praefectum
1944 1349 2190 1393 Armeniae

215 1419 423 1465 Oronten.
484 1424 720 1477 Discrepat
750 1434 856 1464 sane
886 1423 1113 1464 Diodorus
1143 1424 1237 1477 XV,
1263 1427 1329 1477 90,
1354 1428 1397 1464 3:
1439 1418 1645 1481 Ὀρόντης
1688 1423 1764 1479 μὲν
1801 1429 1878 1480 τῆς
1907 1420 2076 1470 Μυσίας
2117 1437 2188 1466 σα-

207 1493 383 1554 τράπης.
442 1495 498 1536 At
527 1496 602 1536 hic
641 1498 847 1548 tempora
880 1495 1137 1537 confudisse
1164 1496 1368 1549 videtur3
1411 1507 1574 1549 nempe
1605 1507 1709 1537 cum
1741 1497 1787 1537 in
1816 1496 1951 1537 fidem
1981 1496 2190 1537 rediisset

209 1568 402 1620 Mysiam
433 1569 474 1609 ei
505 1568 694 1621 praemii
716 1568 815 1609 loco
839 1567 990 1609 datam
1017 1579 1116 1609 esse
1137 1579 1227 1609 non
1256 1568 1571 1621 improbabilis
1602 1571 1671 1610 est
1701 1570 1920 1610 sententia
1950 1569 1998 1610 E.
2020 1569 2188 1621 Meyeri

211 1640 366 1681 Gesch.
399 1639 478 1681 des
507 1641 788 1681 Alterthums
809 1640 847 1679 V
878 1651 921 1693 p.
947 1643 1041 1681 487.
1092 1641 1175 1680 Per
1205 1640 1279 1682 illa
1300 1641 1520 1693 quattuor
1540 1640 1755 1682 decennia
1775 1643 1878 1682 ante
1898 1641 2188 1682 rebellionem

209 1714 330 1752 certe
360 1723 451 1753 una
481 1723 553 1753 res
593 1712 903 1753 memorabilis
945 1713 1110 1754 tradita
1139 1714 1226 1753 est:
1265 1713 1392 1754 Anno
1426 1716 1506 1754 382
1539 1725 1576 1754 a.
1607 1713 1707 1754 Chr.
1740 1714 1960 1754 exercitui
1990 1712 2188 1766 pedestri

209 1785 326 1836 regis
357 1784 552 1837 praefuit
590 1785 636 1825 in
667 1784 783 1826 bello
816 1786 972 1826 contra
1004 1785 1195 1838 Cyprios
1233 1785 1428 1838 (Diodor.
1461 1785 1558 1838 XV,
1591 1789 1630 1839 2,
1663 1786 1717 1838 4).
1778 1785 1892 1827 Cum
1930 1785 2187 1826 Tiribazum

209 1856 439 1898 aemulum
471 1856 592 1910 apud
612 1868 765 1909 regem
787 1859 1046 1899 accusasset
1067 1859 1111 1898 et
1130 1858 1336 1900 vinctum
1358 1858 1416 1899 ad
1437 1858 1565 1899 illum
1588 1858 1786 1899 misisset
1817 1857 1957 1910 (Diod.
1978 1858 2072 1911 XV,
2092 1862 2129 1909 8,
2149 1858 2187 1910 3)

211 1930 255 1969 et
284 1928 506 1970 militibus
536 1929 873 1981 indignantibus
902 1940 1074 1982 pavens
1106 1941 1411 1983 praepropere
1441 1941 1600 1983 pacem
1631 1940 1737 1971 cum
1768 1930 1974 1982 Euagora
2011 1929 2190 1970 fecisset

212 2001 355 2053 (Diod.
387 2001 480 2054 XV,
513 2005 551 2054 9,
583 2001 634 2055 3),
675 2001 900 2043 calumnia
936 2001 1159 2054 patefacta
1190 2014 1215 2043 a
1255 2013 1356 2055 rege
1398 2013 1578 2043 summa
1607 2002 1852 2054 ignominia
1894 2001 2080 2043 affectus
2118 2003 2188 2043 est

212 2073 352 2125 (Diod.
381 2073 475 2127 XV,
509 2077 576 2127 Μ,
608 2073 661 2125 2).
723 2074 810 2114 Sed
849 2085 954 2115 eum
985 2074 1162 2116 labente
1192 2076 1397 2127 tempore
1435 2075 1697 2115 restitutum
1735 2085 1833 2115 esse
1865 2076 2063 2127 apparet.
2124 2074 2187 2114 De

212 2146 406 2186 nominis
435 2146 661 2198 scriptura
681 2147 930 2187 fluctuante
961 2159 1002 2188 v.
1027 2159 1068 2187 n.
1093 2147 1208 2199 3917,
1243 2147 1297 2187 de
1317 2148 1445 2199 patre
1466 2146 1682 2199 Artasyra
1715 2159 1755 2187 n.
1781 2150 1860 2187 390
1871 2145 1903 2187 6.
2042 2150 2065 2187 5
2105 2146 2188 2186 De-

212 2217 451 2258 fectionem
482 2218 661 2259 Orontis
699 2219 755 2259 ad
793 2230 960 2259 annum
995 2215 1118 2272 362sl
1166 2218 1302 2260 refert
1331 2219 1560 2260 Diodorus
1587 2219 1681 2272 XV,
1713 2221 1780 2271 90,
1812 2222 1849 2259 3.
1912 2218 1997 2259 Sed
2035 2218 2186 2270 paullo

211 2291 316 2342 post
347 2289 536 2331 desertis
567 2291 702 2332 sociis
733 2290 995 2332 defectionis
1026 2301 1132 2331 cum
1163 2301 1267 2343 rege
1296 2291 1343 2331 in
1373 2291 1563 2343 gratiam
1592 2290 1734 2331 rediit
1763 2290 2024 2343 Mysiaeque
2060 2301 2189 2342 prae-

211 2361 355 2403 fectus
386 2363 466 2403 est.
528 2362 696 2403 Deinde
726 2373 836 2404 vero
869 2363 1037 2404 iterum
1075 2362 1209 2404 fidem
1250 2363 1387 2416 exuit,
1428 2373 1480 2403 ac
1520 2362 1642 2403 certe
1679 2374 1795 2404 anno
1830 2364 1909 2402 354
1943 2373 1986 2415 p.
2020 2362 2119 2403 Chr.
2145 2374 2187 2403 n.

212 2445 317 2475 eum
347 2445 508 2475 rursus
539 2435 752 2476 rebellem
783 2435 923 2476 fuisse
954 2436 1148 2476 testatur
1176 2435 1505 2476 Demosthenes
1535 2434 1649 2487 XIV,
1674 2437 1739 2475 3⁴:
1782 2433 1865 2491 ἐγὼ
1895 2432 1973 2492 γὰρ
2002 2431 2189 2492 ἡγοῦμαι

213 2501 271 2547 ἐπ’
297 2502 512 2562 Αἴγυπτον
545 2505 621 2561 μὲν
653 2501 946 2562 καὶὈρόνταν
977 2505 1048 2548 καί
1077 2521 1193 2553 τινας
1221 2512 1306 2548 τῶν
1338 2504 1481 2548 ἄλλων
1515 2505 1737 2562 βαρβάρων
1759 2503 1945 2552 πολλοὺς
1977 2503 2026 2547 ἂν
2058 2503 2189 2562 θελῆ-

211 2591 281 2619 σαι
300 2601 344 2608 -
366 2575 640 2636 μισθοφορεῖν
663 2573 755 2637 παρ’
778 2577 937 2635 ἐκείνῳ,
970 2580 996 2620 i.
1016 2591 1052 2620 e.
1076 2579 1198 2633 apud
1220 2591 1371 2632 regem
1388 2579 1679 2621 Artaxerxem
1697 2579 1754 2619 111
1770 2579 1943 2620 Ochum
1961 2579 2186 2630 (358—-337

212 2662 249 2691 a.
272 2651 372 2691 Chr.
396 2651 468 2702 n.).
529 2652 610 2691 Per
639 2652 775 2693 huius
806 2652 990 2693 alterius
1023 2652 1254 2693 seditionis
1285 2653 1491 2704 tempora
1512 2651 1751 2692 manifesto
1783 2651 2043 2692 acciderunt
2072 2662 2189 2703 quae

211 2723 463 2776 Polyaenus
495 2724 647 2764 narrat
676 2723 767 2776 VII,
801 2725 868 2777 ⁴4,
899 2727 936 2764 3.
970 2726 991 2764 4
1033 2724 1089 2764 ad
1120 2723 1291 2776 Cymen
1322 2723 1516 2764 Aeolidis
1555 2723 1612 2764 ab
1644 2723 1809 2764 Oronte
1851 2724 2009 2764 contra
2046 2721 2188 2763 Auto-

211 2795 478 2847 phradatem
508 2794 701 2836 bellante
732 2797 857 2847 gesta
887 2806 999 2836 esse.
1059 2795 1186 2836 Anno
1221 2792 1350 2851 354s0
1383 2795 1560 2848 (Meyer)
1593 2795 1648 2836 de
1678 2795 1846 2836 auxilio
1881 2795 1922 2836 ei
1952 2795 2185 2848 mittendo,

212 2879 302 2919 quo
335 2869 542 2921 tempore
566 2867 745 2920 Chares,
778 2867 1089 2920 Charidemus,
1120 2868 1285 2908 Phocio
1316 2869 1548 2920 praetores
1579 2869 1687 2920 erat,
1720 2867 2020 2908 decreverunt
2048 2867 2188 2907 Athe-

211 2940 403 2993 nienses,
441 2951 557 2981 anno
599 2936 728 2994 349s8
761 2951 798 2980 a.
831 2939 931 2980 Chr.
964 2951 1005 2981 n.
1053 2950 1159 2980 eum
1198 2940 1380 2980 civitate
1422 2940 1706 2981 donaverunt
1743 2940 1803 2992 (C.
1832 2941 1863 2980 Ι.
1891 2939 1978 2980 Att.
2007 2940 2045 2979 II
2077 2939 2186 2990 408).

211 3012 362 3053 Paullo
401 3014 506 3065 post
543 3012 664 3052 hunc
702 3022 871 3052 annum
911 3023 1016 3052 cum
1055 3022 1159 3063 rege
1189 3012 1235 3052 in
1274 3013 1465 3064 gratiam
1504 3012 1692 3053 rediisse
1722 3011 1915 3053 videtur.
1966 3012 2011 3052 E.
2034 3012 2188 3063 Meyer

213 3083 478 3124 Geschichte
505 3083 584 3124 des
604 3083 881 3124 Alterthums
903 3083 941 3124 V
972 3094 1015 3136 p.
1041 3085 1135 3125 487.
1284 3088 1306 3124 6
1346 3083 1616 3126 Artaxerxes
1636 3085 1670 3124 ΙΙ
1704 3085 1913 3125 Mnemon
1945 3084 2185 3135 (404—358

211 3167 250 3196 a.
286 3156 387 3197 Chr.
423 3155 494 3207 n.).
700 3159 722 3196 7
763 3156 997 3208 Supplevit
1034 3155 1230 3196 Frankel.
1291 3153 1498 3212 κόηλπον]
1543 3157 1621 3197 Th.
1654 3156 1859 3209 Reinach,
1911 3155 1991 3208 qui
2036 3155 2186 3196 sinum

211 3226 488 3269 Elaeaticum
509 3227 726 3280 intellegit
746 3238 798 3268 ac
819 3226 980 3268 deinde
1010 3225 1087 3282 τὴν
1118 3224 1300 3269 παλαιὰν
1332 3225 1455 3268 πόλιν
1487 3228 1544 3269 ad
1565 3227 1883 3269 Teuthraniam
1904 3226 2050 3267 refert.
2102 3226 2186 3267 Sed

211 3297 373 3341 κόλπον
406 3301 647 3352 propterea
677 3299 782 3340 ferri
817 3311 909 3341 non
939 3309 1074 3352 posse
1106 3299 1211 3351 quia
1251 3299 1422 3352 ubique
1459 3300 1504 3340 in
1541 3300 1628 3341 hoc
1664 3300 1795 3340 titulo
1826 3309 1986 3340 versus
2026 3298 2082 3339 ab
2119 3299 2186 3338 in-

212 3372 347 3422 tegris
379 3371 565 3424 syllabis
597 3373 846 3425 inciperent
882 3371 1038 3413 docuit
1066 3370 1262 3411 Frankel.
1325 3371 1454 3419 Quod
1484 3383 1593 3414 vero
1624 3374 1731 3425 post
1762 3374 1834 3413 ΚΟ
1866 3371 2061 3411 litteram
2096 3371 2105 3411 Ι
2139 3371 2184 3410 in

213 3445 376 3495 ectypo
410 3444 570 3496 dispici
601 3443 737 3485 refert
765 3444 827 3497 R„
867 3455 971 3484 eum
1009 3444 1055 3484 in
1091 3454 1246 3484 errore
1276 3445 1448 3484 versari
1487 3446 1716 3485 asseverat
1745 3443 1950 3495 Frankel;
1994 3454 2098 3483 nam
2129 3453 2184 3483 ex

213 3515 376 3566 ectypo
399 3516 544 3557 musei
570 3517 869 3557 Berolinensis
890 3526 1108 3569 apparere
1129 3526 1221 3556 non
1241 3514 1437 3556 litteram
1458 3527 1558 3557 eam
1581 3526 1693 3569 esse,
1720 3515 1800 3556 sed
1821 3514 2052 3556 fortuitam
2073 3515 2184 3566 lapi-

213 3585 281 3626 dis
303 3587 478 3628 rimam.
525 3588 751 3641 Oppidum
772 3589 1152 3640 Pergamenorum
1173 3587 1321 3640 primo
1348 3588 1393 3628 in
1420 3589 1574 3629 monte
1595 3587 1826 3629 conditum
1847 3589 2006 3639 postea
2030 3586 2182 3627 nescio

214 3669 305 3709 quo
336 3659 541 3711 tempore
572 3661 616 3701 in
653 3660 889 3714 planiciem
920 3661 1173 3714 proximam
1206 3659 1473 3700 translatum
1505 3662 1613 3713 erat,
1654 3660 1732 3701 sed
1773 3659 1830 3700 ab
1861 3659 2026 3700 Oronte
2061 3659 2183 3699 cives
