2314 3970
195 167 300 219 608
619 166 690 207 VI.
737 167 883 217 Regna
914 165 1075 205 Asiana
1107 165 1294 204 minora.
1357 168 1394 204 7.
1427 164 1739 216 Commagene.
2014 165 2173 216 [390—

196 351 348 393 pugna
378 339 433 381 ad
456 339 635 379 Cunaxa
658 349 696 377 a.
722 339 793 377 404
826 348 863 377 a.
887 337 987 377 Chr.
1012 337 1066 387 n.)
1097 333 1356 391 τεθνηκότος
1376 330 1625 392 Ἀρτασύρας
1657 333 1679 377 ὁ
1711 334 1919 390 βασιλέως
1951 334 2175 393 ὀφθαλμὸς

198 409 345 468 ἔτυχεν
385 409 505 464 ἵππῳ
547 405 864 463 παρεξελαύνων
902 405 995 449 κτλ.
1056 407 1280 460 Tempora
1315 407 1512 460 perbene
1552 409 1843 449 conveniunt.
1903 408 2016 450 Nam
2057 409 2175 450 filius

196 483 439 534 Artasyrae
470 481 658 521 Orontes
691 479 946 531 (Aroandes)
979 480 1062 520 etsi
1094 479 1253 520 eodem
1285 490 1401 520 anno
1433 481 1507 519 404
1539 491 1576 520 a.
1601 479 1700 520 Chr.
1733 491 1775 521 n.
1807 480 1943 521 filiam
1984 481 2100 532 regis
2131 482 2176 521 in

198 553 539 594 matrimonium
571 551 700 592 duxit
731 551 884 602 (Anab.
908 552 958 604 11,
981 553 1020 604 4,
1044 550 1096 604 8),
1138 552 1290 592 tamen
1322 550 1586 591 adulescens
1617 553 1717 591 tum
1757 551 1854 603 fuit,
1895 552 2068 604 quippe
2099 553 2178 604 qui

200 626 302 678 plus
333 635 471 676 quam
502 623 800 664 semisaeculo
823 625 931 675 post
952 623 1049 674 (349
1073 634 1110 663 a.
1134 622 1249 673 Chr.)
1282 623 1522 663 etiamtum
1543 622 1660 663 inter
1679 622 1980 664 vivos-fuerit.
2032 623 2178 671 Quare

197 698 326 749 pater
372 696 470 736 eius
514 695 675 748 proelii
724 705 814 747 quo
857 694 1002 747 Cyrus
1044 695 1223 735 occisus
1263 696 1331 735 est
1377 695 1583 747 tempore
1627 705 1717 735 non
1765 694 1901 736 modo
1948 697 2179 747 superstes

198 768 337 809 fuisse
367 768 530 821 potest,
568 766 648 808 sed
679 766 879 808 nondum
913 777 1066 807 senem
1098 768 1255 807 exacta
1286 767 1431 807 aetate
1461 768 1559 806 tum
1591 766 1730 807 fuisse
1759 766 1995 819 probabile
2024 769 2106 807 est.

307 987 417 1042 391
480 991 671 1040 Tabula
716 991 780 1039 ab
827 992 1021 1040 oriente
1067 995 1212 1040 sexta
1254 991 1306 1039 in
1352 990 1667 1040 meridionali
1722 989 1898 1039 ordine
1951 990 2181 1055 planiciei

200 1077 520 1127 occidentalis
577 1074 645 1144 (v.
683 1078 870 1126 lemma
917 1092 966 1126 n.
998 1074 1135 1143 383).
1217 1076 1576 1142 Anaglyphum
1632 1077 1853 1146 evanuit,
1911 1077 2085 1126 titulus
2129 1077 2181 1125 in

198 1164 368 1213 multis
406 1163 641 1213 tenuibus
689 1163 1004 1229 fragmentis,
1051 1177 1181 1228 quae
1225 1177 1256 1211 a
1298 1163 1496 1228 postica
1543 1162 1747 1212 tabulae
1790 1165 1937 1228 parte
1984 1163 2183 1212 abscisa

201 1255 361 1314 erant,
402 1250 491 1299 sed
530 1264 561 1298 a
586 1248 910 1299 Puchsteinio
948 1263 1127 1299 rursus
1167 1250 1435 1298 coniuncta
1473 1253 1522 1298 et
1560 1253 1742 1315 ectypo
1779 1263 2023 1314 expressa
2047 1252 2179 1313 sunt,

199 1339 378 1386 exstat.
443 1337 628 1385 Postea
653 1335 992 1400 Hamdy-Bey
1030 1350 1091 1385 ea
1116 1335 1587 1401 Constantinopolin
1615 1336 1788 1385 avexit
1826 1339 1875 1384 et
1912 1336 2183 1399 imaginem

200 1422 330 1471 tituli
366 1423 635 1488 proposuit
671 1422 740 1470 Le
778 1423 1002 1471 tumulus
1042 1422 1104 1471 de
1134 1421 1556 1486 Nemroud-dagh
1594 1421 1715 1471 Tab.
1743 1422 1823 1471 VI.
1886 1421 1964 1469 Ex
2000 1426 2182 1487 ectypo

200 1523 293 1558 suo
333 1509 408 1559 ed.
450 1508 507 1558 Ο.
535 1507 809 1557 Puchstein
848 1509 1032 1557 Reisen
1069 1509 1121 1557 in
1159 1508 1445 1558 Kleinasien
1481 1509 1588 1557 und
1626 1507 1941 1572 Nordsyrien
1978 1523 2028 1572 p.
2060 1508 2180 1557 305.

202 1593 273 1644 Cf.
316 1609 446 1660 quae
484 1595 721 1660 exposuit
758 1594 848 1644 Th.
878 1594 1102 1645 Reinaeh
1139 1595 1314 1645 Revue
1349 1596 1437 1644 des
1465 1594 1640 1644 etudes
1666 1608 1912 1659 grecques
1937 1594 2004 1642 III
2044 1593 2180 1643 4890

199 1697 250 1747 p.
281 1681 383 1731 365
406 1697 516 1747 sqq.

345 1813 634 1885 [ΒΙασιλεὺς
682 1816 835 1886 μέγας
870 1811 1150 1886 Ἀντίοχος1
1189 1813 1195 1886 Ι
1236 1813 1390 1875 θεὸς2
1437 1814 1643 1875 Δίκαιος
1675 1810 1962 1886 Ἐπιφανὴς
2012 1813 2186 1883 ΦιλοΙ-

346 1901 569 1971 ρωμαῖος
613 1900 701 1954 καὶ
739 1901 992 1971 Φιλέλλην
1006 1903 1043 1971 3,
1092 1902 1119 1954 ὁ
1169 1903 1226 1972 ἐγ
1266 1900 1272 1971 Ι
1315 1902 1600 1972 βασ[ι]λέως
1639 1898 2010 1971 Μιθραδάτου4
2045 1898 2188 1952 Καλ-

287 2002 313 2042 5
341 1986 614 2060 λιΙΙνίκο[ι)]5
673 1986 760 2041 καὶ
825 1987 1119 2059 βασιλίσσης
1181 1988 1436 2058 Λαοδίκης
1488 1987 1494 2058 Ι
1550 1988 1675 2046 θεᾶς
1738 1987 2114 2057 Φιλαδέλφουθ,
2176 1985 2182 2055 Ι

338 2071 614 2145 Ἀροάνδην
644 2070 998 2145 Ἀρτασούρα7,
1042 2073 1126 2126 τὸν
1170 2071 1176 2141 Ι
1215 2075 1515 2144 γαμήσαντα
1548 2072 1841 2144 βασίλισσαν
1884 2069 2190 2143 ΙῬοὸογού-

260 2173 313 2213 10
342 2162 466 2229 νην8
500 2159 590 2230 τὴν
625 2155 972 2231 Ἀρταξέρξοο9
1005 2160 1022 2230 ΙΙ
1058 2160 1330 2230 θυγατέρα.

317 2320 382 2360 De
402 2319 656 2361 litteratura
675 2331 720 2360 v.
743 2319 800 2361 ad
821 2331 863 2361 n.
887 2323 984 2361 383.
1133 2323 1148 2359 4
1196 2321 1368 2362 ΟΧΟι..
1501 2323 1525 2359 2
1559 2321 1711 2361 ΟΕοΕ.
1849 2321 1871 2357 3
1912 2317 1974 2359 Cf.
2006 2329 2048 2358 n.
2069 2317 2189 2358 3831.

207 2393 230 2432 4
272 2393 675 2434 MlOE'AAATOY.
823 2396 847 2433 5
888 2392 950 2434 Cf.
982 2404 1023 2433 n.
1049 2390 1173 2432 3832.
1332 2395 1357 2433 6
1399 2391 1461 2433 Cf.
1492 2402 1535 2432 n.
1560 2389 1682 2432 3833.
1831 2394 1854 2430 7
1893 2390 2018 2430 Idem
2049 2390 2188 2430 homo
2283 2429 2286 2435 ,

203 2474 245 2503 n.
276 2466 372 2515 264,
404 2464 441 2504 4.
471 2466 494 2502 5
539 2463 796 2516 appellatur
826 2457 1036 2522 Ὀρόντης
1065 2457 1344 2521 Ἀρτασὺ[ρου,
1381 2461 1429 2505 τὸ
1470 2460 1606 2520 γέν]ος
1642 2458 1869 2517 Βάκτριος.
1927 2460 2043 2503 Nam
2081 2461 2191 2513 quin
2276 2447 2309 2509 ξι

203 2535 326 2576 idem
357 2536 428 2588 sit,
466 2536 610 2588 patris
639 2547 808 2576 nomen
838 2538 884 2576 et
922 2538 1186 2588 temporum
1217 2536 1416 2577 rationes
1448 2535 1649 2576 dubitari
1686 2546 1778 2575 non
1816 2535 1982 2575 sinunt.
2043 2533 2191 2574 Multi-

205 2606 363 2648 fariam
395 2610 783 2649 commemoratur
821 2609 866 2648 in
908 2607 1046 2649 rebus
1084 2608 1211 2660 regni
1241 2608 1408 2649 Persici
1447 2619 1531 2660 per
1561 2618 1787 2648 annorum
1829 2607 2055 2647 404-349
2089 2616 2191 2658 spa-

204 2679 335 2720 tium.
394 2678 688 2720 Accuratiora
731 2680 786 2720 de
831 2691 884 2720 eo
922 2680 1027 2720 vide
1066 2692 1108 2721 n.
1143 2679 1266 2720 2644.
1326 2679 1634 2720 Memorabilis
1671 2680 1717 2719 in
1763 2678 1947 2719 nomine
1990 2676 2188 2718 barbaro

205 2750 371 2791 Graece
411 2751 708 2803 exprimendo
753 2752 1069 2792 inconstantia.
1131 2751 1179 2791 In
1219 2752 1290 2792 his
1330 2751 1475 2792 titulis
1515 2750 1688 2804 ubique
1727 2751 1784 2803 (n.
1807 2752 1903 2803 390,
1938 2753 1977 2790 7.
2027 2753 2122 2801 394,
2152 2753 2190 2789 ’7.

208 2825 304 2875 392,
327 2825 396 2864 40.
436 2826 533 2875 393,
555 2823 595 2873 7)
632 2817 858 2878 Ἀρυάνδης
889 2825 971 2876 est,
1010 2834 1116 2864 eum
1147 2823 1383 2876 inscriptio
1416 2823 1692 2875 Pergamena
1732 2834 1774 2863 n.
1798 2825 1894 2875 264,
1927 2824 1950 2862 4
1990 2823 2192 2873 itemque

205 2895 452 2947 scriptores
490 2894 694 2948 plerique
722 2891 934 2952 Ὀρόντης
972 2894 1180 2936 habeant.
1242 2895 1367 2936 Illam
1406 2896 1679 2948 scripturam
1716 2895 1854 2935 etiam
1891 2893 2014 2947 apud
2051 2893 2193 2945 Hesy-

206 2966 360 3006 chium
403 2960 688 3022 Ἀροανδικόν·
734 2965 934 3022 νόμισμα,
983 2957 1018 3023 ᾧ
1057 2972 1246 3024 χρῶνται
1283 2963 1522 3024 Αἰγύπτιοι,
1565 2965 1650 3008 ἀπὸ
1686 2961 1909 3021 Ἀροάνδου
1952 2975 2191 3006 occurrere

206 3039 385 3079 monuit
412 3038 622 3092 Reinach,
655 3039 735 3092 qui
766 3039 886 3079 idem
918 3039 1188 3080 monstravit
1217 3039 1326 3079 alias
1356 3039 1552 3080 nominis
1584 3039 1753 3080 formas
1781 3032 2007 3095 Ἀρυάνδης
2039 3037 2192 3088 (Hero-

207 3109 299 3151 dot
321 3109 393 3164 IV,
417 3113 513 3151 465.
545 3113 643 3151 466.
670 3113 765 3151 467.
797 3114 893 3152 200.
927 3114 1024 3151 203.
1076 3110 1288 3163 Polyaen.
1309 3111 1402 3164 VII,
1427 3114 1494 3151 34.
1535 3111 1648 3164 VIII,
1673 3110 1755 3163 47),
1794 3103 2032 3167 Ὀρυάνδης
2071 3108 2190 3160 (nam

204 3192 288 3234 pro
303 3175 564 3240 Ὀρυάνδρου
586 3182 770 3223 videtur
786 3176 1017 3239 Ὀρυάνδου
1042 3183 1375 3223 emendandum
1397 3194 1497 3224 esse
1518 3182 1640 3236 apud
1662 3182 1942 3235 Polyaenum
1954 3181 2044 3233 Vll,
2055 3184 2103 3220 44
2114 3180 2191 3233 „7)

203 3246 438 3310 Ὀροάνδης
461 3253 634 3305 (Suidas
650 3248 908 3312 Ὀροάνδης·
941 3252 1078 3310 ὄνομα
1097 3252 1259 3310 κύριον,
1278 3247 1530 3310 Ὀροάνδου.
1581 3254 1804 3295 Plutarch.
1821 3253 1978 3294 Aemil.
1995 3252 2118 3292 Paul.
2137 3255 2189 3291 26

208 3322 257 3364 οὐ
290 3322 375 3379 μὴν
406 3322 518 3367 ἀλλὰ
546 3323 750 3368 λανθάνει
768 3340 859 3373 πως
891 3324 913 3368 ὁ
935 3323 1124 3385 Περσεὺς
1140 3320 1378 3384 Ὀροάνδην
1408 3325 1502 3368 τινὰ
1532 3321 1687 3382 Κρῆτα
1714 3323 1921 3382 λέμβον”
1899 3338 2056 3381 εχοντα
2085 3337 2191 3377 συμ-

207 3393 353 3442 πείσας
384 3395 490 3451 μετὰ
518 3395 754 3455 χρημάτων
795 3395 1024 3453 ἀναλαβεῖν
1056 3395 1212 3451 αυτόν),
1247 3391 1483 3454 Οροόνδης
1514 3399 1559 3438 et
1582 3392 1818 3454 Ὀροόντης
1846 3397 1894 3437 in
1922 3395 2190 3448 compositis
2313 3441 2314 3450 Ι

208 3463 491 3525 Ὀροονδάτης
532 3471 577 3510 et
608 3464 965 3528 Ὀροοντοπάτης,
1005 3471 1051 3511 in
1090 3470 1257 3523 quibus
1295 3481 1378 3522 per
1422 3470 1623 3522 singulos
1669 3469 1836 3521 gradus
1880 3468 2124 3509 transitum
2165 3478 2191 3507 a
2262 3490 2266 3493 -
2312 3471 2314 3504 ἑ

210 3537 356 3580 forma
394 3552 500 3582 vere
530 3542 708 3584 Persica
747 3536 971 3599 Ἀροάνδης
1010 3543 1067 3583 ad
1105 3553 1206 3583 eam
1245 3552 1361 3594 quae
1394 3542 1574 3583 Graecis
1614 3541 1846 3583 familiaris
1876 3539 1961 3581 fuit
1983 3533 2166 3596 Ὀρόντη

210 3613 423 3664 persequi
468 3613 585 3654 licet.
790 3617 812 3654 8
854 3614 944 3655 Hae
991 3615 1175 3668 nuptiae
1221 3613 1362 3655 factae
1408 3615 1514 3654 sunt
1553 3625 1669 3655 anno
1710 3616 1781 3653 404
1823 3624 1860 3653 a.
1890 3611 1991 3653 Chr.
2019 3623 2061 3651 n.
2128 3610 2180 3671 C„
2259 3646 2262 3650 ,
2312 3617 2314 3649 1
