2314 3970
92 232 190 289 ⁴03]
472 228 753 275 Ptolemaeus
774 228 831 273 VI
862 227 1135 274 Philometor
1167 232 1196 284 (4
1211 235 1341 272 84-4
1357 234 1406 271 46
1430 243 1468 272 a.
1492 228 1592 272 Chr.
1616 232 1685 280 n.).
1963 221 2064 281 179

87 405 340 468 προσέταξεν
370 405 417 448 δὲ
459 406 757 458 (Ptolemaeus
786 406 824 447 V
854 406 1112 460 Epiphanes
1148 417 1264 446 anno
1303 409 1380 445 497
1412 417 1450 446 a.
1482 405 1582 445 Chr.
1611 403 1667 455 n.)
1705 401 1778 445 καὶ
1806 401 1906 448 τοὺς
1936 418 2065 452 κατα-

87 477 398 537 πορευομὲνους
429 477 479 520 ἔκ
518 493 564 520 τε
591 483 677 520 τῶν
712 476 913 536 μαχίμων
942 476 1017 520 καὶ
1044 483 1130 519 τῶν
1160 474 1304 519 ἄλλων
1333 481 1418 519 τῶν
1456 473 1660 535 ἀλλότρια
1690 474 1990 532 φρονησάντων
2022 474 2065 516 ἐν

86 555 176 598 τοῖς
208 549 318 594 κατὰ
346 549 423 606 τὴν
452 549 646 608 ταραχὴν
674 553 841 605 καιροῖς
869 547 1155 595 κατελθόντας
1186 546 1324 604 μένειν
1357 546 1427 590 ἐπὶ
1453 553 1537 589 τῶν
1571 545 1686 588 ἰδίων
1721 546 1926 603 κτήσεων,
1967 549 2065 587 tum

86 635 194 666 vero
225 624 411 677 propter
440 623 556 663 hanc
584 623 731 675 ipsam
763 622 1031 663 seditionem
1061 621 1256 662 eundem
1286 631 1437 672 regem
1477 620 1589 661 illud
1620 621 1857 672 antiquum
1888 620 2067 660 institu-

86 699 183 738 tum
214 696 345 749 plane
376 695 630 748 sustulisse,
663 695 743 735 sed
773 697 824 735 ut
844 694 1171 747 Aegyptiorum
1203 693 1378 733 animos
1400 692 1703 746 permulceret
1733 693 1950 733 exercitui
1983 703 2067 732 suo

87 779 221 822 quem
253 770 350 808 tum
383 768 602 820 temporis
633 767 764 820 plane
795 778 915 808 nova
955 766 1131 807 ratione
1162 765 1391 806 ordinaret
1429 777 1596 806 nomen
1637 766 1904 818 antiquitate
1936 775 2067 805 vene-

86 841 226 882 rabile
258 837 457 896 μαχίμων
500 840 790 892 imposuisse.
852 842 1117 894 στρατιωτῶν
1155 838 1200 877 et
1241 834 1444 894 μαχίμων
1483 849 1595 877 vero
1636 838 1824 878 nomina
1864 837 1938 877 hic
1978 848 2069 878 non

86 914 202 954 inter
231 923 279 953 se
309 912 496 965 opponi,
527 911 607 952 sed
637 914 814 965 partem
845 922 950 952 cum
981 911 1077 951 toto
1100 909 1326 962 coniungi,
1358 909 1482 961 quod
1514 910 1632 950 idem
1655 911 1798 962 magis
1829 911 2069 963 perspicue

85 985 135 1026 fit
171 986 215 1025 in
261 995 436 1037 papyro
483 985 682 1025 Parisino
729 983 912 1025 Notices
952 984 997 1023 et
1038 982 1223 1022 extraits
1265 981 1344 1022 des
1386 982 1659 1022 manuscrits
1689 982 1830 1022 XVIII
1860 986 1884 1022 2
1928 981 2069 1034 (4865)

87 1069 129 1111 p.
154 1060 234 1097 368
267 1068 308 1097 n.
332 1059 399 1109 63,
423 1058 503 1096 474
538 1054 599 1111 μὴ
632 1054 790 1111 μόν(ο)ν
820 1053 874 1097 τὰ
902 1057 993 1100 τοῖς
1025 1051 1241 1111 μαχίμοις,
1272 1051 1385 1094 ἀλλὰ
1414 1051 1488 1094 καὶ
1517 1055 1608 1099 τοῖς
1638 1051 1785 1100 ἄλλοις
1818 1053 2069 1110 στρ[ατ]ευο-

86 1127 226 1185 μένοις
249 1125 508 1187 ὑπάρχοντα.
659 1132 682 1168 9
721 1127 1019 1176 Quaestorem
1042 1126 1283 1167 militarem
1305 1126 1628 1179 interpretatur
1649 1126 1692 1166 P.
1714 1127 1868 1178 Meyer
1895 1126 2067 1166 Heerw.

85 1213 128 1255 p.
152 1205 175 1242 6
215 1203 306 1243 not.
331 1204 399 1254 43,
445 1201 588 1254 probe
627 1200 996 1252 distinguendum
1037 1199 1164 1239 illum
1209 1198 1394 1251 quidem
1436 1210 1526 1239 non
1564 1198 1703 1239 modo
1745 1211 1768 1239 a
1815 1199 2069 1239 civitatium

86 1258 436 1327 quaestoribus,
462 1273 542 1315 sed
579 1274 715 1314 etiam
754 1284 780 1313 a
817 1272 951 1324 regiis
991 1271 1251 1312 oeconomis
1293 1271 1372 1323 qui
1418 1271 1701 1323 singulorum
1739 1282 1985 1311 nomorum
2027 1273 2071 1311 et

85 1347 320 1399 regionum
351 1346 527 1387 reditus
559 1345 819 1386 curaverint
851 1343 1081 1385 subiuncti
1113 1343 1345 1384 dioecetae
1376 1343 1513 1395 regio.
1573 1342 1630 1383 At
1660 1344 1915 1396 quaestoris
1956 1344 2071 1383 mili-

86 1419 195 1460 taris
227 1417 422 1459 officium
455 1419 546 1459 iam
577 1418 710 1459 titulo
748 1413 1025 1475 γραμματεὺς
1055 1420 1140 1457 τῶν
1171 1420 1440 1472 στρατιωτῶν
1470 1414 1543 1456 καὶ
1585 1413 1788 1473 μαχίμων
1832 1416 2069 1468 indicatur,

87 1501 226 1543 quare
257 1490 408 1530 nescio
451 1501 506 1530 an
545 1490 652 1530 huic
692 1488 978 1540 magistratui
1014 1488 1199 1528 militari
1240 1499 1266 1528 a
1304 1498 1408 1540 rege
1446 1487 1581 1528 simul
1623 1498 1730 1528 cura
1763 1488 1995 1528 redituum
2027 1490 2072 1527 et

87 1573 401 1615 expensarum,
443 1573 559 1614 quae
590 1573 682 1602 non
714 1561 770 1602 ad
801 1572 898 1601 rem
929 1560 1172 1601 militarem
1204 1562 1472 1613 spectarent,
1515 1571 1598 1612 per
1628 1560 1702 1600 illa
1733 1559 1831 1600 loca
1864 1559 2071 1600 mandata

89 1636 147 1676 sit
177 1646 318 1688 eaque
351 1634 486 1675 officii
508 1635 742 1687 provincia
771 1633 1071 1686 appellatione
1103 1631 1327 1687 οἰκονόμος
1358 1633 1594 1674 indicetur.
1642 1632 1702 1673 Cf.
1726 1644 1842 1685 quae
1864 1636 2070 1685 n.59,7.8

89 1707 143 1748 de
165 1707 394 1748 dioecetae
425 1709 469 1747 et
500 1707 736 1748 oeconomi
767 1707 945 1757 negotio
977 1706 1022 1746 in
1054 1706 1200 1746 insula
1231 1705 1375 1746 Thera
1403 1705 1626 1757 leguntur.
1678 1704 1833 1757 Neque
1865 1706 1910 1744 in
1940 1705 2072 1745 titulo

91 1783 157 1830 89,
182 1783 205 1820 6
244 1779 490 1831 quicquam
528 1779 658 1830 inest,
704 1778 827 1830 quod
869 1763 1057 1822 suadeat
1092 1779 1145 1817 ut
1183 1775 1407 1831 οἰκονόμος
1447 1782 1533 1817 τῶν
1579 1775 1689 1818 κατὰ
1726 1773 1971 1832 Ναύκρατιν
2018 1777 2072 1816 de

89 1851 235 1892 officio
267 1851 324 1892 ad
355 1863 450 1891 rem
474 1851 714 1892 militarem
738 1851 989 1903 pertinente
1011 1851 1364 1903 interpretemur
1385 1861 1488 1890 cum
1513 1850 1708 1902 Meyero.
1759 1849 1915 1890 Fuisse
1936 1850 2072 1890 etiam

87 1925 213 1965 extra
243 1924 500 1976 Aegyptum
532 1923 756 1964 eiusmodi
787 1924 934 1975 regios
965 1933 1240 1963 oeconomos
1272 1923 1443 1975 civiles,
1479 1934 1568 1963 non
1600 1922 1832 1974 militares,
1874 1933 1954 1974 per
1984 1923 2072 1962 sin-

88 1997 213 2049 gulas
245 1996 414 2036 insulas
446 1996 708 2047 regionesve
739 1995 999 2036 testimonio
1033 1997 1102 2035 est
1133 1995 1291 2035 titulus
1324 1996 1430 2035 item
1464 1995 1690 2035 Theraeus
1721 2006 1763 2035 n.
1787 1998 1855 2047 59,
1879 1998 1918 2035 9.

198 2208 309 2264 103
359 2214 511 2280 Lapis
547 2214 783 2263 inventus
821 2213 900 2263 die
941 2213 1005 2261 49
1041 2229 1108 2262 m.
1138 2213 1283 2262 Febr.
1313 2228 1357 2262 a.
1391 2213 1525 2261 4884
1567 2213 1876 2262 Ptolemaide
1904 2209 2074 2280 (Men-

8 2373 10 2383 Ι
88 2296 269 2368 εὴῇθὴ)
306 2301 356 2348 in
383 2301 536 2350 domo
562 2301 764 2366 privata
789 2300 979 2366 oppidi.
1045 2301 1134 2349 Ed.
1175 2300 1228 2350 E.
1259 2301 1415 2349 Miller
1453 2301 1577 2349 Bull.
1607 2300 1669 2348 de
1697 2314 1825 2349 corr.
1854 2301 1977 2350 Hell.
2006 2301 2074 2348 IX

90 2383 266 2454 (4885)
305 2403 353 2452 p.
388 2387 478 2436 444
528 2402 575 2436 n.
607 2387 636 2435 3
678 2388 758 2453 (M.
787 2388 842 2437 L.
864 2386 1045 2436 Strack
1081 2387 1171 2435 Die
1196 2386 1439 2451 Dynastie
1467 2387 1557 2435 der
1583 2387 1869 2435 Ptolemaer
1894 2403 1943 2452 p.
1968 2387 2070 2437 250

235 2598 447 2653 Βασιλεῖ
473 2598 796 2669 Πτολεμαίωι
821 2600 948 2653 θεῶι
990 2599 995 2670 Ι
1037 2601 1422 2671 Φιλο(μ)ἡτορι1
1461 2599 1582 2670 ὑπὲρ
1612 2596 1888 2653 Ἱππάλουῖ
1929 2602 1933 2670 Ι
1975 2604 2070 2653 τῶν

206 2761 397 2801 Litterae
430 2760 634 2812 volgares
665 2762 844 2812 praeter
873 2761 971 2802 ΠΣ.
1124 2763 1139 2800 4
1187 2761 1548 2802 ΦΙΛΟΝΗΤΘΡΙ.
1611 2761 1740 2801 Initio
1774 2761 1897 2812 regni
1931 2760 2072 2801 Ptole-

19 2825 21 2838 ¹
80 2833 208 2874 smaei
230 2832 543 2873 Philometoris
576 2833 666 2884 (484
696 2844 734 2873 a.
757 2832 855 2873 Chr.
881 2833 938 2883 n.)
969 2833 1084 2873 hanc
1107 2831 1435 2873 dedicationem
1460 2834 1757 2873 recentiorem
1781 2843 1881 2873 esse
1913 2834 2073 2884 sponte

20 2932 24 2952 ι
91 2906 226 2957 patet.
287 2904 372 2945 Sed
409 2905 516 2957 quia
553 2906 710 2946 uxoris
751 2907 795 2945 et
834 2904 1084 2945 liberorum
1127 2905 1296 2945 mentio
1337 2916 1425 2946 non
1465 2904 1526 2958 fit,
1567 2916 1683 2945 anno
1718 2908 1797 2945 472
1829 2916 1865 2945 a.
1898 2905 1998 2945 Chr.
2030 2917 2070 2944 n.

93 2975 160 3028 (of.
192 2989 233 3018 n.
257 2977 379 3029 4061)
410 2977 715 3030 posteriorem
747 2988 835 3018 non
867 2988 965 3018 esse
996 2978 1366 3018 existimaverim.
1427 2976 1584 3029 Neque
1626 2989 1730 3017 cum
1771 2989 1821 3017 ea
1854 2978 2074 3017 sententia

24 3052 27 3096 1
93 3058 291 3101 pugnare
323 3051 433 3102 puto
471 3060 587 3102 quae
618 3050 673 3090 de
704 3049 894 3102 Hippalo
937 3050 1040 3101 (not.
1064 3049 1102 3100 2)
1135 3049 1314 3090 aliunde
1352 3052 1458 3090 nota
1497 3052 1614 3090 sunt.
1763 3052 1786 3087 2
1827 3050 1874 3089 In
1913 3048 2072 3088 eodem

25 3129 28 3138 ²
92 3121 345 3163 sacerdotio
383 3122 505 3162 hunc
542 3122 772 3162 hominem
812 3133 1050 3163 occurrere
1087 3123 1132 3162 in
1178 3122 1367 3174 papyris
1407 3122 1645 3162 demoticis
1684 3131 1906 3162 annorum
1949 3120 2073 3171 regni

95 3191 408 3234 Philometoris
440 3194 555 3234 sexti
577 3195 673 3241 (476
695 3205 733 3234 a.
756 3194 856 3235 Chr.
878 3194 950 3246 n.),
981 3194 1207 3235 undecimi
1233 3194 1322 3244 (474
1354 3205 1390 3234 a.
1415 3193 1515 3234 Chr.
1540 3194 1609 3246 n.),
1642 3193 1761 3233 tertii
1793 3194 1838 3232 et
1868 3193 2072 3232 vicesimi

30 3291 33 3306 ι
93 3263 191 3315 (459
212 3277 250 3305 a.
273 3265 373 3306 Chr.
397 3266 454 3316 n.)
487 3267 591 3317 post
621 3265 923 3306 Revilloutum
956 3267 1207 3307 Chrestom.
1241 3266 1502 3317 demotique
1534 3277 1575 3317 p.
1602 3267 1683 3304 435
1724 3267 1877 3304 monet
1918 3264 2071 3304 Miller.

99 3333 224 3382 Quod
261 3340 416 3378 contra
451 3338 681 3377 tricesimo
718 3349 809 3378 uno
847 3338 1051 3379 eiusdem
1094 3339 1210 3389 regis
1249 3349 1366 3378 anno
1410 3338 1498 3387 (451
1529 3349 1565 3376 a.
1590 3336 1706 3386 Chr.)
1749 3339 1793 3375 et
1831 3336 2070 3376 sacerdotii

97 3405 237 3459 ipsius
267 3409 461 3450 formam
492 3412 536 3449 et
566 3410 786 3450 rationem
817 3412 1038 3451 mutatam
1069 3420 1168 3450 esse
1210 3420 1355 3461 neque
1386 3408 1563 3460 Hippali
1595 3419 1761 3448 nomen
1794 3419 2070 3460 comparere.

27 3467 29 3470 ¹
99 3477 242 3526 Quare
273 3482 433 3522 merito
464 3482 551 3521 hoc
581 3493 695 3522 anno
726 3482 842 3522 hanc
869 3482 1196 3523 dedicationem
1219 3481 1519 3532 antiquiorem
1544 3481 1785 3520 existimat.
1837 3481 1919 3520 Sed
1949 3481 2071 3532 quod

27 3534 41 3549 ³
100 3549 214 3590 idem
247 3563 362 3592 anno
385 3552 624 3592 undecimo
647 3554 736 3604 (474
766 3565 802 3594 a.
827 3554 926 3594 Chr.
952 3554 1006 3604 n.)
1038 3554 1332 3594 recentiorem
1356 3553 1628 3603 pronuntiat,
1663 3551 1854 3603 probare
1883 3564 2069 3604 nequeo.

31 3642 33 3647 ·
100 3619 271 3663 Etenim
301 3624 376 3664 illo
409 3636 524 3664 anno
556 3625 791 3664 etiamtum
823 3625 977 3666 Cinam
1008 3625 1209 3666 Dosithei
1242 3624 1267 3664 f.
1302 3623 1583 3664 sacerdotem
1607 3623 1923 3664 Philometoris
1955 3626 2071 3675 regis

44 3691 47 3731 't
96 3693 146 3733 et
172 3693 432 3746 Cleopatrae
464 3697 619 3736 matris
651 3697 848 3748 itemque
880 3698 1064 3738 alterius
1086 3697 1346 3748 Cleopatrae
1369 3697 1536 3736 sororis
1569 3698 1612 3735 et
1633 3697 1790 3736 uxoris
1812 3707 1923 3748 esse,
1957 3708 2071 3736 anno

1644 3780 1728 3822 42*
