2314 3970
253 192 355 242 184
937 189 986 228 ll.
1034 188 1234 237 Regnum
1267 186 1547 237 Lagidarum.
2128 185 2225 237 [406

397 364 622 432 μήτορσι,
662 361 763 419 τοῖς
805 359 811 429 Ι
852 359 907 427 ἐγ
947 359 1197 428 βασιλέως
1226 356 1546 426 Πτολεμαίου
1572 356 1658 409 καὶ
1700 357 1705 426 Ι
1750 356 2041 428 βασιλίσσης
2069 354 2229 408 Κλεο-

338 464 361 503 5
393 446 609 518 πάτρας,
658 447 787 499 θεῶν
823 444 839 516 ΙΙ
871 441 1158 515 Ἐπιφανῶν
1196 442 1282 496 καὶ
1321 441 1673 514 Εὖχαρίστων,
1727 442 1733 514 Ι
1773 441 2145 514 χρηματισταὶ2
2182 444 2229 496 οἱ

393 533 446 586 τὸ
503 529 552 602 η’
591 530 677 584 καὶ
727 528 772 583 θ’
810 532 854 583 Ι..
897 530 902 600 Ι
951 531 1411 602 κεχρηματικότες3
1462 530 1513 582 ἐν
1567 532 1658 582 τῶι
1704 528 1711 600 Ι
1762 528 2084 600 Προσωπίτηι
2143 527 2229 581 καὶ

313 635 364 675 10
395 622 495 679 τοῖς
523 618 694 677 ἄλλοις
724 618 729 686 Ι
763 619 861 676 τοῖς
889 617 1268 688 μεμερισμένοις
1293 616 1498 685 νομοῖς4
1520 611 1843 686 ΙΙἭρακλέων
1872 611 2192 686 Πυθαγόρου,
2222 614 2228 683 Ι

365 841 388 877 2
432 839 494 878 De
525 837 919 878 chremetistarum
952 835 1150 888 collegiis
1181 834 1235 875 cf.
1267 834 1314 874 E.
1335 833 1468 874 Kuhn
1507 832 1587 873 Die
1627 832 1871 873 stadtische
1911 831 2003 872 und
2043 831 2231 883 biirger-

249 911 362 951 liche
384 908 656 961 Verfassung
688 908 766 949 des
792 913 905 949 ro'm.
927 908 1088 948 Reichs
1109 907 1145 947 11
1177 917 1219 959 p.
1241 908 1321 947 484
1341 917 1438 958 sqq.
1492 905 1538 946 G.
1563 904 1819 946 Lumbroso
1851 904 2130 944 Recherches
2153 914 2231 944 sur

249 980 513 1024 l'economie
543 981 762 1034 politique
803 980 857 1021 de
895 968 1099 1032 l’Egypte
1132 990 1174 1031 p.
1201 981 1280 1018 483
1300 988 1366 1030 sq.
1427 977 1471 1018 U.
1495 976 1699 1018 Wileken
1738 987 1807 1029 ap.
1839 977 2047 1030 Droysen
2080 975 2231 1016 Klelne

249 1053 468 1095 Schriften
499 1054 536 1093 Π
570 1064 611 1106 p.
637 1055 719 1093 436
739 1063 805 1105 sq.
858 1052 971 1092 Cum
1001 1052 1248 1104 unicuique
1279 1050 1434 1090 liceret
1464 1049 1518 1090 de
1550 1049 1686 1090 rebus
1717 1051 1761 1089 et
1782 1049 2105 1090 controversiis
2137 1049 2231 1089 suis

248 1135 400 1179 ipsum
441 1136 592 1177 regem
631 1124 767 1177 adire,
807 1125 852 1164 in
891 1124 961 1164 his
1004 1123 1217 1176 querellis
1259 1121 1496 1163 audiendis
1535 1123 1580 1162 et
1610 1121 1927 1174 disceptandis,
1969 1132 2058 1174 qua
2098 1120 2153 1161 de
2184 1131 2231 1160 re

250 1198 450 1239 sollenne
481 1199 551 1238 est
582 1195 855 1238 vocabulum
888 1193 1181 1253 χρηματίζειν,
1212 1191 1525 1252 χρηματισμός,
1558 1204 1718 1245 magna
1749 1203 1855 1245 pars
1878 1193 1960 1233 otii
1991 1194 2036 1232 et
2065 1191 2232 1233 laboris

249 1271 367 1322 regis
399 1269 755 1311 consumebatur
785 1278 931 1320 neque
963 1269 1113 1308 tamen
1144 1266 1357 1307 omnibus
1391 1266 1486 1307 sine
1508 1265 1640 1318 longa
1661 1276 1789 1305 mora
1813 1264 2019 1306 satisfieri
2042 1266 2231 1317 poterat.

249 1342 397 1390 Quare
428 1353 483 1382 ne
514 1341 688 1382 diutina
719 1340 921 1381 absentia
953 1340 1048 1391 agri
1079 1339 1259 1379 cultura
1290 1338 1613 1390 neglegeretur‚
1656 1337 1915 1377 institutum
1956 1339 2024 1377 est
2059 1339 2111 1377 ut
2153 1337 2231 1377 ho-

250 1415 408 1467 mines,
450 1414 529 1466 qui
561 1414 678 1465 regis
710 1414 808 1453 vice
839 1411 1143 1463 fungerentur,
1183 1421 1264 1463 per
1294 1412 1463 1451 terram
1495 1410 1830 1450 circumeuntes
1867 1409 2037 1461 ubique
2075 1409 2233 1450 incolis

251 1497 382 1527 aures
423 1485 703 1538 praeberent.
767 1483 820 1523 Hi
861 1485 967 1524 sunt
1004 1479 1304 1540 χρηματισταὶ,
1339 1492 1467 1534 ‘quos
1506 1481 1760 1522 Lumbroso
1806 1492 1895 1522 non
1939 1482 2090 1534 inepte
2127 1492 2232 1522 cum

249 1555 409 1600 missis
438 1554 685 1599 dominicis
715 1556 1053 1607 Carolingorum
1093 1556 1138 1595 et
1169 1565 1273 1595 cum
1305 1553 1532 1595 iudicibus
1564 1564 1787 1606 pagorum
1830 1551 1883 1604 (οἱ
1921 1552 2032 1595 κατὰ
2071 1550 2233 1608 δήμους

252 1628 458 1681 δικασταί)
498 1628 774 1682 reipublicae
811 1628 983 1668 Atticae
1025 1626 1228 1668 contulit.
1290 1625 1651 1679 Unumquodque
1692 1625 1930 1678 collegium
1973 1626 2233 1678 complures

251 1703 411 1744 nomos
443 1701 568 1742 obire
599 1700 793 1741 debebat
825 1699 891 1751 (cf.
925 1701 1015 1740 not.
1041 1699 1093 1751 4).
1154 1698 1241 1739 Eos
1273 1709 1328 1739 ex
1359 1699 1458 1738 iure
1490 1698 1657 1739 Graeco
1697 1697 1921 1739 iudicasse
1959 1709 2011 1738 ac
2051 1699 2232 1750 potissi-

251 1786 377 1815 mum
410 1774 465 1815 ad
495 1774 677 1814 illorum
709 1772 907 1813 tribunal
938 1770 1192 1822 confugisse
1225 1781 1316 1823 eos,
1356 1771 1435 1823 qui
1466 1773 1653 1823 propter
1686 1770 1890 1810 iudicum
1920 1770 2233 1822 indigenarum

252 1844 515 1903 (λαοκριτῶν)
555 1846 633 1897 qui
672 1844 842 1896 ubique
881 1846 1009 1884 erant
1047 1846 1091 1883 et
1132 1842 1385 1883 secundum
1424 1843 1543 1894 leges
1581 1843 1826 1895 Aegyptias
1866 1841 2127 1883 iudicabant
2165 1842 2231 1894 (cf.

251 1918 306 1959 de
343 1918 408 1958 eis
450 1917 701 1958 Lumbroso
742 1916 1020 1956 Recherches
1059 1926 1138 1956 sur
1176 1911 1443 1956 l'economie
1481 1914 1701 1967 politique
1740 1914 1794 1954 de
1823 1902 2030 1967 1⁷Egypte
2068 1925 2111 1967 p.
2135 1914 2232 1967 257)

250 1990 564 2030 lentitudinem
609 1989 680 2029 ius
734 1999 868 2029 suum
923 1988 1168 2040 impetrare
1221 1998 1309 2027 non
1356 1988 1542 2040 possent
1595 1987 1656 2038 (A.
1690 1987 1866 2039 Peyron
1908 1987 2073 2039 papyri
2115 1997 2233 2028 mus.

252 2063 469 2103 Taurin.1
500 2073 543 2115 p.
569 2065 619 2101 38
654 2072 695 2102 n.
718 2061 749 2114 I,
775 2063 812 2113 7,
836 2063 976 2112 2sqq.
1015 2056 1373 2117 προσεπιὸεικνύς,
1412 2058 1470 2104 ὡς
1510 2055 1547 2099 εἰ
1585 2056 1657 2100 καὶ
1697 2056 1766 2100 ἐπὶ
1805 2055 2042 2117 λαοκριτῶν
2083 2056 2234 2117 διεκρι-

250 2133 371 2176 νόντο
403 2127 497 2176 καθ’
523 2130 596 2179 οὓς
627 2131 849 2190 παρέκειτο
870 2130 1043 2186 νόμους,
1075 2129 1276 2189 πρότερον
1299 2128 1405 2172 εἶναι
1437 2127 1712 2172 ἐπιδεικνύειν
1745 2128 1885 2184 αὐτόν,
1916 2129 1974 2177 ὡς
2002 2129 2113 2173 ἐστὶν
2143 2129 2235 2178 υἱὸς

250 2209 325 2247 τοῦ
354 2219 400 2246 τε
431 2201 699 2259 Πτολεμαίου
729 2202 802 2246 καὶ
830 2202 883 2259 ἧς
915 2217 1039 2261 φησιν
1071 2201 1180 2245 εἶναι
1222 2201 1395 2261 μητρός,
1434 2201 1505 2244 καὶ
1536 2202 1594 2249 ὡς
1624 2200 1666 2244 οἱ
1694 2205 1832 2259 γονεῖς
1872 2200 2001 2244 αὐτοῦ
2039 2199 2142 2244 εἰσιν
2174 2203 2233 2245 ὧν

252 2276 531 2336 πρόφερονται
569 2281 795 2333 συγγενῶν,
834 2274 928 2334 πρὶν
965 2273 994 2331 ἢ
1026 2271 1216 2317 καθόλου
1250 2272 1514 2331 ἀκουσθῆναι
1545 2272 1674 2316 αὐτοῦ
1703 2272 1829 2331 λόγον
1861 2271 1959 2333 περί
1987 2288 2098 2322 τινος
2127 2273 2234 2333 πρά-

251 2350 437 2405 γματος),
469 2349 590 2390 haud
621 2348 817 2390 absurde
848 2348 1041 2388 coniecit
1071 2348 1115 2388 L.
1168 2346 1229 2388 Cf.
1251 2348 1342 2388 not.
1365 2350 1402 2387 5.
1454 2346 1489 2387 A
1512 2347 1766 2388 Ptolemaeo
1788 2347 2077 2400 Philadelpho
2107 2347 2234 2388 insti-

253 2425 403 2464 tutum
434 2433 532 2463 esse
568 2422 689 2462 hunc
720 2420 1048 2473 magistratum,
1087 2421 1279 2460 testatur
1308 2418 1507 2460 Aristeas
1538 2419 1584 2459 in
1615 2419 1810 2472 epistula
1847 2419 1903 2460 ad
1933 2419 2232 2460 Philocratem

253 2496 277 2546 ξ
301 2498 396 2547 444,
427 2494 472 2534 id
503 2493 626 2546 quod
657 2492 954 2534 confirmatur
975 2503 1150 2545 papyro
1180 2492 1299 2544 leges
1330 2491 1467 2532 huius
1497 2491 1615 2543 regis
1637 2491 1691 2532 de
1713 2491 1935 2533 reditibus
1957 2493 2212 2533 continente
2223 2503 2235 2543 ;

253 2566 306 2607 cf.
339 2568 428 2607 not.
455 2570 491 2606 6.
639 2568 660 2604 3
700 2565 814 2605 Anni
845 2575 927 2617 per
957 2575 1075 2616 quos
1116 2564 1160 2604 in
1193 2564 1460 2615 magistratu
1499 2563 1681 2604 fuerunt
1712 2566 1793 2604 474
1825 2565 1871 2604 et
1901 2567 1982 2604 473
2006 2576 2044 2605 a.
2066 2564 2168 2605 Chr.
2190 2576 2231 2604 n.
2313 2584 2314 2599 2

255 2640 372 2679 sunt.
425 2636 553 2685 Quod
582 2635 799 2677 Krebsius
831 2635 951 2687 dicit,
982 2636 1103 2676 hunc
1133 2635 1318 2676 titulum
1350 2636 1503 2688 ipsum
1535 2646 1582 2676 se
1603 2647 1719 2676 anno
1742 2638 1822 2676 472
1845 2647 1883 2676 a.
1907 2635 2007 2677 Chr.
2038 2636 2231 2677 incisum

254 2709 422 2761 testari,
465 2709 505 2748 ei
545 2707 787 2748 oblocutus
819 2710 888 2748 est
925 2707 960 2747 J.
983 2707 1026 2747 P.
1051 2706 1245 2759 Mahaffy
1277 2707 1368 2747 The
1409 2707 1582 2759 empire
1620 2706 1666 2748 of
1700 2707 1777 2748 the
1814 2707 2052 2748 Ptolemies
2085 2718 2127 2760 p.
2152 2711 2226 2748 334
2310 2695 2314 2748 i

255 2782 344 2821 not.
365 2783 389 2820 2
423 2780 530 2820 nihil
551 2779 775 2820 eiusmodi
796 2779 841 2819 in
862 2778 982 2819 tituli
1003 2779 1211 2831 exemplo
1233 2779 1456 2831 impresso
1479 2779 1564 2830 legi
1587 2790 1786 2820 monens.
1836 2779 1894 2819 At
1913 2779 2000 2821 hoc
2020 2781 2072 2820 ut
2091 2779 2233 2820 verbo

255 2855 385 2893 tenus
417 2862 575 2892 verum
607 2854 687 2903 est,
730 2851 795 2891 sic
827 2849 1128 2903 manifestum,
1167 2851 1246 2902 qui
1283 2852 1389 2903 post
1419 2849 1679 2891 absolutum
1719 2850 1916 2892 officium
1949 2851 2036 2892 hoc
2074 2862 2234 2906 monu-
2308 2846 2314 2908 ξ

255 2926 459 2965 mentum
490 2922 808 2975 dedicaverint,
839 2922 885 2962 id
917 2933 1005 2964 non
1036 2922 1122 2963 alio
1154 2933 1269 2963 anno
1302 2933 1354 2963 ac
1386 2921 1561 2963 decimo
1593 2923 1731 2975 regni,
1762 2923 1791 2963 i.
1814 2934 1851 2963 e.
1886 2925 1967 2963 472
1990 2935 2028 2964 a.
2051 2923 2152 2964 Chr..
2177 2935 2233 2976 n.,

255 2997 427 3038 iecisse.
606 2997 626 3034 4
667 2995 697 3035 I.
727 3006 764 3035 e.
797 2997 841 3034 et
881 2995 945 3035 eis
983 2994 1133 3035 nomis
1164 2995 1242 3046 qui
1273 2996 1506 3047 praeterea
1536 2994 1623 3035 illis
1666 2994 1873 3036 attributi
1904 2997 2042 3036 erant.
2104 2995 2234 3044 Quod
2313 2983 2314 2989 ¹

256 3080 373 3109 unus
405 3068 661 3120 Prosopites
692 3067 956 3107 nominatim
979 3068 1378 3119 commemoretur,
1411 3066 1455 3107 id
1485 3069 1562 3107 aut
1583 3078 1636 3108 eo
1662 3067 1943 3108 referendum
1968 3078 2079 3117 esse,
2111 3067 2234 3119 quod

256 3142 294 3181 is
327 3140 550 3181 maximus
582 3141 701 3179 esset
730 3139 846 3178 inter
887 3148 967 3178 eos
1008 3138 1063 3178 ad
1104 3149 1219 3189 quos
1261 3139 1395 3179 huius
1436 3139 1610 3190 collegii
1652 3140 1828 3191 negotia
1865 3140 2120 3191 spectarent
2157 3140 2235 3179 aut

257 3211 379 3264 quod
417 3212 506 3251 hoc
553 3212 902 3251 monumentum
952 3210 1067 3250 intra
1110 3220 1297 3250 nomum
1342 3211 1603 3263 Prosopiten
1643 3210 1898 3251 dedicatum
1939 3212 2070 3262 esset,
2113 3210 2234 3250 haud

258 3284 406 3334 inepte
446 3283 638 3322 coniecit
674 3281 829 3322 Krebs.
901 3281 985 3322 Sed
1023 3281 1175 3322 nescio
1221 3293 1276 3321 an
1318 3281 1403 3322 alia
1444 3283 1684 3335 explicatio
1727 3284 1936 3335 praestet.
1996 3281 2109 3323 Nam
2149 3282 2233 3322 etsi

257 3355 572 3395 chrematistae
613 3365 696 3394 suo
737 3353 883 3394 officio
924 3364 1004 3406 per
1041 3363 1201 3393 nomos
1243 3354 1289 3392 et
1334 3353 1500 3405 oppida
1545 3355 1876 3394 circumeuntes
1922 3353 2233 3405 fungebantur,

259 3429 407 3467 tamen
448 3426 686 3477 collegium
726 3426 891 3467 alicubi
930 3436 1059 3467 suam
1098 3426 1228 3477 quasi
1267 3425 1418 3465 sedem
1461 3427 1533 3466 vel
1575 3427 1852 3467 domicilium
1891 3427 2113 3479 posuisse,
2154 3425 2232 3466 ubi

258 3497 533 3538 tabularium
565 3497 802 3550 habebant,
844 3497 964 3538 unde
995 3496 1402 3550 proficiscebantur
1431 3500 1476 3538 et
1506 3510 1595 3550 quo
1628 3497 1845 3550 redibant,
1883 3500 2234 3539 consentaneum
2300 3487 2314 3515 Ὺ

259 3570 338 3608 est.
399 3568 447 3607 ld
485 3567 664 3608 videtur
709 3570 752 3608 in
802 3580 939 3609 nomo
980 3569 1218 3621 Prosopite
1263 3567 1413 3608 fuisse.
1476 3569 1683 3610 Ceterum
1730 3571 1851 3610 recte
1890 3568 2103 3609 Krehsius
2147 3569 2233 3609 hoc
2298 3575 2314 3630 ΙΙ

263 3640 393 3680 titulo
440 3638 577 3679 refelli
619 3640 837 3681 iudicavit
877 3641 1092 3693 Peyronis
1133 3639 1451 3692 coniecturam,
1498 3641 1742 3693 unicuique
1779 3641 2091 3695 epistrategiae
2128 3650 2234 3681 suos
2297 3635 2314 3693 j}
