2314 3970
263 253 367 305 210
938 250 988 289 II.
1035 249 1235 300 Regnum
1267 247 1548 300 Lagidarum.
2078 245 2236 298 [⁴30-

408 422 580 481 ὀίλλοις
617 421 718 479 τοῖς
760 419 766 489 Ι
807 420 888 473 ἐπὶ
925 423 1011 472 τοῦ
1039 417 1372 490 Καταράκτου
1389 420 1432 454 1⁸
1458 419 1687 487 δαίμοσιν
1706 421 1748 455 ¹⁹
1783 418 1871 489 τὴν
1911 419 2096 487 στήλην
2135 415 2238 486 καΙὶ

407 506 550 576 τ)ο“ι20
590 507 595 578 Ι
642 506 764 578 πρὸς
823 503 916 566 τὰς
966 506 1147 566 θυσίας
1194 504 1280 558 καὶ
1329 501 1546 564 σπονδὰς
1595 502 1686 564 τὰς
1731 505 1973 574 ἐσομένας
2014 504 2020 572 Ι
2061 505 2112 555 ἐν
2156 507 2239 572 τῆι

407 596 620 647 συνόὸωι
667 590 798 646 κατὰ
846 589 939 652 τὰς
982 593 1184 663 πρώτας
1238 589 1419 651 ἐνάτας
1464 594 1552 643 τοῦ
1593 590 1598 661 Ι
1642 590 1795 661 μηνὸς
1840 589 2111 643 ἐκοίστουῖ1
2155 588 2241 641 καὶ
2310 600 2314 628 ⁴

326 696 376 735 15
408 677 498 739 τὰς
539 679 697 739 ἄλλας
736 679 1026 749 ἐπωνύμους
1063 681 1255 750 ἡμέρας
1292 678 1308 748 ΙΙ
1334 674 1396 731 δι’
1444 676 1658 730 ἑκάστου
1696 678 2078 748 εἰσενηνεγμένα
2114 678 2243 747 χρή-
2305 678 2314 781 Ι

409 788 565 836 ματα,
615 764 697 818 ἐπὶ
740 765 745 836 Ι
787 765 989 819 Παπίου
1036 770 1122 819 τοῦ
1153 763 1434 835 Ἀμμωνίου
1480 763 1761 835 προστάτου
1809 761 1895 817 καὶ
1934 763 1940 834 Ι
1983 763 2242 816 Διονυσίου

405 858 493 906 τοῦ
524 851 857 906 Ἀπολλωνίου
901 854 1072 923 ἱερέως
1109 858 1200 923 τῆς
1239 854 1447 905 συνόδου

334 973 369 1007 a
593 951 850 1025 (Ηρώιδης
890 954 1286 1025 Δημοφῶντος22

597 1039 810 1112 Ἑρμίας
843 1037 1122 1111 Ἀμμωνίου

326 1143 380 1182 20
614 1127 816 1187 Παπίας
846 1124 1128 1198 Ἀμμωνίου
1141 1129 1187 1165 23

613 1216 873 1275 Διονύσιος
905 1213 1239 1268 Ἀπολλωνίου
1254 1217 1296 1251 23

607 1301 893 1371 Φιλάμμων
934 1300 1264 1372 Φιλάμμονος

604 1385 878 1458 Ἀμμώνιος
912 1385 1242 1441 Ἀπολλωνίου

612 1474 1008 1546 Πετεαρόηρις24
1047 1474 1338 1545 Φανούφιος

327 1573 380 1616 25
406 1590 410 1595 ·
613 1561 822 1632 Δωρίων
856 1558 1188 1614 Ἀπολλωνίου

608 1647 922 1720 Ψένχνουβις
962 1647 1240 1701 Πελλίου25

610 1733 862 1794 Πανίσκος
900 1732 1214 1806 Κεφάλωνος

610 1821 899 1892 Ψενπόηρις
939 1821 1187 1891 Πετήσιος

611 1907 921 1979 Πρώταρχος
961 1906 1278 1979 Πρωτάρχου

326 2010 380 2050 30
611 1994 853 2066 Πρωτίων
882 1991 1217 2065 εΗρακλείδου

606 2081 880 2152 ,Σαραπίων
915 2078 1249 2134 Ἀπολλωνίου

265 2274 437 2314 Lettres
459 2273 621 2314 ecrites
642 2260 862 2325 d'Egypte
883 2283 926 2325 p.
946 2275 1042 2325 466,
1075 2270 1199 2324 quod
1220 2270 1349 2311 affert
1370 2270 1603 2311 Letronne.
1754 2273 1804 2310 47
1845 2270 1992 2311 Etiam
2015 2271 2113 2312 aliis
2135 2271 2248 2312 loci
2312 2287 2314 2301 ⁴

266 2347 310 2386 in
342 2345 536 2387 confinio
568 2345 761 2397 Aegypti
793 2346 837 2385 et
865 2343 1044 2386 Nubiae
1075 2343 1174 2384 sitis
1205 2343 1341 2383 deum
1362 2342 1560 2394 aliquem
1582 2353 1747 2394 magno
1772 2343 1922 2384 studio
1944 2343 2117 2384 cultum
2148 2354 2251 2394 es

267 2419 456 2470 constat,
489 2429 626 2470 quem
649 2418 805 2458 Graeci
826 2416 1021 2458 eundem
1051 2427 1158 2457 eum
1180 2415 1402 2456 Mercurio
1433 2426 1516 2455 suo
1549 2415 1882 2468 existimabant,
1914 2416 2054 2462 veluti
2075 2416 2220 2457 Pselc

267 2491 417 2541 (hodie
447 2487 656 2541 Dakloeh).
718 2489 778 2530 Cf.
811 2492 1023 2542 n.⁴3i,2.
1043 2492 1080 2530 3.
1114 2491 1211 2542 202,
1236 2492 1274 2528 7.
1298 2491 1335 2529 8.
1369 2490 1518 2540 203,3.
1552 2489 1699 2540 204‚5.
1733 2490 1879 2540 205‚5.
1913 2491 2058 2541 206,4.
2092 2489 2239 2540 2ο’1,4Δ

268 2565 365 2615 208,
391 2563 442 2613 6).
488 2562 602 2602 Letr.
743 2565 794 2602 48
835 2561 1147 2602 Catarrhactes
1168 2560 1345 2614 primus
1367 2570 1504 2613 quem
1526 2559 1694 2612 dicunt,
1726 2559 1879 2612 paullo
1910 2560 2024 2601 infra
2053 2560 2232 2601 insulan

268 2645 384 2686 quae
424 2634 511 2674 hoc
549 2635 897 2675 monumentum
935 2633 1085 2674 habet.
1233 2636 1286 2673 49
1324 2631 1523 2674 Numina
1562 2631 1790 2672 inferioris
1831 2632 2001 2674 ordinis
2041 2630 2244 2687 δαίμονα

268 2706 341 2746 hic
373 2716 485 2758 esse,
517 2717 623 2746 cum
654 2703 748 2746 θεοί
779 2705 1062 2757 superiorem
1094 2704 1302 2756 habeant,
1345 2704 1612 2744 Letronnius
1645 2704 1868 2756 opinatur.
1929 2704 1984 2744 Et
2012 2704 2128 2745 hanc
2158 2704 2219 2744 di

269 2778 531 2818 tinctionem
563 2777 815 2829 posteriore
846 2778 1053 2829 tempore
1093 2776 1375 2828 frequentem
1406 2787 1506 2816 esse
1536 2787 1670 2817 nemo
1711 2776 1802 2817 fere
1840 2777 2029 2828 ignorat.
2089 2778 2146 2816 At
2175 2765 2239 2816 hi'

266 2853 356 2895 τοῖς
388 2847 533 2894 ἄλλοις
565 2849 724 2890 suadet
754 2850 805 2888 ut
836 2848 945 2889 deos
975 2849 1021 2888 in
1051 2849 1317 2889 universum
1339 2848 1665 2900 intellegamus,
1696 2848 1812 2888 inter
1842 2859 1958 2900 quos
1989 2850 2140 2889 tamen
2170 2859 2250 2899 eu„
2276 2887 2280 2892 .

268 2922 561 2974 potissimum
604 2921 872 2961 nominatim
913 2919 1063 2960 afferri
1111 2920 1280 2972 quibus
1326 2921 1525 2960 maxima
1572 2920 1766 2972 dignitas
1816 2920 2045 2961 tribuatur
2089 2931 2203 2973 spon
2277 2951 2283 2956 .

269 2995 405 3045 patet.
466 2994 587 3033 Inter
624 3004 676 3033 ea
714 2993 913 3045 numina,
955 3003 1071 3044 quae
1109 3004 1200 3033 non
1239 2992 1500 3044 singillatim
1540 2994 1876 3045 enumerantur,
1914 2992 2067 3033 Nilum
2111 2991 2223 3032 suis
2280 3017 2282 3029 .

269 3066 463 3106 coniecit
499 3066 720 3106 Letronne
759 3066 948 3117 propter
987 3064 1218 3105 Heliodori
1256 3064 1626 3117 Aethiopicorum
1664 3065 1816 3106 locum
1856 3064 1899 3104 X
1930 3068 1944 3104 4
1990 3075 2033 3117 p.
2067 3067 2164 3117 273,
2193 3066 2216 3103 3
2280 3062 2281 3066 ’

268 3138 460 3178 Bekker:
508 3135 599 3178 ἐπεὶ
630 3135 677 3178 δὲ
708 3135 769 3183 εἰς
797 3134 898 3182 τοὺς
919 3131 1231 3192 Καταρράκτας
1262 3134 1453 3192 ἀφίκετο,
1486 3134 1618 3182 θύσας
1648 3136 1709 3193 τῷ
1734 3132 1879 3193 Νείλῳ
1909 3134 1983 3177 καὶ
2011 3133 2130 3182 θεοῖς
2157 3133 2227 3177 ἐν·λ
2248 3159 2254 3188 .·

271 3207 389 3264 ρίοις,
436 3206 657 3267 ἑκτραπεὶς
701 3211 779 3264 τῆς
827 3205 1053 3264 μεσογαίας
1099 3205 1264 3263 μᾶλλον
1311 3205 1465 3265 ε’ίχετο.
1644 3212 1695 3248 20
1738 3209 1906 3249 ΚΑΠΑ.
1980 3207 2199 3248 Emenda
2225 3199 2234 3255 sv

270 3281 504 3322 Letronne.
653 3283 699 3320 24
746 3279 1023 3333 Unoquoque
1054 3291 1209 3320 mense
1249 3291 1302 3321 eo
1343 3280 1414 3321 die
1454 3281 1533 3334 qui
1564 3282 1634 3322 est
1663 3291 1809 3321 nonus
1841 3280 2015 3332 primae
2052 3275 2270 3320 decad’²

272 3354 504 3394 Letronne.
651 3356 703 3392 22
746 3352 808 3393 Cf.
840 3364 882 3394 v.
907 3355 946 3394 3.
1094 3355 1146 3391 23
1190 3352 1250 3392 Cf.
1284 3364 1325 3394 v.
1348 3356 1416 3393 46.
1441 3356 1508 3394 47.
1664 3354 1716 3392 24
1755 3351 1931 3394 Nomen
1960 3335 2220 3404 Aegyptiu'
2250 3358 2254 3363 ·

272 3426 402 3465 cuius
442 3425 627 3465 alteram
669 3427 843 3477 partem
883 3423 1019 3465 efficit
1058 3424 1129 3464 dei
1170 3424 1409 3476 appellatio
1442 3419 1633 3480 Ἀρόηρις
1679 3424 1746 3475 (cf.
1788 3436 1830 3465 n.
1858 3426 1954 3476 444,
1989 3427 2026 3464 4.
2067 3426 2163 3476 467,

273 3496 560 3537 Memorabile
590 3498 659 3537 est
689 3498 761 3537 hic
793 3498 978 3537 nomina
998 3497 1140 3549 patris
1161 3495 1448 3548 filiorumque
1480 3498 1558 3537 aut
1578 3498 1771 3549 utraque
1794 3496 1961 3537 Graeca
1991 3498 2069 3536 aut
2101 3496 2155 3547 (v.
2176 3488 2229 3533 2*

274 3571 342 3608 26.
373 3571 439 3608 28.
471 3572 536 3608 33.
573 3571 639 3609 34.
671 3569 737 3619 44)
773 3571 963 3621 utraque
993 3568 1215 3621 Aegyptia
1246 3579 1358 3620 esse,
1398 3568 1646 3609 dummodo
1680 3565 1861 3613 Πελλίας
1892 3568 1948 3620 (v.
1973 3570 2039 3607 26.
2074 3569 2140 3607 34.
2164 3565 2230 3626 44)

273 3639 400 3692 quod
430 3640 598 3680 nullam
628 3640 765 3681 habet
805 3643 976 3682 certam
1007 3641 1051 3681 in
1083 3640 1251 3681 Graeco
1284 3651 1493 3681 sermone
1524 3641 1710 3692 originis
1741 3640 2100 3693 explicationem,
2140 3647 2226 3699 υιιιΙ

273 3712 510 3753 Letronnio
542 3713 815 3764 Aegyptium
849 3713 1175 3753 existimemus,
1324 3715 1376 3752 25
1417 3712 1477 3753 Cf.
1512 3716 1602 3753 not.
1627 3714 1694 3754 24.
