2314 3970
91 204 189 256 342]
650 203 919 246 Nicomedes
950 205 989 245 II
1021 203 1232 257 (449-92
1256 218 1294 248 a.
1317 206 1417 248 Chr.
1440 205 1511 258 n.).
1968 207 2071 256 547

199 387 310 443 342
364 392 506 441 Basis
555 407 846 443 marmorea
892 395 1099 445 inventa
1142 395 1263 445 Deli.
1341 368 1431 445 Ed.
1470 395 1526 445 A.
1556 396 2074 446 Hauvette-Besnault

89 478 306 528 Bulletin
344 479 405 527 de
442 492 571 528 corr.
602 480 726 529 Hell.
754 481 819 529 VI
857 478 896 547 (4
913 478 1034 548 882)
1071 497 1121 546 p.
1154 479 1258 529 337
1297 497 1345 531 n.
1376 482 1459 531 39.
1528 481 1599 531 Cf.
1643 497 1773 548 quae
1811 482 2074 532 adnotavit

89 563 179 613 Th.
211 566 441 615 Homolle
479 565 602 615 Bull.
632 567 696 634 de
723 580 851 615 corr.
881 567 1004 615 Hell.
1034 567 1144 616 VIII
1186 568 1320 616 4884
1362 584 1412 634 p.
1447 568 1564 618 404.

233 705 439 758 Σωσίων
487 704 742 776 Εὐμένους
788 705 1038 774 ΟἰναῖοςῙ,
1096 705 1269 778 ἱεΙρεὺς
1317 707 1410 776 ὤν,
1472 708 1594 780 ὑπὲρ
1639 714 1727 762 τοῦ
1777 712 1938 781 δήμου
1984 713 2072 763 τοῦ

227 788 520 862 ἈθηΙναίων
567 791 653 845 καὶ
692 791 812 863 ὑπὲρ
861 793 1108 864 βασιλέως
1147 792 1491 864 ΝικομήΙδου2
1536 796 1781 866 ἀνέθηκεν
1820 796 1902 850 τὸν
1952 795 2071 851 ναὸν

178 893 203 933 5
233 877 320 931 καὶ
356 878 410 931 τὸ
459 878 678 950 ἄγαλΙΙμα
701 872 887 939 Ἴσιδος
926 878 1230 950 Νεμέσεως3
1278 880 1360 933 ἐπὶ
1399 883 1702 952 ἐπιμελητοῢ
1744 884 1749 953 Ι
1790 889 1878 953 τῆς
1916 885 2071 954 νήσου

231 965 495 1018 Διονυσίου
532 970 619 1018 τοῦ
657 965 885 1026 Νίκωνος
927 966 932 1036 Ι
976 965 1332 1037 Παλληνέως4.

201 1141 393 1181 Litterae
423 1142 603 1183 ΑΘΠΣ.
781 1145 798 1182 4
843 1141 1059 1182 Eiusdem
1099 1142 1348 1184 sacerdotis
1389 1153 1559 1183 nomen
1596 1145 1778 1196 praeter
1819 1144 1931 1185 duas
1964 1145 2072 1186 alias

82 1213 213 1255 Isidis
233 1212 479 1254 Nemeseos
501 1213 809 1255 dedicationes
832 1213 900 1265 (cf.
923 1215 1014 1255 not.
1030 1214 1068 1267 3)
1090 1214 1305 1255 exhibent
1325 1214 1446 1255 tituli
1471 1216 1582 1255 item
1602 1215 1717 1256 Delii
1748 1216 1794 1257 C.
1816 1217 1847 1257 I.
1866 1217 1913 1258 G.
1939 1220 2071 1258 2299:

40 1300 42 1325 :
81 1280 361 1331 Ἀπολλώνιος
396 1281 699 1339 Διοσκουρίὸου
734 1282 741 1340 Ι
775 1281 1048 1342 Νεαπολίτης
1077 1281 1280 1341 Ἀνούβιὸι
1318 1284 1424 1344 ὑπὲρ
1455 1284 1623 1342 ἑαυΙτοῦ
1660 1285 1735 1329 ’καὶ
1763 1291 1842 1345 τῆς
1873 1289 2074 1345 γυναικὸς

82 1355 158 1399 καὶ
186 1362 271 1398 τῶν
305 1355 312 1413 Ι
346 1354 536 1411 παιδίων,
568 1355 638 1399 ἐπὶ
671 1355 815 1414 ἱερέως
850 1354 1075 1405 Σωσὶωνος
1110 1357 1115 1414 Ι
1147 1362 1223 1400 τοῦ
1253 1355 1475 1414 Εὐμένους
1505 1356 1692 1404 Οἰναίου.
1743 1361 1855 1402 Bull.
1877 1361 1934 1403 de
1956 1373 2072 1404 corr.

40 1455 41 1458 =
82 1429 192 1471 Hell.
221 1429 280 1470 VI
311 1432 422 1471 4882
461 1441 503 1483 p.
537 1432 618 1471 338
659 1442 700 1471 n.
733 1433 778 1471 4:
818 1426 993 1472 Σωσίων
1023 1427 1246 1486 Εὐμένους
1277 1428 1464 1486 Οἰναῖος,
1499 1429 1505 1487 Ι
1543 1430 1678 1489 ἱερεὺς
1717 1431 1957 1490 γενόμενος,
1995 1432 2072 1490 τὴν

83 1498 249 1557 ἑαυΙτοῦ
291 1499 502 1560 θυγατέρα
527 1496 710 1558 Ἥδῆαν,
742 1499 749 1557 Ι
785 1501 1145 1560 κανηφορήσασαν
1182 1509 1262 1545 τῶι
1290 1500 1498 1561 ΔιονύΙσῳ
1539 1502 1582 1545 ἐν
1613 1504 1674 1562 τῷ
1712 1503 1781 1547 ἐπὶ
1811 1502 2075 1562 Παραμόνωι

21 1612 23 1614 .
80 1571 176 1626 (sic)
217 1571 424 1632 ἄρχοντος
466 1571 471 1628 Ι
517 1571 729 1627 ἐνιαυτῶι,
775 1572 906 1621 θεοῖς.
977 1576 1256 1617 Paramonus
1303 1577 1476 1618 archon
1521 1577 1659 1618 etiam
1704 1578 1750 1618 in
1795 1578 2073 1631 populiscito

81 1646 424 1687 Atheniensium
456 1646 500 1687 C.
523 1646 555 1686 I.
577 1646 626 1686 A.
649 1647 687 1686 II
711 1649 807 1700 475,
833 1651 872 1688 4.
896 1651 920 1688 2
952 1650 1039 1689 est:
1080 1646 1152 1690 ἐπὶ
1182 1644 1405 1690 Διονυσίου
1437 1646 1644 1707 ἄρχοντος
1682 1652 1756 1691 τοῦ
1791 1649 1898 1705 μετὰ
1928 1648 2072 1708 Παρά-

39 1758 42 1763 ,
84 1732 226 1773 μονον.
289 1718 514 1771 Tempore
554 1729 727 1771 suppar
764 1718 849 1760 fuit
878 1719 1100 1773 Polyclito
1143 1721 1247 1773 (not.
1275 1721 1329 1773 4).
1391 1720 1598 1769 Quorum
1638 1723 1911 1763 archontum
1949 1725 2072 1765 aetas

37 1801 39 1806 “
80 1791 144 1832 ita
175 1792 297 1831 certe
327 1790 509 1831 definita
539 1793 621 1844 est,
651 1793 705 1832 ut
735 1791 898 1832 ambos
929 1793 1047 1833 intra
1078 1804 1301 1833 annorum
1334 1796 1558 1833 420-440
1594 1806 1632 1835 a.
1665 1794 1767 1836 Chr.
1797 1806 1838 1835 n.
1872 1796 2072 1848 spatium

79 1863 350 1915 magistratu
395 1862 575 1904 functos
623 1873 724 1904 esse
770 1865 959 1905 constet.
1018 1864 1069 1905 V.
1108 1866 1203 1906 not.
1237 1868 1274 1906 3.
1335 1865 1385 1906 V.
1425 1877 1519 1906 von
1557 1865 1759 1908 Schoffer
1799 1878 1869 1920 ap.
1911 1868 2073 1922 Pauly-

35 1940 41 1988 ,³
79 1934 308 1976 Wissowa
338 1934 773 1988 Realencyklopadie
801 1936 852 1989 ΙΙ,
877 1939 892 1976 4
931 1947 976 1989 p.
1000 1939 1094 1978 594.
1148 1937 1476 1991 Sacerdotium,
1509 1950 1600 1991 quo
1624 1939 1754 1980 Sosio
1786 1939 2072 1994 fungebatur,

35 1997 38 2003 ‘
81 2007 309 2060 Sarapidis
341 2008 422 2048 est.
474 2007 535 2048 Cf.
567 2019 658 2048 von
688 2007 919 2048 Schoeffer
957 2008 1011 2049 de
1041 2008 1138 2050 Deli
1179 2009 1354 2051 insulae
1393 2009 1530 2051 rebus
1562 2022 1605 2064 p.
1631 2014 1726 2052 237.
1877 2016 1900 2052 2
1938 2012 2072 2055 Nico-

81 2065 261 2121 medem
291 2079 329 2119 II
369 2079 648 2133 Epiphanem
690 2080 875 2122 Prusiae
913 2080 939 2121 f.
985 2081 1196 2133 (449-92
1230 2094 1267 2123 a.
1299 2082 1399 2123 Chr.
1429 2082 1486 2134 n.)
1529 2083 1726 2136 intellegi
1766 2095 1818 2126 ea
1858 2096 1975 2138 quae
2017 2097 2073 2127 ex

80 2151 330 2193 sacerdotis
369 2153 414 2192 et
453 2151 719 2205 epimeletae
749 2152 1012 2195 nominibus
1043 2153 1099 2194 de
1128 2154 1250 2195 tituli
1281 2157 1426 2195 aetate
1458 2155 1678 2196 discimus
1719 2157 1827 2208 (not.
1853 2161 1889 2198 4.
1927 2158 1963 2209 4)
1997 2158 2073 2199 de-

31 2204 43 2321 Ι
81 2225 352 2265 monstrant.
404 2222 466 2265 Cf.
498 2235 540 2265 n.
565 2223 691 2265 3432.
869 2228 891 2264 3
933 2224 994 2266 Cf.
1026 2225 1139 2267 Bull.
1162 2226 1217 2266 de
1238 2237 1354 2267 corr.
1379 2226 1487 2267 Hell.
1511 2227 1569 2267 VI
1602 2230 1711 2269 4880
1745 2239 1790 2280 p.
1815 2231 1895 2269 336
1927 2241 1969 2271 n.
1995 2233 2070 2270 38:

31 2291 258 2347 Σωσίων
298 2291 518 2351 Ευμένους
556 2292 729 2343 Οἰναῖος
779 2294 950 2352 ἱερευων
998 2298 1068 2350 (an
1112 2296 1273 2356 ἱερεὺ[ς]
1316 2297 1420 2350 dm)
1453 2290 1580 2341 Ἴσιδι
1614 2299 1618 2353 Ι
1661 2296 1859 2353 Νεμέσει.
1913 2313 1955 2354 p.
1991 2305 2070 2342 337

31 2354 41 2443 Ι
79 2380 123 2409 n.
149 2371 222 2409 40:
269 2361 312 2411 O
347 2366 479 2423 ἱερευς
518 2382 593 2409 του
635 2363 876 2425 Σαράπιδος
911 2365 917 2424 Ι
952 2366 1126 2411 Σωσίων
1168 2366 1388 2426 Εὐμένους
1420 2367 1594 2418 Οἰναῖος
1629 2368 1634 2427 Ι
1671 2369 1775 2428 υπὲρ
1813 2387 1889 2414 του
1929 2372 2069 2430 δήμου

32 2447 35 2461 ’
79 2454 156 2483 του
186 2435 434 2496 ἈθηναίΙων
464 2438 537 2481 καὶ
566 2454 642 2482 του
674 2439 814 2497 δήμου
845 2444 921 2483 τοῦ
951 2435 1179 2497 Ῥωμαίων
1215 2441 1221 2499 Ι
1245 2438 1372 2485 Ἴσιδι
1402 2439 1524 2499 Νεμε
1528 2458 1599 2484 σει.
1660 2444 1794 2497 Apud
1824 2444 2070 2498 Apuleium

0 2561 1 2570 Ι
80 2514 258 2556 Metam.
289 2513 362 2566 Xl,
397 2516 419 2554 5
462 2514 579 2554 inter
609 2513 695 2555 alia
726 2515 926 2568 nomina,
958 2515 1128 2568 quibus
1161 2527 1208 2557 se
1239 2527 1322 2569 per
1352 2516 1556 2558 diversas
1587 2517 1712 2558 orbis
1743 2519 1970 2559 terrarum
2002 2531 2071 2560 re-

32 2601 38 2624 ·.
78 2587 236 2639 giones
268 2586 325 2627 ab
345 2586 505 2626 incolis
525 2585 728 2628 invocari
759 2586 990 2640 praedicat
1017 2589 1114 2641 Isis,
1145 2590 1282 2630 etiam
1313 2586 1656 2632 Rhamnusiam
1686 2591 1921 2644 repperiri,
1955 2603 2071 2644 quae

0 2687 2 2700 ι
34 2654 38 2677 ³
78 2661 150 2700 est
179 2659 419 2700 notissima
446 2658 695 2701 Nemeseos
724 2660 946 2714 epiclesis,
978 2663 1134 2702 monet
1161 2661 1231 2702 W.
1250 2662 1436 2702 Drexler
1466 2673 1536 2715 ap.
1560 2663 1838 2705 Roscherum
1871 2663 2070 2705 Lexikon

39 2727 162 2772 der
199 2742 263 2784 gr.
294 2743 338 2772 u.
371 2735 485 2772 rom.
517 2732 791 2784 Mythologie
822 2733 907 2773 ΙΙ4
961 2744 1004 2786 p.
1039 2736 1135 2787 544,
1182 2734 1261 2787 qui
1306 2734 1428 2775 idem
1477 2746 1804 2788 nonnunquam
1850 2736 2070 2788 imagines

0 2804 2 2846 ἑ
78 2803 210 2845 Isidis
241 2803 504 2844 solennibus
525 2803 778 2845 Nemeseos
806 2805 1037 2847 attributis
1061 2807 1211 2847 ornari
1235 2806 1463 2848 observat.
1614 2810 1634 2847 4
1678 2808 1894 2849 Eiusdem
1925 2810 2070 2850 homi-

0 2861 7 2935 Ι
78 2876 149 2916 nis
169 2875 381 2928 frequens
403 2877 472 2916 est
492 2877 715 2917 memoria
734 2877 780 2917 in
802 2877 946 2919 titulis
963 2878 1168 2919 Deliacis.
1211 2879 1486 2932 Epimeletae
1508 2891 1695 2920 munere
1718 2880 1920 2932 fungitur
1940 2892 2070 2934 prae-

0 2852 1 2856 *
27 2776 42 2875 Ξ

29 2944 39 3009 Ι
81 2949 150 2988 ter
179 2947 266 2988 hoc
297 2949 645 2988 monumentum
677 2949 814 2990 etiam
845 2950 891 2990 in
922 2950 1020 2991 aliis
1054 2950 1178 3003 (Bull.
1204 2951 1258 2991 de
1279 2962 1394 2992 corr.
1419 2951 1528 2992 Hell.
1553 2953 1610 2991 III
1643 2955 1753 2993 4879
1787 2963 1830 3005 p.
1850 2955 1924 2993 474
1964 2966 2004 2994 n.
2031 2957 2069 2994 4.

28 3018 40 3074 {s
80 3019 139 3059 VI
173 3022 281 3060 4882
314 3030 355 3072 p.
382 3021 455 3060 494
495 3031 537 3060 n.
562 3023 600 3073 3,
629 3023 755 3061 2-4.
800 3033 842 3074 p.
867 3023 948 3062 494
982 3034 1024 3063 n.
1049 3025 1115 3076 44,
1147 3027 1184 3063 5.
1230 3023 1291 3063 ΧΙ
1330 3035 1373 3076 p.
1398 3027 1479 3064 273
1514 3035 1554 3064 n.
1589 3027 1654 3077 36,
1688 3024 1768 3076 45).
1828 3024 1892 3064 De
1925 3027 2069 3067 aetate

27 3082 39 3162 Ι,
79 3092 393 3132 coniecturam
432 3091 578 3132 facere
618 3092 723 3133 licet
759 3104 814 3134 ex
851 3095 1149 3148 inscriptione
1187 3095 1295 3136 item
1335 3096 1461 3137 Delia
1498 3096 1611 3138 Bull.
1644 3096 1698 3136 de
1741 3108 1858 3138 corr.
1890 3097 1999 3138 Hell.
2032 3099 2069 3138 II

26 3233 39 3269 ΙῘ

3 3289 6 3317 ¹
80 3305 328 3359 Polyclitus
359 3307 530 3347 archon
550 3307 904 3363 Atheniensium,
936 3312 1019 3363 qui
1040 3311 1159 3352 redit
1179 3311 1223 3352 C.
1246 3312 1278 3352 I.
1300 3311 1387 3352 Att.
1411 3313 1462 3364 II,
1487 3314 1581 3365 464,
1607 3315 1644 3353 4;
1679 3310 1748 3353 ἐπὶ
1774 3306 1963 3360 Ἰάσονος
1995 3311 2068 3369 ἄρ-

80 3165 193 3203 4878
224 3173 269 3215 Ρ.
293 3165 373 3203 397
406 3174 447 3203 n.
473 3165 519 3204 3:
560 3159 778 3211 Διονύσιος
807 3160 1004 3212 Νίκωνος
1029 3162 1034 3222 Ι
1060 3163 1322 3224 Παλληνευς,
1355 3166 1620 3224 ἐπιμελητὴς
1646 3166 1651 3222 Ι
1676 3166 1900 3224 γενόμενος
1923 3165 2066 3224 Δηλου

80 3231 125 3275 ἐν
162 3233 225 3290 τῷ
263 3231 332 3275 ἐπὶ
365 3231 371 3289 Ι
405 3231 695 3277 Πολυκλείτου
735 3234 942 3295 ἄρχοντος
983 3235 990 3294 Ι
1034 3235 1243 3293 ἐνιαυτῶι,
1283 3236 1350 3281 Διὶ
1381 3234 1586 3295 Ἑρκείωι
1620 3237 1625 3295 Ι
1659 3238 1884 3295 ἀνέθηκεν.
1952 3240 2067 3283 Nam

26 3367 41 3425 {³
80 3390 233 3434 χοντος
262 3380 337 3418 τοῦ
371 3377 480 3433 μετὰ
510 3375 836 3435 Πολύκλειτ[ον],
869 3383 1150 3435 paenultimo
1172 3384 1358 3424 alterius
1391 3396 1427 3425 a.
1451 3384 1552 3425 Chr.
1576 3396 1617 3424 n.
1651 3385 1819 3425 saeculi
1850 3385 2068 3429 decennio

0 3454 5 3515 Ι
24 3438 40 3493 ξ’.
81 3449 129 3489 in
158 3450 430 3502 magistrat-u
458 3450 598 3492 fuisse
626 3452 806 3494 videtur
837 3454 904 3506 (cf.
935 3456 1030 3496 not.
1057 3456 1108 3507 4).
1168 3455 1326 3508 Neque
1356 3457 1528 3508 pugnat
1568 3466 1677 3496 cum
1718 3456 1804 3497 hac
1844 3458 2068 3511 temporis

25 3520 38 3578 a}
79 3521 341 3563 definitione
371 3524 684 3565 testimonium
720 3525 839 3567 tituli
869 3527 983 3568 Delii
1013 3528 1124 3569 Bull.
1158 3528 1213 3568 de
1245 3539 1361 3568 corr.
1395 3528 1503 3568 Hell.
1535 3529 1597 3569 IX
1629 3532 1739 3570 4885
1771 3540 1816 3582 Ρ.
1841 3533 1943 3572 379;
1988 3527 2068 3572 Σέ-

82 3604 221 3649 ρουιον
254 3589 496 3651 Κορνήλιον
518 3591 718 3653 Σερουίου
750 3596 839 3640 υἱὸν
859 3595 1085 3652 Λέντολον,
1118 3598 1348 3656 στρατηγὸν
1379 3595 1884 3656 ἀνθύπατονεΡωμαίων,
1916 3599 2067 3644 Διονύ-

81 3677 168 3711 σιος
188 3661 383 3713 Νίκωνος
402 3661 624 3724 Ἀθηναῖος
655 3690 711 3698 -
739 3663 984 3713 Ἀπόλλωνι.
1033 3671 1149 3714 Nam
1182 3674 1368 3726 propter
1389 3674 1680 3725 magistratus
1707 3674 2066 3726 designationem

1642 3759 1721 3802 35*
