2314 3970
141 165 182 217 8]
653 165 823 206 Iudicia
854 165 1067 206 Cumana.
1130 165 1391 206 Eresiorum
1425 165 1620 217 tyranni.
2060 166 2127 216 23

1117 353 1152 388 a

230 439 251 486 Ι
289 437 306 506 [
305 466 652 475 ----------
688 436 1200 507 πολ]ιορκήθε[ντας1,
1232 435 1238 507 Ι
1274 434 1366 489 τάν
1405 437 1489 488 τεῖ
1530 436 1853 507 ἀ]κ[ρ]ο’πολιν
1895 435 2130 504 [ἀ]νοικο-

141 598 314 649 septem
355 597 399 637 in
435 597 521 637 hoc
551 596 699 649 lapide
730 597 971 637 coniuncta
1001 606 1099 636 esse
1131 595 1414 649 documenta,
1457 596 1627 648 scripta
1657 595 1730 636 illa
1761 595 1944 648 quidem
1979 595 2131 637 diver-

140 669 202 709 sis
247 668 551 721 temporibus,
599 668 678 708 sed
719 669 870 708 omnia
909 669 965 709 ad
1007 678 1191 709 causam
1232 669 1532 720 tyrannorum
1572 668 1828 709 Eresiorum
1868 669 2128 720 spectantia.

139 741 156 779 1
186 752 229 781 v.
254 743 393 780 4—32
424 741 666 780 Decretum
706 739 764 780 de
795 740 1031 792 Agonippo
1072 740 1150 792 qui
1189 741 1410 792 tyrannus
1447 740 1593 780 fuerat
1629 740 1871 782 iudicando
1903 742 1948 781 et
1976 741 2129 793 ipsum

138 812 371 853 iudicium.
518 813 556 851 II
586 823 628 853 v.
655 813 814 851 33—44
855 812 1096 852 Decretum
1134 811 1187 852 de
1227 813 1435 863 priorum
1476 813 1778 863 tyrannorum
1816 812 1918 852 filiis
1957 813 2131 864 nepoti-

138 884 330 936 busque.
477 885 534 923 111
573 896 615 925 v.
641 886 807 924 42-—74
839 884 1081 924 Decretum
1121 883 1176 923 de
1208 883 1446 935 Eurysilao
1477 884 1554 935 qui
1587 885 1808 936 tyrannus
1839 883 1985 924 fuerat
2015 884 2129 924 iudi—

140 956 296 1007 cando,
315 957 389 997 cui
411 957 506 997 sine
528 956 666 997 dubio
689 956 776 997 sub
798 955 945 1008 finem,
962 955 1042 996 ubi
1064 955 1277 995 mutilum
1300 957 1380 1008 est,
1404 956 1553 1008 ipsum
1577 956 1795 996 iudicium
1818 956 2129 1009 subscriptum

138 1028 222 1069 fuit
251 1030 302 1069 ut
332 1028 394 1068 illi
426 1029 554 1069 alteri
576 1029 594 1067 I
614 1040 656 1069 v.
682 1031 864 1068 30-32,
1003 1027 1059 1067 IV
1080 1039 1123 1068 v.
1147 1029 1314 1068 75-94
1347 1027 1555 1068 Formula
1587 1028 1880 1068 iurisiurandi
1902 1028 2128 1079 iudicum;

138 1101 250 1141 haec
281 1101 377 1141 sine
408 1100 547 1141 dubio
570 1100 627 1141 ad
648 1099 873 1152 Eurysilai
898 1101 977 1140 aut
998 1099 1185 1140 fortasse
1208 1099 1263 1140 ad
1285 1099 1421 1140 huius
1445 1100 1579 1140 simul
1602 1101 1646 1139 et
1666 1099 1887 1152 Agonippi
1910 1100 2128 1141 iudicium

139 1172 385 1225 spectabat,
428 1172 506 1213 sed
539 1174 689 1213 tamen
722 1172 966 1224 separatim
998 1172 1167 1224 scripta
1198 1171 1335 1212 fuisse
1366 1171 1560 1224 videtur,
1594 1173 1644 1212 ut
1674 1183 1763 1212 non
1794 1171 1929 1212 finem
1962 1172 2129 1213 decreti

139 1257 180 1285 n.
201 1245 262 1284 III
283 1245 357 1284 hic
379 1255 624 1296 agnoscere
646 1244 790 1296 liceat,
810 1244 916 1296 quia
939 1244 1003 1284 sic
1027 1243 1362 1284 desideraretur
1383 1244 1534 1297 ipsum
1558 1243 1612 1283 de
1636 1243 1872 1295 Eurysilao
1895 1244 2129 1296 iudicium,

139 1315 261 1369 quod
300 1317 453 1356 tamen
491 1327 581 1357 non
622 1317 773 1356 minus
809 1316 916 1356 huic
954 1315 1093 1368 lapidi
1124 1315 1413 1357 incidendum
1446 1315 1584 1356 fuisse
1616 1327 1754 1367 quam
1786 1315 1897 1356 illud
1929 1315 1983 1356 de
2015 1316 2129 1368 Ago-

139 1389 277 1440 nippo
317 1389 477 1440 sponte
515 1389 653 1440 patet.
805 1387 838 1427 V
871 1399 913 1428 v.
940 1390 1138 1428 95-102
1179 1388 1464 1440 Rescriptum
1497 1388 1691 1440 Philippi
1722 1387 1955 1427 Arrhidaei
1998 1389 2129 1438 regis.

139 1459 195 1499 Vl
234 1472 276 1501 v.
301 1463 526 1500 403-120
560 1460 764 1512 Epistula
794 1459 1003 1512 Antigoni
1035 1461 1166 1512 regis.
1305 1460 1382 1500 VII
1424 1473 1465 1501 v.
1491 1463 1717 1500 421-156
1750 1460 1991 1500 Decretum
2026 1461 2130 1500 Ere-

137 1532 311 1572 siorum
353 1532 408 1573 de
449 1532 663 1573 omnibus
705 1533 910 1585 priorum
953 1535 1256 1585 tyrannorum
1298 1533 1494 1585 posteris
1533 1544 1622 1573 non
1654 1531 1945 1572 restituendis
1987 1533 2031 1572 in
2064 1533 2129 1572 in-

140 1605 331 1657 tegrum,
373 1604 454 1645 sed
484 1605 579 1656 lege
611 1616 726 1656 quae
766 1605 830 1644 eis
862 1606 1135 1657 perpetuum
1183 1605 1367 1645 exilium
1409 1605 1640 1656 irrogabat
1681 1604 2004 1645 conservanda.
2065 1605 2130 1644 De

140 1676 302 1717 harum
346 1677 599 1718 litterarum
644 1676 870 1717 aetatibus
915 1676 969 1717 cf.
1001 1678 1092 1717 not.
1118 1680 1155 1717 4.
1190 1680 1256 1717 46.
1281 1679 1348 1717 26.
1375 1679 1440 1717 34.
1465 1680 1531 1717 35.
1691 1679 1706 1716 4
1754 1677 1818 1716 De
1858 1676 1972 1717 urbe
2012 1688 2128 1718 anno

141 1751 221 1789 333
255 1760 292 1789 a.
324 1748 425 1792 Chr.
465 1761 490 1789 a
520 1749 759 1789 Memnone
789 1748 963 1789 Rhodio
995 1749 1235 1790 Persarum
1273 1749 1388 1789 duce
1429 1748 1615 1789 obsessa
1657 1759 1837 1789 summa
1878 1759 1983 1789 cum
2025 1760 2129 1801 pro-

138 1819 371 1861 babilitate
402 1821 514 1861 haec
543 1821 868 1873 interpretatur
887 1820 1130 1873 Kirchhoff,
1164 1821 1356 1873 ideoque
1387 1820 1432 1861 in
1464 1821 1617 1873 priore
1650 1822 1777 1873 parte
1810 1820 1955 1860 deleta
1986 1821 2041 1861 de
2064 1821 2128 1861 eis

140 1903 256 1945 quae
295 1904 410 1933 anno
452 1895 531 1932 334
564 1893 724 1944 proelii
762 1892 818 1933 ad
860 1893 1101 1933 Granicum
1141 1893 1376 1933 commissi
1414 1894 1620 1945 tempore
1653 1892 1777 1933 Eresi
1817 1895 1941 1944 gesta
1979 1895 2130 1934 essent

141 1965 399 2017 expositum
431 1963 570 2005 fuisse
601 1964 778 2004 conicit.
849 1965 1055 2005 Fortasse
1094 1967 1191 2005 tum
1225 1964 1514 2017 Eurysilaum
1556 1965 1802 2016 tyrannum
1843 1964 1995 2018 fuisse,
2038 1977 2128 2017 quo

140 2038 245 2089 post
276 2036 514 2077 Alexandri
545 2037 788 2077 victoriam
819 2036 951 2089 pulso
990 2036 1120 2077 brevi
1158 2038 1266 2090 post
1296 2037 1534 2077 Persarum
1578 2036 1744 2088 opibus
1777 2037 1982 2077 adiutum
2014 2037 2129 2089 Ago-

141 2109 331 2161 nippum
373 2119 526 2149 rerum
564 2109 763 2161 potitum
806 2119 917 2149 esse.
979 2109 1035 2149 At
1075 2108 1148 2149 ille
1187 2110 1322 2149 etiam
1367 2108 1603 2149 decretum
1642 2109 1700 2148 111
1742 2109 1798 2149 ad
1838 2109 2127 2162 Agonippum

139 2179 372 2222 referebat.
434 2179 564 2228 Quod
594 2181 810 2233 quoniam
843 2181 933 2221 illic
964 2181 1191 2233 Eurysilai
1223 2182 1376 2234 potius
1406 2181 1627 2222 iudicium
1659 2180 1816 2221 haberi
1849 2181 2129 2222 demonstra-

139 2254 236 2293 tum
269 2255 338 2294 est
359 2253 466 2303 (not.
490 2251 574 2305 26),
607 2253 948 2294 accuratissima
970 2253 1214 2293 criminum
1237 2264 1353 2305 quae
1374 2253 1466 2294 illic
1486 2264 1526 2293 v.
1554 2255 1721 2294 43—56
1754 2253 1895 2294 ethic
1925 2266 1967 2294 v.
1987 2257 2126 2293 7--13

139 2325 462 2364 enumerantur
491 2325 730 2365 consensio
763 2323 961 2365 dubitari
992 2336 1083 2365 non
1105 2325 1223 2377 sinit,
1256 2325 1367 2377 quin
1387 2324 1651 2377 Agonippus
1674 2326 1719 2364 et
1740 2324 2006 2376 Eurysilaus
2038 2336 2126 2365 non

139 2395 364 2449 deinceps,
397 2395 477 2436 sed
507 2407 598 2436 una
629 2396 906 2448 reipublicae
937 2396 1243 2448 gubernacula
1272 2397 1519 2448 tenuerint;
1551 2395 1677 2448 quod
1708 2407 1761 2436 eo
1784 2397 1935 2437 minus
1957 2397 2129 2448 impro—

139 2468 288 2509 babile
328 2469 426 2521 erit,
467 2469 505 2508 si
542 2479 620 2508 eos
663 2468 822 2509 fratres
864 2467 1003 2508 fuisse
1045 2469 1312 2520 statuemus,
1354 2469 1406 2507 ut
1437 2467 1662 2508 Hermona
1693 2467 1915 2508 Heraeum
1948 2468 2128 2520 Apollo-

140 2540 306 2581 dorum
337 2541 513 2592 priores
544 2541 762 2592 tyrannos
795 2541 899 2592 (not.
924 2539 1005 2591 18).
1068 2540 1254 2592 Expulsi
1288 2539 1502 2581 videntur
1540 2539 1630 2580 fere
1664 2542 1742 2579 333
1777 2552 1814 2580 a.
1838 2540 1953 2593 Chr.,
1998 2542 2127 2580 cuius

138 2613 204 2652 rei
235 2613 511 2653 mentionem
542 2612 648 2653 facit
676 2613 803 2653 Dem.
824 2612 958 2664 XVII,
983 2615 1030 2653 7:
1062 2609 1173 2654 ἀλλὰ
1201 2609 1278 2668 γὰρ
1311 2609 1468 2653 ε’ίποιεν
1501 2608 1550 2652 ἂν
1583 2611 1622 2652 οἱ
1652 2609 1964 2666 τυραννίζοντες
1998 2609 2127 2665 οὗτοι,

140 2681 205 2725 ὅτι
234 2682 327 2740 πρὶν
357 2681 432 2730 τὰς
471 2681 686 2738 συνθήκας
723 2679 920 2741 γενέσθαι
959 2682 1207 2739 ἐτυράννουν
1246 2679 1501 2739 Μεσσηνίων
1541 2681 1581 2724 οἱ
1614 2679 1818 2724 Φιλιάδου
1851 2681 2022 2730 παῖδες·
2064 2682 2127 2725 διὸ

138 2754 211 2797 καὶ
241 2753 434 2812 κατάγειν
475 2754 546 2796 τὸν
577 2750 845 2811 Ἀλέξανδρον
888 2753 1061 2802 αὐτούς.
1101 2753 1213 2797 ἀλλὰ
1251 2753 1566 2812 καταγέλαστος
1608 2752 1629 2796 ὁ
1661 2753 1800 2809 λόγος,
1839 2753 1936 2801 τοὺς
1969 2754 2044 2810 μὲν
2078 2754 2127 2796 ἐκ

139 2824 305 2882 Λέσβου
336 2826 577 2884 τυράννους,
610 2825 697 2869 οἷον
731 2825 772 2876 ἐξ
801 2823 1012 2883 Ἀντίσσης
1042 2826 1115 2869 καὶ
1139 2822 1336 2884 Ἐρέσου,
1375 2825 1575 2883 ἐκβαλεῖν
1607 2826 1665 2873 ὡς
1696 2824 1959 2882 ἀδικήματος
1992 2825 2125 2879 ὄντος,

140 2897 188 2940 οὐ
220 2897 542 2955 πολιτεύματος,
580 2897 681 2945 τοὺς
711 2898 792 2955 πρὸ
824 2905 908 2941 τῶν
942 2897 1180 2957 ὁμολογιῶν
1210 2899 1564 2955 τυραννήσαντας,
1597 2896 1641 2940 ἐν
1675 2898 1721 2940 δὲ
1751 2894 1959 2956 Μεσσήνῃ
1993 2898 2125 2954 μηδὲν

139 2968 306 3013 οἴεσθαι
335 2968 562 3028 διαφέρειν,
591 2974 671 3027 τῆς
703 2969 834 3028 αὐτῆς
866 2969 1113 3029 δυσχερείας
1145 2970 1435 3030 ὑπαρχούσης.
1487 2971 1584 3019 Quo
1607 2971 1707 3012 loco
1732 2971 1855 3023 quod
1876 2970 2127 3011 Alexander

137 3043 236 3095 ipse
267 3042 496 3095 expulisse
527 3043 692 3083 dicitur
722 3045 955 3096 tyrannos,
986 3044 1096 3084 nihil
1129 3043 1391 3085 offensionis
1413 3043 1561 3096 habet,
1595 3042 1821 3095 siquidem
1854 3042 1908 3082 de
1931 3043 2126 3094 utroque

139 3114 321 3155 homine
351 3115 426 3154 ille
456 3115 675 3155 iudicium
709 3115 888 3156 civibus
920 3117 1128 3168 permisit
1159 3117 1214 3168 (v.
1240 3120 1307 3157 59.
1334 3116 1442 3169 426),
1474 3116 1519 3156 id
1556 3114 1682 3167 quod
1713 3126 1817 3154 eum
1850 3114 1986 3154 etiam
2019 3114 2125 3154 alibi

138 3185 298 3227 fecisse
330 3186 464 3227 refert
494 3186 710 3228 Arrianus
732 3188 802 3240 ΙΙΙ,
827 3191 866 3240 2,
891 3191 936 3228 7:
969 3183 1234 3243 Ἀλέξανδρος
1267 3186 1314 3229 δὲ
1342 3186 1442 3233 τοὺς
1471 3185 1698 3243 τυράννους
1723 3185 1799 3240 μὲν
1829 3183 1928 3231 τοὺς
1962 3183 2010 3226 ἐκ
2039 3191 2123 3226 τῶν

139 3256 305 3299 πόλεων
337 3256 380 3304 ἐς
409 3257 483 3303 τὰς
513 3257 662 3306 πόλεις
692 3257 868 3315 πέμπει,
899 3257 1145 3318 χρήσασθαι
1177 3257 1293 3306 ὅπως
1317 3257 1518 3302 ἐθέλοιεν.
1569 3258 1682 3299 Nam
1705 3257 1830 3309 quod
1852 3257 2083 3298 decretum
2108 3259 2124 3297 I

141 3329 196 3370 ab
227 3330 394 3371 Eresiis
425 3342 517 3371 non
547 3331 677 3371 iussu
706 3342 758 3372 ac
788 3333 1017 3384 permissu
1047 3333 1179 3384 regis,
1222 3332 1301 3373 sed
1343 3343 1424 3373 sua
1467 3332 1626 3383 sponte
1659 3329 1828 3369 factum
1869 3330 2029 3370 statuit
2058 3330 2122 3382 K„

140 3402 186 3442 id
225 3403 437 3442 cohaeret
474 3413 579 3442 cum
620 3403 830 3455 opinione
872 3404 926 3444 de
967 3405 1129 3445 iterato
1160 3403 1384 3456 Agonippi
1426 3402 1592 3442 iudicio
1633 3400 1737 3451 (not.
1771 3400 1851 3453 26).
1913 3401 2123 3442 Ceterum

140 3475 326 3526 quinam
366 3474 656 3526 potissimum
697 3486 828 3516 casus
869 3477 1096 3529 participii
1134 3476 1290 3516 aoristi
1335 3475 1506 3527 passivi
1543 3474 1617 3513 hic
1658 3473 1855 3525 scriptus
1893 3473 2040 3526 suerit,
2080 3475 2123 3514 in

139 3546 291 3587 medio
323 3546 670 3597 relinquendum
702 3549 783 3588 est.
913 3551 937 3587 2
979 3549 1184 3588 Priorum
1209 3546 1525 3598 supplementa
1546 3546 1652 3597 quia
1683 3544 1952 3586 lectionibus
1974 3546 2123 3585 minus

142 3619 278 3659 rectis
309 3620 516 3659 nituntur
545 3620 871 3670 praetermitto.
934 3621 1072 3660 Paton
1105 3630 1215 3660 vero
1248 3629 1349 3658 cum
1389 3617 1607 3658 scriberet
1637 3614 2031 3675 πολ]ιορκήθε[ντας
2058 3614 2063 3671 Ι
2090 3614 2124 3661 ἐς
