<?xml version="1.0" encoding="UTF-8"?>
<!DOCTYPE html PUBLIC "-//W3C//DTD XHTML 1.0 Transitional//EN"
    "http://www.w3.org/TR/xhtml1/DTD/xhtml1-transitional.dtd">
<html xmlns="http://www.w3.org/1999/xhtml" xml:lang="en" lang="en">
 <head>
  <title>
</title>
<meta http-equiv="Content-Type" content="text/html;charset=utf-8" />
  <meta name='ocr-system' content='tesseract 3.04.00' />
  <meta name='ocr-capabilities' content='ocr_page ocr_carea ocr_par ocr_line ocrx_word'/>
</head>
<body>
  <div class='ocr_page' id='page_1' title='image "./orientisgraeciin01dittuoft_0036.png"; bbox 0 0 2314 3970; ppageno 0'>
   <div class='ocr_carea' id='block_1_1' title="bbox 192 217 2168 275">
    <p class='ocr_par' dir='ltr' id='par_1_1' title="bbox 192 217 2168 275">
     <span class='ocr_line' id='line_1_1' title="bbox 192 217 2168 275; baseline -0.005 -9"><span class='ocrx_word' id='word_1_1' title='bbox 192 226 260 275; x_wconf 82' lang='lat'><strong>22</strong></span> <span class='ocrx_word' id='word_1_2' title='bbox 516 225 545 264; x_wconf 92' lang='lat' dir='ltr'><strong>I.</strong></span> <span class='ocrx_word' id='word_1_3' title='bbox 592 224 739 275; x_wconf 83' lang='lat' dir='ltr'><strong>Regna</strong></span> <span class='ocrx_word' id='word_1_4' title='bbox 769 222 1020 273; x_wconf 84' lang='lat' dir='ltr'><strong>Alexandri,</strong></span> <span class='ocrx_word' id='word_1_5' title='bbox 1052 220 1273 272; x_wconf 76' lang='lat' dir='ltr'>Antigoni,</span> <span class='ocrx_word' id='word_1_6' title='bbox 1305 219 1532 271; x_wconf 75' lang='lat' dir='ltr'>Demetrii,</span> <span class='ocrx_word' id='word_1_7' title='bbox 1565 218 1834 270; x_wconf 84' lang='lat' dir='ltr'><strong>Lysimachi.</strong></span> <span class='ocrx_word' id='word_1_8' title='bbox 2068 217 2168 269; x_wconf 92' lang='grc'><strong>[7-</strong></span> 
     </span>
    </p>
   </div>
   <div class='ocr_carea' id='block_1_2' title="bbox 1908 288 2168 295">
    <p class='ocr_par' dir='ltr' id='par_1_2' title="bbox 1908 288 2168 295">
     <span class='ocr_line' id='line_1_2' title="bbox 1908 288 2168 295; baseline 0 0"><span class='ocrx_word' id='word_1_9' title='bbox 1908 288 2168 295; x_wconf 95' lang='lat' dir='ltr'><strong> </strong></span> 
     </span>
    </p>
   </div>
   <div class='ocr_carea' id='block_1_3' title="bbox 192 388 2181 1235">
    <p class='ocr_par' dir='ltr' id='par_1_3' title="bbox 192 388 2181 1235">
     <span class='ocr_line' id='line_1_3' title="bbox 192 388 2167 444; baseline -0.005 -5"><span class='ocrx_word' id='word_1_10' title='bbox 192 398 402 439; x_wconf 88' lang='lat' dir='ltr'><strong>Wilhclm</strong></span> <span class='ocrx_word' id='word_1_11' title='bbox 434 399 479 437; x_wconf 91' lang='lat' dir='ltr'><strong>et</strong></span> <span class='ocrx_word' id='word_1_12' title='bbox 516 396 743 437; x_wconf 85' lang='lat' dir='ltr'><strong>lenissima</strong></span> <span class='ocrx_word' id='word_1_13' title='bbox 774 394 1023 434; x_wconf 81' lang='lat' dir='ltr'><strong>mutatione</strong></span> <span class='ocrx_word' id='word_1_14' title='bbox 1053 392 1254 432; x_wconf 86' lang='lat' dir='ltr'><strong>restituit</strong></span> <span class='ocrx_word' id='word_1_15' title='bbox 1283 401 1458 442; x_wconf 90' lang='lat' dir='ltr'><strong>vocem,</strong></span> <span class='ocrx_word' id='word_1_16' title='bbox 1494 402 1610 442; x_wconf 90' lang='lat' dir='ltr'><strong>quae</strong></span> <span class='ocrx_word' id='word_1_17' title='bbox 1651 391 1735 431; x_wconf 84' lang='lat' dir='ltr'><strong>etsi</strong></span> <span class='ocrx_word' id='word_1_18' title='bbox 1765 402 1820 431; x_wconf 92' lang='lat' dir='ltr'><strong>ne</strong></span> <span class='ocrx_word' id='word_1_19' title='bbox 1851 391 1949 444; x_wconf 88' lang='lat' dir='ltr'><strong>ipsa</strong></span> <span class='ocrx_word' id='word_1_20' title='bbox 1983 388 2167 441; x_wconf 88' lang='lat' dir='ltr'><strong>quidem</strong></span> 
     </span>
     <span class='ocr_line' id='line_1_4' title="bbox 194 460 2168 522; baseline -0.005 -12"><span class='ocrx_word' id='word_1_21' title='bbox 194 469 300 510; x_wconf 85' lang='lat' dir='ltr'><strong>alibi</strong></span> <span class='ocrx_word' id='word_1_22' title='bbox 331 470 506 522; x_wconf 83' lang='lat' dir='ltr'><strong>legitur,</strong></span> <span class='ocrx_word' id='word_1_23' title='bbox 545 470 694 508; x_wconf 90' lang='lat' dir='ltr'><strong>tamen</strong></span> <span class='ocrx_word' id='word_1_24' title='bbox 725 468 770 506; x_wconf 88' lang='lat' dir='ltr'><strong>et</strong></span> <span class='ocrx_word' id='word_1_25' title='bbox 800 465 1028 505; x_wconf 90' lang='lat' dir='ltr'><strong>simillimo</strong></span> <span class='ocrx_word' id='word_1_26' title='bbox 1061 460 1286 518; x_wconf 76' lang='grc' dir='ltr'>αὐθιγενής</span> <span class='ocrx_word' id='word_1_27' title='bbox 1317 461 1570 503; x_wconf 88' lang='lat' dir='ltr'><strong>defenditur</strong></span> <span class='ocrx_word' id='word_1_28' title='bbox 1600 463 1645 502; x_wconf 91' lang='lat' dir='ltr'><strong>et</strong></span> <span class='ocrx_word' id='word_1_29' title='bbox 1674 463 1902 503; x_wconf 89' lang='lat' dir='ltr'><strong>notionem</strong></span> <span class='ocrx_word' id='word_1_30' title='bbox 1934 462 2039 502; x_wconf 91' lang='lat' dir='ltr'><strong>huic</strong></span> <span class='ocrx_word' id='word_1_31' title='bbox 2070 461 2168 501; x_wconf 90' lang='lat' dir='ltr'><strong>loco</strong></span> 
     </span>
     <span class='ocr_line' id='line_1_5' title="bbox 193 533 2168 594; baseline -0.006 -12"><span class='ocrx_word' id='word_1_32' title='bbox 193 541 474 594; x_wconf 78' lang='lat' dir='ltr'><strong>aptissimam</strong></span> <span class='ocrx_word' id='word_1_33' title='bbox 496 539 644 580; x_wconf 86' lang='lat' dir='ltr'><strong>habet.</strong></span> <span class='ocrx_word' id='word_1_34' title='bbox 687 539 850 577; x_wconf 84' lang='lat' dir='ltr'><strong>Omnes</strong></span> <span class='ocrx_word' id='word_1_35' title='bbox 873 536 991 576; x_wconf 88' lang='lat' dir='ltr'><strong>enim</strong></span> <span class='ocrx_word' id='word_1_36' title='bbox 1021 534 1121 575; x_wconf 88' lang='lat' dir='ltr'><strong>lites</strong></span> <span class='ocrx_word' id='word_1_37' title='bbox 1143 534 1296 574; x_wconf 89' lang='lat' dir='ltr'><strong>Cumis</strong></span> <span class='ocrx_word' id='word_1_38' title='bbox 1319 533 1598 586; x_wconf 87' lang='lat' dir='ltr'><strong>diiudicatas‚</strong></span> <span class='ocrx_word' id='word_1_39' title='bbox 1631 533 1796 574; x_wconf 87' lang='lat' dir='ltr'><strong>nullam</strong></span> <span class='ocrx_word' id='word_1_40' title='bbox 1825 534 1912 574; x_wconf 87' lang='lat' dir='ltr'><strong>alio</strong></span> <span class='ocrx_word' id='word_1_41' title='bbox 1934 534 2168 574; x_wconf 83' lang='lat' dir='ltr'><strong>avocatam</strong></span> 
     </span>
     <span class='ocr_line' id='line_1_6' title="bbox 194 605 2171 661; baseline -0.005 -7"><span class='ocrx_word' id='word_1_42' title='bbox 194 624 292 653; x_wconf 86' lang='lat' dir='ltr'><strong>esse</strong></span> <span class='ocrx_word' id='word_1_43' title='bbox 324 612 501 653; x_wconf 90' lang='lat' dir='ltr'><strong>indicat.</strong></span> <span class='ocrx_word' id='word_1_44' title='bbox 554 611 616 651; x_wconf 83' lang='lat' dir='ltr'><strong>Cf.</strong></span> <span class='ocrx_word' id='word_1_45' title='bbox 648 607 775 661; x_wconf 85' lang='lat' dir='ltr'><strong>Syll.2</strong></span> <span class='ocrx_word' id='word_1_46' title='bbox 806 607 898 648; x_wconf 86' lang='lat'><strong>72⁷.</strong></span> <span class='ocrx_word' id='word_1_47' title='bbox 1045 610 1068 646; x_wconf 86' lang='lat'><strong>2</strong></span> <span class='ocrx_word' id='word_1_48' title='bbox 1101 606 1491 647; x_wconf 82' lang='grc' dir='ltr'>ΑΝΕΡ.(.ΕΥΤΩΣ</span> <span class='ocrx_word' id='word_1_49' title='bbox 1523 605 1731 646; x_wconf 88' lang='lat' dir='ltr'><strong>distincte</strong></span> <span class='ocrx_word' id='word_1_50' title='bbox 1762 606 1806 646; x_wconf 91' lang='lat' dir='ltr'><strong>in</strong></span> <span class='ocrx_word' id='word_1_51' title='bbox 1837 607 2002 657; x_wconf 90' lang='lat' dir='ltr'><strong>ectypo</strong></span> <span class='ocrx_word' id='word_1_52' title='bbox 2035 614 2171 655; x_wconf 83' lang='lat' dir='ltr'><strong>agno-</strong></span> 
     </span>
     <span class='ocr_line' id='line_1_7' title="bbox 194 675 2172 732; baseline -0.005 -8"><span class='ocrx_word' id='word_1_53' title='bbox 194 685 260 724; x_wconf 92' lang='lat' dir='ltr'><strong>vit</strong></span> <span class='ocrx_word' id='word_1_54' title='bbox 290 683 503 723; x_wconf 90' lang='lat' dir='ltr'><strong>Wilhelm</strong></span> <span class='ocrx_word' id='word_1_55' title='bbox 542 681 733 732; x_wconf 87' lang='lat' dir='ltr'><strong>ideoque</strong></span> <span class='ocrx_word' id='word_1_56' title='bbox 773 689 932 719; x_wconf 90' lang='lat' dir='ltr'><strong>vocem</strong></span> <span class='ocrx_word' id='word_1_57' title='bbox 973 678 1171 719; x_wconf 79' lang='lat' dir='ltr'><strong>restituit</strong></span> <span class='ocrx_word' id='word_1_58' title='bbox 1208 688 1324 730; x_wconf 89' lang='lat' dir='ltr'><strong>quae</strong></span> <span class='ocrx_word' id='word_1_59' title='bbox 1368 676 1586 717; x_wconf 84' lang='lat' dir='ltr'><strong>iudicium</strong></span> <span class='ocrx_word' id='word_1_60' title='bbox 1617 687 1707 716; x_wconf 91' lang='lat' dir='ltr'><strong>non</strong></span> <span class='ocrx_word' id='word_1_61' title='bbox 1737 678 2004 729; x_wconf 89' lang='lat' dir='ltr'><strong>corruptum</strong></span> <span class='ocrx_word' id='word_1_62' title='bbox 2037 675 2172 726; x_wconf 85' lang='lat' dir='ltr'><strong>signi-</strong></span> 
     </span>
     <span class='ocr_line' id='line_1_8' title="bbox 195 747 2170 807; baseline -0.005 -12"><span class='ocrx_word' id='word_1_63' title='bbox 195 755 309 807; x_wconf 85' lang='lat' dir='ltr'><strong>ficat,</strong></span> <span class='ocrx_word' id='word_1_64' title='bbox 342 765 479 806; x_wconf 88' lang='lat' dir='ltr'><strong>quam</strong></span> <span class='ocrx_word' id='word_1_65' title='bbox 511 751 698 793; x_wconf 89' lang='lat' dir='ltr'><strong>eandem</strong></span> <span class='ocrx_word' id='word_1_66' title='bbox 732 751 828 791; x_wconf 91' lang='lat' dir='ltr'><strong>sine</strong></span> <span class='ocrx_word' id='word_1_67' title='bbox 859 749 1000 790; x_wconf 90' lang='lat' dir='ltr'><strong>dubio</strong></span> <span class='ocrx_word' id='word_1_68' title='bbox 1033 751 1156 790; x_wconf 89' lang='lat' dir='ltr'><strong>recte</strong></span> <span class='ocrx_word' id='word_1_69' title='bbox 1186 748 1417 802; x_wconf 91' lang='lat' dir='ltr'><strong>supplevit</strong></span> <span class='ocrx_word' id='word_1_70' title='bbox 1447 748 1491 788; x_wconf 92' lang='lat' dir='ltr'><strong>in</strong></span> <span class='ocrx_word' id='word_1_71' title='bbox 1523 747 1655 788; x_wconf 88' lang='lat' dir='ltr'><strong>titulo</strong></span> <span class='ocrx_word' id='word_1_72' title='bbox 1687 748 1959 799; x_wconf 81' lang='lat' dir='ltr'><strong>Pergameno</strong></span> <span class='ocrx_word' id='word_1_73' title='bbox 1984 747 2170 787; x_wconf 89' lang='lat' dir='ltr'><strong>Altertb.</strong></span> 
     </span>
     <span class='ocr_line' id='line_1_9' title="bbox 196 818 2175 876; baseline -0.004 -10"><span class='ocrx_word' id='word_1_74' title='bbox 196 838 284 867; x_wconf 89' lang='lat' dir='ltr'><strong>von</strong></span> <span class='ocrx_word' id='word_1_75' title='bbox 316 827 563 876; x_wconf 80' lang='lat' dir='ltr'><strong>Pergamon</strong></span> <span class='ocrx_word' id='word_1_76' title='bbox 583 823 675 875; x_wconf 88' lang='lat' dir='ltr'>VII,</span> <span class='ocrx_word' id='word_1_77' title='bbox 708 825 732 862; x_wconf 81' lang='lat'><strong>2</strong></span> <span class='ocrx_word' id='word_1_78' title='bbox 766 833 807 875; x_wconf 88' lang='lat' dir='ltr'><strong>p.</strong></span> <span class='ocrx_word' id='word_1_79' title='bbox 833 825 914 862; x_wconf 82' lang='grc'><strong>185</strong></span> <span class='ocrx_word' id='word_1_80' title='bbox 946 833 987 862; x_wconf 88' lang='grc'><strong>11.</strong></span> <span class='ocrx_word' id='word_1_81' title='bbox 1011 824 1108 874; x_wconf 81' lang='lat'><strong>253,</strong></span> <span class='ocrx_word' id='word_1_82' title='bbox 1141 824 1163 861; x_wconf 91' lang='lat'>8</span> <span class='ocrx_word' id='word_1_83' title='bbox 1197 823 1242 861; x_wconf 93' lang='lat' dir='ltr'><strong>et</strong></span> <span class='ocrx_word' id='word_1_84' title='bbox 1272 821 1356 861; x_wconf 91' lang='lat' dir='ltr'><strong>alia</strong></span> <span class='ocrx_word' id='word_1_85' title='bbox 1385 820 1521 860; x_wconf 89' lang='lat' dir='ltr'><strong>huius</strong></span> <span class='ocrx_word' id='word_1_86' title='bbox 1544 818 1757 860; x_wconf 85' lang='lat' dir='ltr'><strong>vocabuli</strong></span> <span class='ocrx_word' id='word_1_87' title='bbox 1787 819 1992 872; x_wconf 82' lang='lat' dir='ltr'><strong>exempla</strong></span> <span class='ocrx_word' id='word_1_88' title='bbox 2025 819 2175 859; x_wconf 89' lang='lat' dir='ltr'><strong>attulit</strong></span> 
     </span>
     <span class='ocr_line' id='line_1_10' title="bbox 194 883 2181 946; baseline -0.004 -9"><span class='ocrx_word' id='word_1_89' title='bbox 194 898 373 937; x_wconf 87' lang='lat' dir='ltr'><strong>Bechtel</strong></span> <span class='ocrx_word' id='word_1_90' title='bbox 405 896 572 936; x_wconf 84' lang='lat' dir='ltr'><strong>lnschr.</strong></span> <span class='ocrx_word' id='word_1_91' title='bbox 596 895 636 935; x_wconf 92' lang='lat' dir='ltr'><strong>d.</strong></span> <span class='ocrx_word' id='word_1_92' title='bbox 659 895 747 935; x_wconf 93' lang='lat' dir='ltr'><strong>ion.</strong></span> <span class='ocrx_word' id='word_1_93' title='bbox 770 893 879 934; x_wconf 85' lang='lat' dir='ltr'><strong>Dial.</strong></span> <span class='ocrx_word' id='word_1_94' title='bbox 902 905 943 934; x_wconf 92' lang='lat' dir='ltr'><strong>n.</strong></span> <span class='ocrx_word' id='word_1_95' title='bbox 971 896 1020 933; x_wconf 88' lang='grc'><strong>17</strong></span> <span class='ocrx_word' id='word_1_96' title='bbox 1030 896 1048 932; x_wconf 77' lang='grc'>4</span> <span class='ocrx_word' id='word_1_97' title='bbox 1063 890 1100 946; x_wconf 80' lang='lat' dir='ltr'><strong>b,</strong></span> <span class='ocrx_word' id='word_1_98' title='bbox 1134 894 1203 933; x_wconf 74' lang='grc'><strong>21.</strong></span> <span class='ocrx_word' id='word_1_99' title='bbox 1254 891 1721 943; x_wconf 84' lang='lat' dir='ltr'><strong>Lebas-Waddington</strong></span> <span class='ocrx_word' id='word_1_100' title='bbox 1742 883 1972 943; x_wconf 42' lang='lat' dir='ltr'><strong>Inscr.⁷Ill‚</strong></span> <span class='ocrx_word' id='word_1_101' title='bbox 2007 892 2101 943; x_wconf 77' lang='grc'>407,</span> <span class='ocrx_word' id='word_1_102' title='bbox 2133 893 2155 929; x_wconf 87' lang='grc'>5</span> <span class='ocrx_word' id='word_1_103' title='bbox 2172 921 2181 930; x_wconf 91' lang='grc'><strong>.</strong></span> 
     </span>
     <span class='ocr_line' id='line_1_11' title="bbox 195 959 2174 1020; baseline -0.003 -13"><span class='ocrx_word' id='word_1_104' title='bbox 195 972 290 1020; x_wconf 82' lang='lat'><strong>408,</strong></span> <span class='ocrx_word' id='word_1_105' title='bbox 325 971 362 1008; x_wconf 89' lang='lat'><strong>7.</strong></span> <span class='ocrx_word' id='word_1_106' title='bbox 426 968 470 1007; x_wconf 91' lang='lat' dir='ltr'><strong>C.</strong></span> <span class='ocrx_word' id='word_1_107' title='bbox 493 967 523 1008; x_wconf 92' lang='lat'><strong>1.</strong></span> <span class='ocrx_word' id='word_1_108' title='bbox 549 967 596 1006; x_wconf 88' lang='lat' dir='ltr'><strong>G.</strong></span> <span class='ocrx_word' id='word_1_109' title='bbox 630 969 754 1018; x_wconf 72' lang='lat'><strong>267⁴,</strong></span> <span class='ocrx_word' id='word_1_110' title='bbox 787 968 858 1006; x_wconf 79' lang='lat'><strong>45.</strong></span> <span class='ocrx_word' id='word_1_111' title='bbox 919 963 1046 1017; x_wconf 82' lang='lat' dir='ltr'><strong>Syll.2</strong></span> <span class='ocrx_word' id='word_1_112' title='bbox 1077 967 1173 1017; x_wconf 83' lang='grc'>177,</span> <span class='ocrx_word' id='word_1_113' title='bbox 1208 967 1273 1005; x_wconf 75' lang='lat'><strong>105.</strong></span> <span class='ocrx_word' id='word_1_114' title='bbox 1332 965 1565 1003; x_wconf 88' lang='lat' dir='ltr'><strong>Praeterea</strong></span> <span class='ocrx_word' id='word_1_115' title='bbox 1597 962 1650 1004; x_wconf 86' lang='lat' dir='ltr'><strong>cf.</strong></span> <span class='ocrx_word' id='word_1_116' title='bbox 1683 961 1811 1015; x_wconf 86' lang='lat' dir='ltr'><strong>Syll.2</strong></span> <span class='ocrx_word' id='word_1_117' title='bbox 1842 965 1938 1015; x_wconf 75' lang='lat'><strong>462,</strong></span> <span class='ocrx_word' id='word_1_118' title='bbox 1969 965 2042 1002; x_wconf 86' lang='lat'><strong>26:</strong></span> <span class='ocrx_word' id='word_1_119' title='bbox 2076 959 2174 1002; x_wconf 67' lang='grc' dir='ltr'><strong>οὐδὲ</strong></span> 
     </span>
     <span class='ocr_line' id='line_1_12' title="bbox 195 1032 2174 1091; baseline -0.004 -11"><span class='ocrx_word' id='word_1_120' title='bbox 195 1038 312 1080; x_wconf 70' lang='grc' dir='ltr'>’δίκαν</span> <span class='ocrx_word' id='word_1_121' title='bbox 355 1037 518 1087; x_wconf 81' lang='grc' dir='ltr'>ἐπαξέω</span> <span class='ocrx_word' id='word_1_122' title='bbox 558 1036 719 1086; x_wconf 60' lang='lat' dir='ltr'><strong>§ew—sav</strong></span> <span class='ocrx_word' id='word_1_123' title='bbox 757 1042 841 1078; x_wconf 81' lang='grc' dir='ltr'><strong>τῶν</strong></span> <span class='ocrx_word' id='word_1_124' title='bbox 880 1034 1054 1077; x_wconf 79' lang='grc' dir='ltr'>πολιτᾶν</span> <span class='ocrx_word' id='word_1_125' title='bbox 1087 1034 1223 1076; x_wconf 77' lang='grc' dir='ltr'>οὐδενὶ</span> <span class='ocrx_word' id='word_1_126' title='bbox 1253 1032 1482 1091; x_wconf 76' lang='grc' dir='ltr'>ἐριθεοτάν.</span> <span class='ocrx_word' id='word_1_127' title='bbox 1631 1038 1653 1073; x_wconf 88' lang='grc'><strong>3</strong></span> <span class='ocrx_word' id='word_1_128' title='bbox 1687 1034 1902 1086; x_wconf 88' lang='lat' dir='ltr'><strong>Supplevi</strong></span> <span class='ocrx_word' id='word_1_129' title='bbox 1933 1034 2174 1074; x_wconf 87' lang='lat' dir='ltr'><strong>sententias</strong></span> 
     </span>
     <span class='ocr_line' id='line_1_13' title="bbox 196 1105 2173 1161; baseline -0.004 -9"><span class='ocrx_word' id='word_1_130' title='bbox 196 1112 396 1152; x_wconf 91' lang='lat' dir='ltr'><strong>iudicum</strong></span> <span class='ocrx_word' id='word_1_131' title='bbox 448 1110 635 1151; x_wconf 85' lang='lat' dir='ltr'><strong>indicari</strong></span> <span class='ocrx_word' id='word_1_132' title='bbox 681 1112 809 1150; x_wconf 86' lang='lat' dir='ltr'><strong>ratus</strong></span> <span class='ocrx_word' id='word_1_133' title='bbox 854 1120 970 1161; x_wconf 87' lang='lat' dir='ltr'><strong>quae</strong></span> <span class='ocrx_word' id='word_1_134' title='bbox 1015 1109 1125 1149; x_wconf 92' lang='lat' dir='ltr'><strong>nulli</strong></span> <span class='ocrx_word' id='word_1_135' title='bbox 1171 1108 1510 1160; x_wconf 84' lang='lat' dir='ltr'><strong>reprehensioni</strong></span> <span class='ocrx_word' id='word_1_136' title='bbox 1556 1106 1777 1147; x_wconf 81' lang='lat' dir='ltr'><strong>obnoxiae</strong></span> <span class='ocrx_word' id='word_1_137' title='bbox 1822 1106 1923 1146; x_wconf 91' lang='lat' dir='ltr'><strong>sint.</strong></span> <span class='ocrx_word' id='word_1_138' title='bbox 1999 1105 2082 1145; x_wconf 89' lang='lat' dir='ltr'><strong>Sed</strong></span> <span class='ocrx_word' id='word_1_139' title='bbox 2130 1105 2173 1144; x_wconf 90' lang='lat' dir='ltr'><strong>id</strong></span> 
     </span>
     <span class='ocr_line' id='line_1_14' title="bbox 196 1182 932 1235; baseline -0.003 -11"><span class='ocrx_word' id='word_1_140' title='bbox 196 1185 368 1224; x_wconf 86' lang='lat' dir='ltr'><strong>certum</strong></span> <span class='ocrx_word' id='word_1_141' title='bbox 402 1194 491 1223; x_wconf 90' lang='lat' dir='ltr'><strong>non</strong></span> <span class='ocrx_word' id='word_1_142' title='bbox 523 1193 621 1223; x_wconf 91' lang='lat' dir='ltr'><strong>esse</strong></span> <span class='ocrx_word' id='word_1_143' title='bbox 651 1182 793 1235; x_wconf 88' lang='lat' dir='ltr'><strong>probe</strong></span> <span class='ocrx_word' id='word_1_144' title='bbox 825 1182 932 1222; x_wconf 90' lang='lat' dir='ltr'><strong>scio.</strong></span> 
     </span>
    </p>
   </div>
   <div class='ocr_carea' id='block_1_4' title="bbox 247 1301 434 1304">
    <p class='ocr_par' dir='ltr' id='par_1_4' title="bbox 247 1301 434 1304">
     <span class='ocr_line' id='line_1_15' title="bbox 247 1301 434 1304; baseline 0 0"><span class='ocrx_word' id='word_1_145' title='bbox 247 1301 434 1304; x_wconf 95' lang='lat' dir='ltr'><strong> </strong></span> 
     </span>
    </p>
   </div>
   <div class='ocr_carea' id='block_1_5' title="bbox 197 1381 2187 3512">
    <p class='ocr_par' dir='ltr' id='par_1_5' title="bbox 197 1381 2187 3512">
     <span class='ocr_line' id='line_1_16' title="bbox 306 1381 2178 1451; baseline -0.003 -17"><span class='ocrx_word' id='word_1_146' title='bbox 306 1382 340 1435; x_wconf 85' lang='lat'>8</span> <span class='ocrx_word' id='word_1_147' title='bbox 387 1386 603 1451; x_wconf 87' lang='lat' dir='ltr'><strong>Lapides</strong></span> <span class='ocrx_word' id='word_1_148' title='bbox 643 1385 742 1433; x_wconf 92' lang='lat' dir='ltr'><strong>duo</strong></span> <span class='ocrx_word' id='word_1_149' title='bbox 770 1385 1006 1449; x_wconf 88' lang='lat' dir='ltr'><strong>quadrati</strong></span> <span class='ocrx_word' id='word_1_150' title='bbox 1043 1384 1269 1433; x_wconf 89' lang='lat' dir='ltr'><strong>eiusdem</strong></span> <span class='ocrx_word' id='word_1_151' title='bbox 1294 1383 1500 1447; x_wconf 81' lang='lat' dir='ltr'><strong>figurae,</strong></span> <span class='ocrx_word' id='word_1_152' title='bbox 1542 1381 1813 1430; x_wconf 89' lang='lat' dir='ltr'><strong>marmoris</strong></span> <span class='ocrx_word' id='word_1_153' title='bbox 1841 1381 1981 1430; x_wconf 88' lang='lat' dir='ltr'><strong>fusci.</strong></span> <span class='ocrx_word' id='word_1_154' title='bbox 2040 1381 2178 1430; x_wconf 84' lang='lat' dir='ltr'><strong>Alter</strong></span> 
     </span>
     <span class='ocr_line' id='line_1_17' title="bbox 197 1465 2176 1537; baseline -0.003 -17"><span class='ocrx_word' id='word_1_155' title='bbox 197 1470 245 1520; x_wconf 87' lang='lat' dir='ltr'><strong><em>A</em></strong></span> <span class='ocrx_word' id='word_1_156' title='bbox 285 1475 334 1520; x_wconf 92' lang='lat' dir='ltr'><strong>et</strong></span> <span class='ocrx_word' id='word_1_157' title='bbox 370 1473 421 1519; x_wconf 92' lang='lat' dir='ltr'><strong>in</strong></span> <span class='ocrx_word' id='word_1_158' title='bbox 461 1472 626 1520; x_wconf 90' lang='lat' dir='ltr'><strong>fronte</strong></span> <span class='ocrx_word' id='word_1_159' title='bbox 667 1467 733 1537; x_wconf 80' lang='lat' dir='ltr'><strong>(a)</strong></span> <span class='ocrx_word' id='word_1_160' title='bbox 774 1473 822 1519; x_wconf 88' lang='lat' dir='ltr'><strong>et</strong></span> <span class='ocrx_word' id='word_1_161' title='bbox 860 1471 910 1518; x_wconf 90' lang='lat' dir='ltr'><strong>in</strong></span> <span class='ocrx_word' id='word_1_162' title='bbox 948 1472 1105 1519; x_wconf 86' lang='lat' dir='ltr'><strong>latere</strong></span> <span class='ocrx_word' id='word_1_163' title='bbox 1143 1470 1324 1518; x_wconf 84' lang='lat' dir='ltr'><strong>dextro</strong></span> <span class='ocrx_word' id='word_1_164' title='bbox 1351 1465 1411 1535; x_wconf 87' lang='grc'><strong>(0)</strong></span> <span class='ocrx_word' id='word_1_165' title='bbox 1453 1473 1503 1517; x_wconf 87' lang='lat' dir='ltr'><strong>et</strong></span> <span class='ocrx_word' id='word_1_166' title='bbox 1537 1469 1589 1516; x_wconf 91' lang='lat' dir='ltr'><strong>in</strong></span> <span class='ocrx_word' id='word_1_167' title='bbox 1627 1472 1768 1532; x_wconf 85' lang='lat' dir='ltr'><strong>tergo</strong></span> <span class='ocrx_word' id='word_1_168' title='bbox 1797 1465 1864 1534; x_wconf 79' lang='lat' dir='ltr'><strong>(d)</strong></span> <span class='ocrx_word' id='word_1_169' title='bbox 1903 1468 2176 1532; x_wconf 89' lang='lat' dir='ltr'><strong>inscriptus</strong></span> 
     </span>
     <span class='ocr_line' id='line_1_18' title="bbox 199 1552 2176 1623; baseline -0.004 -16"><span class='ocrx_word' id='word_1_170' title='bbox 199 1562 289 1623; x_wconf 83' lang='lat' dir='ltr'><strong>est,</strong></span> <span class='ocrx_word' id='word_1_171' title='bbox 330 1558 533 1606; x_wconf 87' lang='lat' dir='ltr'><strong>alterius</strong></span> <span class='ocrx_word' id='word_1_172' title='bbox 573 1554 656 1623; x_wconf 88' lang='lat' dir='ltr'><strong>(B)</strong></span> <span class='ocrx_word' id='word_1_173' title='bbox 695 1571 854 1605; x_wconf 88' lang='lat' dir='ltr'><strong>unum</strong></span> <span class='ocrx_word' id='word_1_174' title='bbox 894 1556 1131 1605; x_wconf 84' lang='lat' dir='ltr'><strong>dextrum</strong></span> <span class='ocrx_word' id='word_1_175' title='bbox 1175 1557 1307 1604; x_wconf 89' lang='lat' dir='ltr'><strong>latus</strong></span> <span class='ocrx_word' id='word_1_176' title='bbox 1346 1552 1408 1620; x_wconf 81' lang='lat' dir='ltr'><strong>(b)</strong></span> <span class='ocrx_word' id='word_1_177' title='bbox 1449 1555 1754 1619; x_wconf 83' lang='lat' dir='ltr'><strong>scripturam</strong></span> <span class='ocrx_word' id='word_1_178' title='bbox 1797 1553 1967 1602; x_wconf 91' lang='lat' dir='ltr'><strong>habet.</strong></span> <span class='ocrx_word' id='word_1_179' title='bbox 2035 1554 2176 1601; x_wconf 87' lang='lat' dir='ltr'><strong>Illum</strong></span> 
     </span>
     <span class='ocr_line' id='line_1_19' title="bbox 198 1635 2178 1708; baseline -0.003 -16"><span class='ocrx_word' id='word_1_180' title='bbox 198 1645 339 1692; x_wconf 85' lang='lat' dir='ltr'><strong>Eresi</strong></span> <span class='ocrx_word' id='word_1_181' title='bbox 394 1644 444 1691; x_wconf 89' lang='lat' dir='ltr'><strong>in</strong></span> <span class='ocrx_word' id='word_1_182' title='bbox 503 1644 711 1692; x_wconf 89' lang='lat' dir='ltr'><strong>ecclesia</strong></span> <span class='ocrx_word' id='word_1_183' title='bbox 761 1643 946 1691; x_wconf 86' lang='lat' dir='ltr'><strong>Beatae</strong></span> <span class='ocrx_word' id='word_1_184' title='bbox 993 1642 1210 1705; x_wconf 85' lang='lat' dir='ltr'><strong>Virginis</strong></span> <span class='ocrx_word' id='word_1_185' title='bbox 1268 1636 1362 1689; x_wconf 82' lang='grc' dir='ltr'><strong>στὰ</strong></span> <span class='ocrx_word' id='word_1_186' title='bbox 1412 1635 1617 1708; x_wconf 85' lang='grc' dir='ltr'>Χλιαρά</span> <span class='ocrx_word' id='word_1_187' title='bbox 1669 1640 1797 1689; x_wconf 88' lang='lat' dir='ltr'><strong>vidit</strong></span> <span class='ocrx_word' id='word_1_188' title='bbox 1840 1640 2071 1704; x_wconf 86' lang='lat' dir='ltr'><strong>Newton‚</strong></span> <span class='ocrx_word' id='word_1_189' title='bbox 2128 1640 2178 1687; x_wconf 94' lang='lat' dir='ltr'><strong>in</strong></span> 
     </span>
     <span class='ocr_line' id='line_1_20' title="bbox 200 1725 2176 1793; baseline -0.003 -14"><span class='ocrx_word' id='word_1_190' title='bbox 200 1730 406 1779; x_wconf 87' lang='lat' dir='ltr'><strong>ecclesia</strong></span> <span class='ocrx_word' id='word_1_191' title='bbox 460 1729 507 1778; x_wconf 84' lang='lat' dir='ltr'><strong>S.</strong></span> <span class='ocrx_word' id='word_1_192' title='bbox 544 1730 713 1777; x_wconf 89' lang='lat' dir='ltr'><strong>Irenes</strong></span> <span class='ocrx_word' id='word_1_193' title='bbox 761 1727 939 1793; x_wconf 85' lang='lat' dir='ltr'><strong>Conze,</strong></span> <span class='ocrx_word' id='word_1_194' title='bbox 997 1727 1134 1776; x_wconf 90' lang='lat' dir='ltr'><strong>hunc</strong></span> <span class='ocrx_word' id='word_1_195' title='bbox 1189 1727 1254 1775; x_wconf 91' lang='lat' dir='ltr'><strong>ad</strong></span> <span class='ocrx_word' id='word_1_196' title='bbox 1308 1726 1570 1775; x_wconf 90' lang='lat' dir='ltr'><strong>ecclesiam</strong></span> <span class='ocrx_word' id='word_1_197' title='bbox 1618 1725 1803 1775; x_wconf 84' lang='lat' dir='ltr'><strong>Christi</strong></span> <span class='ocrx_word' id='word_1_198' title='bbox 1858 1726 1917 1774; x_wconf 94' lang='lat' dir='ltr'><strong>H.</strong></span> <span class='ocrx_word' id='word_1_199' title='bbox 1956 1725 2176 1790; x_wconf 88' lang='lat' dir='ltr'><strong>Kiepert.</strong></span> 
     </span>
     <span class='ocr_line' id='line_1_21' title="bbox 199 1808 2180 1880; baseline -0.002 -17"><span class='ocrx_word' id='word_1_200' title='bbox 199 1816 343 1864; x_wconf 89' lang='lat' dir='ltr'><strong>Nunc</strong></span> <span class='ocrx_word' id='word_1_201' title='bbox 367 1818 579 1880; x_wconf 88' lang='lat' dir='ltr'><strong>uterque</strong></span> <span class='ocrx_word' id='word_1_202' title='bbox 605 1815 656 1862; x_wconf 90' lang='lat' dir='ltr'><strong>in</strong></span> <span class='ocrx_word' id='word_1_203' title='bbox 683 1813 855 1863; x_wconf 89' lang='lat' dir='ltr'><strong>schola</strong></span> <span class='ocrx_word' id='word_1_204' title='bbox 881 1813 1075 1862; x_wconf 90' lang='lat' dir='ltr'><strong>Graeca</strong></span> <span class='ocrx_word' id='word_1_205' title='bbox 1101 1813 1274 1878; x_wconf 90' lang='lat' dir='ltr'><strong>oppidi</strong></span> <span class='ocrx_word' id='word_1_206' title='bbox 1309 1816 1617 1861; x_wconf 79' lang='lat' dir='ltr'><strong>asservatur.</strong></span> <span class='ocrx_word' id='word_1_207' title='bbox 1658 1840 1729 1847; x_wconf 93' lang='lat'>—</span> <span class='ocrx_word' id='word_1_208' title='bbox 1767 1808 1797 1859; x_wconf 85' lang='lat' dir='ltr'><strong><em>b</em></strong></span> <span class='ocrx_word' id='word_1_209' title='bbox 1835 1811 1946 1859; x_wconf 90' lang='lat' dir='ltr'><strong>edd.</strong></span> <span class='ocrx_word' id='word_1_210' title='bbox 1976 1810 2180 1860; x_wconf 92' lang='lat' dir='ltr'><strong>Boeckh</strong></span> 
     </span>
     <span class='ocr_line' id='line_1_22' title="bbox 201 1895 2181 1965; baseline -0.003 -16"><span class='ocrx_word' id='word_1_211' title='bbox 201 1900 250 1950; x_wconf 86' lang='lat' dir='ltr'><strong>C.</strong></span> <span class='ocrx_word' id='word_1_212' title='bbox 282 1901 315 1948; x_wconf 95' lang='grc' dir='ltr'><strong>Ι.</strong></span> <span class='ocrx_word' id='word_1_213' title='bbox 347 1900 401 1948; x_wconf 93' lang='lat' dir='ltr'><strong>G.</strong></span> <span class='ocrx_word' id='word_1_214' title='bbox 431 1901 475 1947; x_wconf 91' lang='lat' dir='ltr'><strong>II</strong></span> <span class='ocrx_word' id='word_1_215' title='bbox 507 1900 633 1948; x_wconf 87' lang='lat' dir='ltr'><strong>Add.</strong></span> <span class='ocrx_word' id='word_1_216' title='bbox 669 1915 719 1965; x_wconf 91' lang='lat' dir='ltr'><strong>p.</strong></span> <span class='ocrx_word' id='word_1_217' title='bbox 753 1899 889 1949; x_wconf 93' lang='grc'>1023</span> <span class='ocrx_word' id='word_1_218' title='bbox 930 1914 979 1948; x_wconf 87' lang='grc'><strong>11.</strong></span> <span class='ocrx_word' id='word_1_219' title='bbox 1010 1898 1148 1949; x_wconf 87' lang='grc'>2166</span> <span class='ocrx_word' id='word_1_220' title='bbox 1171 1895 1214 1947; x_wconf 82' lang='lat' dir='ltr'><strong>b.</strong></span> <span class='ocrx_word' id='word_1_221' title='bbox 1290 1898 1344 1946; x_wconf 94' lang='lat' dir='ltr'><strong>A.</strong></span> <span class='ocrx_word' id='word_1_222' title='bbox 1377 1897 1541 1947; x_wconf 88' lang='lat' dir='ltr'><strong>Conze</strong></span> <span class='ocrx_word' id='word_1_223' title='bbox 1578 1897 1759 1946; x_wconf 91' lang='lat' dir='ltr'><strong>Reisen</strong></span> <span class='ocrx_word' id='word_1_224' title='bbox 1797 1897 1891 1946; x_wconf 88' lang='lat' dir='ltr'><strong>auf</strong></span> <span class='ocrx_word' id='word_1_225' title='bbox 1922 1898 2014 1946; x_wconf 90' lang='lat' dir='ltr'><strong>der</strong></span> <span class='ocrx_word' id='word_1_226' title='bbox 2051 1898 2181 1945; x_wconf 91' lang='lat' dir='ltr'><strong>Insel</strong></span> 
     </span>
     <span class='ocr_line' id='line_1_23' title="bbox 200 1983 2180 2051; baseline -0.001 -17"><span class='ocrx_word' id='word_1_227' title='bbox 200 1987 391 2035; x_wconf 86' lang='lat' dir='ltr'><strong>Lesbos</strong></span> <span class='ocrx_word' id='word_1_228' title='bbox 435 2002 484 2051; x_wconf 90' lang='lat' dir='ltr'><strong>p.</strong></span> <span class='ocrx_word' id='word_1_229' title='bbox 523 1987 608 2050; x_wconf 88' lang='grc'><strong>29,</strong></span> <span class='ocrx_word' id='word_1_230' title='bbox 665 1983 779 2034; x_wconf 81' lang='lat' dir='ltr'><strong>acd</strong></span> <span class='ocrx_word' id='word_1_231' title='bbox 821 1986 956 2034; x_wconf 90' lang='lat' dir='ltr'><strong>idem</strong></span> <span class='ocrx_word' id='word_1_232' title='bbox 1000 1985 1102 2034; x_wconf 86' lang='lat' dir='ltr'><strong>tab.</strong></span> <span class='ocrx_word' id='word_1_233' title='bbox 1138 1985 1242 2033; x_wconf 90' lang='lat' dir='ltr'><strong>XII.</strong></span> <span class='ocrx_word' id='word_1_234' title='bbox 1308 1985 1491 2033; x_wconf 86' lang='lat' dir='ltr'><strong>Totum</strong></span> <span class='ocrx_word' id='word_1_235' title='bbox 1546 1987 1931 2032; x_wconf 88' lang='lat' dir='ltr'><strong>monumentum</strong></span> <span class='ocrx_word' id='word_1_236' title='bbox 1985 1984 2180 2048; x_wconf 91' lang='lat' dir='ltr'><strong>primus</strong></span> 
     </span>
     <span class='ocr_line' id='line_1_24' title="bbox 202 2069 2182 2138; baseline -0.003 -16"><span class='ocrx_word' id='word_1_237' title='bbox 202 2073 486 2138; x_wconf 87' lang='lat' dir='ltr'><strong>composuit</strong></span> <span class='ocrx_word' id='word_1_238' title='bbox 511 2073 570 2120; x_wconf 94' lang='lat' dir='ltr'><strong>H.</strong></span> <span class='ocrx_word' id='word_1_239' title='bbox 602 2072 805 2137; x_wconf 86' lang='lat' dir='ltr'><strong>Sauppe</strong></span> <span class='ocrx_word' id='word_1_240' title='bbox 834 2071 965 2121; x_wconf 75' lang='lat' dir='ltr'><strong>Gott.</strong></span> <span class='ocrx_word' id='word_1_241' title='bbox 994 2073 1086 2135; x_wconf 78' lang='lat' dir='ltr'><strong>gel.</strong></span> <span class='ocrx_word' id='word_1_242' title='bbox 1115 2071 1236 2119; x_wconf 92' lang='lat' dir='ltr'><strong>Anz.</strong></span> <span class='ocrx_word' id='word_1_243' title='bbox 1269 2070 1404 2118; x_wconf 85' lang='grc'>1863</span> <span class='ocrx_word' id='word_1_244' title='bbox 1441 2085 1491 2135; x_wconf 95' lang='lat' dir='ltr'><strong>p.</strong></span> <span class='ocrx_word' id='word_1_245' title='bbox 1522 2070 1640 2118; x_wconf 83' lang='lat'><strong>359.</strong></span> <span class='ocrx_word' id='word_1_246' title='bbox 1701 2069 2182 2119; x_wconf 85' lang='lat' dir='ltr'><strong>Commentariolum</strong></span> 
     </span>
     <span class='ocr_line' id='line_1_25' title="bbox 203 2154 2187 2223; baseline -0.003 -15"><span class='ocrx_word' id='word_1_247' title='bbox 203 2160 266 2208; x_wconf 91' lang='lat' dir='ltr'><strong>de</strong></span> <span class='ocrx_word' id='word_1_248' title='bbox 306 2159 502 2207; x_wconf 87' lang='lat' dir='ltr'><strong>duabus</strong></span> <span class='ocrx_word' id='word_1_249' title='bbox 552 2158 961 2223; x_wconf 82' lang='lat' dir='ltr'><strong>inscriptionibus</strong></span> <span class='ocrx_word' id='word_1_250' title='bbox 1007 2157 1278 2222; x_wconf 87' lang='lat' dir='ltr'><strong>Lesbiacis,</strong></span> <span class='ocrx_word' id='word_1_251' title='bbox 1327 2156 1591 2220; x_wconf 83' lang='lat' dir='ltr'><strong>Gottingae</strong></span> <span class='ocrx_word' id='word_1_252' title='bbox 1634 2154 1768 2205; x_wconf 88' lang='grc'>1870</span> <span class='ocrx_word' id='word_1_253' title='bbox 1811 2155 1881 2222; x_wconf 88' lang='lat' dir='ltr'><strong>(A.</strong></span> <span class='ocrx_word' id='word_1_254' title='bbox 1919 2155 2187 2205; x_wconf 83' lang='lat' dir='ltr'><strong>Kirchhoff</strong></span> 
     </span>
     <span class='ocr_line' id='line_1_26' title="bbox 203 2241 2178 2310; baseline -0.002 -18"><span class='ocrx_word' id='word_1_255' title='bbox 203 2260 284 2310; x_wconf 90' lang='lat' dir='ltr'><strong>ap.</strong></span> <span class='ocrx_word' id='word_1_256' title='bbox 314 2246 545 2309; x_wconf 86' lang='lat' dir='ltr'><strong>Droysen</strong></span> <span class='ocrx_word' id='word_1_257' title='bbox 585 2243 761 2293; x_wconf 90' lang='lat' dir='ltr'><strong>Gesch.</strong></span> <span class='ocrx_word' id='word_1_258' title='bbox 792 2244 881 2293; x_wconf 91' lang='lat' dir='ltr'><strong>des</strong></span> <span class='ocrx_word' id='word_1_259' title='bbox 908 2244 1241 2293; x_wconf 90' lang='lat' dir='ltr'><strong>Hellenismus</strong></span> <span class='ocrx_word' id='word_1_260' title='bbox 1267 2243 1311 2290; x_wconf 94' lang='lat' dir='ltr'><strong>II</strong></span> <span class='ocrx_word' id='word_1_261' title='bbox 1335 2243 1365 2291; x_wconf 83' lang='lat'><strong>2</strong></span> <span class='ocrx_word' id='word_1_262' title='bbox 1405 2258 1454 2308; x_wconf 89' lang='lat' dir='ltr'><strong>p.</strong></span> <span class='ocrx_word' id='word_1_263' title='bbox 1486 2243 1586 2290; x_wconf 82' lang='lat'><strong>363</strong></span> <span class='ocrx_word' id='word_1_264' title='bbox 1610 2257 1718 2307; x_wconf 86' lang='lat' dir='ltr'><strong>sqq.</strong></span> <span class='ocrx_word' id='word_1_265' title='bbox 1785 2242 1838 2290; x_wconf 87' lang='lat' dir='ltr'><strong>F.</strong></span> <span class='ocrx_word' id='word_1_266' title='bbox 1868 2241 2071 2291; x_wconf 89' lang='lat' dir='ltr'><strong>Bechtel</strong></span> <span class='ocrx_word' id='word_1_267' title='bbox 2097 2256 2178 2307; x_wconf 88' lang='lat' dir='ltr'><strong>ap.</strong></span> 
     </span>
     <span class='ocr_line' id='line_1_27' title="bbox 204 2327 2182 2394; baseline -0.002 -15"><span class='ocrx_word' id='word_1_268' title='bbox 204 2331 374 2379; x_wconf 87' lang='lat' dir='ltr'><strong>Collitz</strong></span> <span class='ocrx_word' id='word_1_269' title='bbox 422 2330 503 2379; x_wconf 88' lang='lat' dir='ltr'><strong>Gr.</strong></span> <span class='ocrx_word' id='word_1_270' title='bbox 546 2329 1044 2379; x_wconf 86' lang='lat' dir='ltr'><strong>Dialektinschriften</strong></span> <span class='ocrx_word' id='word_1_271' title='bbox 1081 2330 1103 2377; x_wconf 96' lang='lat' dir='ltr'>I</span> <span class='ocrx_word' id='word_1_272' title='bbox 1151 2345 1200 2394; x_wconf 91' lang='lat' dir='ltr'><strong>p.</strong></span> <span class='ocrx_word' id='word_1_273' title='bbox 1241 2328 1339 2376; x_wconf 89' lang='grc'><strong>103</strong></span> <span class='ocrx_word' id='word_1_274' title='bbox 1380 2343 1428 2376; x_wconf 86' lang='grc'><strong>11.</strong></span> <span class='ocrx_word' id='word_1_275' title='bbox 1459 2328 1578 2378; x_wconf 89' lang='grc'>281.</span> <span class='ocrx_word' id='word_1_276' title='bbox 1642 2329 1698 2377; x_wconf 91' lang='grc' dir='ltr'><strong>Ρ.</strong></span> <span class='ocrx_word' id='word_1_277' title='bbox 1739 2327 1900 2377; x_wconf 87' lang='lat' dir='ltr'><strong>Cauer</strong></span> <span class='ocrx_word' id='word_1_278' title='bbox 1950 2328 2182 2377; x_wconf 88' lang='lat' dir='ltr'><strong>Delectus</strong></span> 
     </span>
     <span class='ocr_line' id='line_1_28' title="bbox 202 2412 2179 2481; baseline -0.001 -17"><span class='ocrx_word' id='word_1_279' title='bbox 202 2418 358 2466; x_wconf 90' lang='lat' dir='ltr'><strong>Inscr.</strong></span> <span class='ocrx_word' id='word_1_280' title='bbox 389 2416 471 2465; x_wconf 86' lang='lat' dir='ltr'><strong>Gr.</strong></span> <span class='ocrx_word' id='word_1_281' title='bbox 497 2417 579 2465; x_wconf 88' lang='lat' dir='ltr'><strong>ed.</strong></span> <span class='ocrx_word' id='word_1_282' title='bbox 610 2416 640 2466; x_wconf 92' lang='grc'>2</span> <span class='ocrx_word' id='word_1_283' title='bbox 680 2432 730 2481; x_wconf 92' lang='lat' dir='ltr'><strong>p.</strong></span> <span class='ocrx_word' id='word_1_284' title='bbox 761 2413 862 2465; x_wconf 91' lang='grc'><strong>270</strong></span> <span class='ocrx_word' id='word_1_285' title='bbox 903 2430 951 2464; x_wconf 91' lang='grc'><strong>11.</strong></span> <span class='ocrx_word' id='word_1_286' title='bbox 983 2413 1118 2480; x_wconf 84' lang='lat'><strong>430).</strong></span> <span class='ocrx_word' id='word_1_287' title='bbox 1184 2415 1238 2463; x_wconf 91' lang='lat' dir='ltr'><strong>E.</strong></span> <span class='ocrx_word' id='word_1_288' title='bbox 1270 2415 1322 2463; x_wconf 96' lang='lat' dir='ltr'><strong>L.</strong></span> <span class='ocrx_word' id='word_1_289' title='bbox 1354 2413 1506 2463; x_wconf 86' lang='lat' dir='ltr'><strong>Hicks</strong></span> <span class='ocrx_word' id='word_1_290' title='bbox 1546 2414 1744 2462; x_wconf 89' lang='lat' dir='ltr'><strong>Manual</strong></span> <span class='ocrx_word' id='word_1_291' title='bbox 1782 2413 1842 2462; x_wconf 86' lang='lat' dir='ltr'><strong>of</strong></span> <span class='ocrx_word' id='word_1_292' title='bbox 1862 2412 2026 2462; x_wconf 84' lang='lat' dir='ltr'><strong>Greek</strong></span> <span class='ocrx_word' id='word_1_293' title='bbox 2062 2413 2179 2462; x_wconf 83' lang='lat' dir='ltr'><strong>hist.</strong></span> 
     </span>
     <span class='ocr_line' id='line_1_29' title="bbox 203 2499 2184 2567; baseline -0.002 -16"><span class='ocrx_word' id='word_1_294' title='bbox 203 2503 351 2551; x_wconf 81' lang='lat' dir='ltr'><strong>inser.</strong></span> <span class='ocrx_word' id='word_1_295' title='bbox 391 2518 442 2567; x_wconf 92' lang='lat' dir='ltr'><strong>p.</strong></span> <span class='ocrx_word' id='word_1_296' title='bbox 472 2503 575 2552; x_wconf 87' lang='grc'><strong>208</strong></span> <span class='ocrx_word' id='word_1_297' title='bbox 615 2517 663 2550; x_wconf 88' lang='grc'><strong>11.</strong></span> <span class='ocrx_word' id='word_1_298' title='bbox 696 2501 796 2551; x_wconf 82' lang='grc'><strong>125</strong></span> <span class='ocrx_word' id='word_1_299' title='bbox 847 2516 911 2550; x_wconf 82' lang='lat' dir='ltr'><strong>ex</strong></span> <span class='ocrx_word' id='word_1_300' title='bbox 949 2501 1142 2566; x_wconf 83' lang='lat' dir='ltr'><strong>ectypis</strong></span> <span class='ocrx_word' id='word_1_301' title='bbox 1182 2501 1379 2550; x_wconf 89' lang='lat' dir='ltr'><strong>duobus</strong></span> <span class='ocrx_word' id='word_1_302' title='bbox 1417 2514 1449 2548; x_wconf 94' lang='lat' dir='ltr'><strong>a</strong></span> <span class='ocrx_word' id='word_1_303' title='bbox 1485 2500 1731 2549; x_wconf 87' lang='lat' dir='ltr'><strong>Newtono</strong></span> <span class='ocrx_word' id='word_1_304' title='bbox 1781 2499 2034 2548; x_wconf 76' lang='lat' dir='ltr'><strong>confectis</strong></span> <span class='ocrx_word' id='word_1_305' title='bbox 2107 2500 2184 2548; x_wconf 82' lang='lat' dir='ltr'><strong>Ex</strong></span> 
     </span>
     <span class='ocr_line' id='line_1_30' title="bbox 206 2583 2183 2651; baseline -0.001 -16"><span class='ocrx_word' id='word_1_306' title='bbox 206 2589 396 2637; x_wconf 91' lang='lat' dir='ltr'><strong>eisdem</strong></span> <span class='ocrx_word' id='word_1_307' title='bbox 435 2588 490 2636; x_wconf 91' lang='lat' dir='ltr'><strong>O.</strong></span> <span class='ocrx_word' id='word_1_308' title='bbox 521 2586 794 2636; x_wconf 83' lang='lat' dir='ltr'><strong>Hoffmann</strong></span> <span class='ocrx_word' id='word_1_309' title='bbox 833 2588 912 2636; x_wconf 91' lang='lat' dir='ltr'><strong>die</strong></span> <span class='ocrx_word' id='word_1_310' title='bbox 948 2602 1020 2651; x_wconf 88' lang='lat' dir='ltr'><strong>gr.</strong></span> <span class='ocrx_word' id='word_1_311' title='bbox 1061 2587 1288 2636; x_wconf 88' lang='lat' dir='ltr'><strong>Dialekte</strong></span> <span class='ocrx_word' id='word_1_312' title='bbox 1324 2587 1368 2634; x_wconf 95' lang='lat' dir='ltr'><strong>II</strong></span> <span class='ocrx_word' id='word_1_313' title='bbox 1403 2602 1453 2651; x_wconf 93' lang='lat' dir='ltr'><strong>p.</strong></span> <span class='ocrx_word' id='word_1_314' title='bbox 1486 2583 1552 2634; x_wconf 86' lang='lat'><strong>76</strong></span> <span class='ocrx_word' id='word_1_315' title='bbox 1592 2601 1640 2634; x_wconf 93' lang='lat' dir='ltr'><strong>n.</strong></span> <span class='ocrx_word' id='word_1_316' title='bbox 1673 2585 1790 2634; x_wconf 91' lang='grc'>119.</span> <span class='ocrx_word' id='word_1_317' title='bbox 1870 2584 1975 2650; x_wconf 89' lang='lat' dir='ltr'><strong>(Ch.</strong></span> <span class='ocrx_word' id='word_1_318' title='bbox 2006 2585 2183 2634; x_wconf 90' lang='lat' dir='ltr'><strong>Micbel</strong></span> 
     </span>
     <span class='ocr_line' id='line_1_31' title="bbox 205 2669 2185 2738; baseline -0.001 -17"><span class='ocrx_word' id='word_1_319' title='bbox 205 2674 404 2724; x_wconf 88' lang='lat' dir='ltr'><strong>Recueil</strong></span> <span class='ocrx_word' id='word_1_320' title='bbox 432 2669 632 2722; x_wconf 86' lang='lat' dir='ltr'><strong>d⁷inscr.</strong></span> <span class='ocrx_word' id='word_1_321' title='bbox 665 2672 747 2721; x_wconf 89' lang='lat' dir='ltr'><strong>Gr.</strong></span> <span class='ocrx_word' id='word_1_322' title='bbox 775 2688 825 2737; x_wconf 88' lang='lat' dir='ltr'><strong>p.</strong></span> <span class='ocrx_word' id='word_1_323' title='bbox 856 2670 958 2722; x_wconf 81' lang='grc'><strong>275</strong></span> <span class='ocrx_word' id='word_1_324' title='bbox 999 2687 1046 2721; x_wconf 88' lang='grc'><strong>11.</strong></span> <span class='ocrx_word' id='word_1_325' title='bbox 1079 2670 1218 2738; x_wconf 82' lang='grc'>358.)</span> <span class='ocrx_word' id='word_1_326' title='bbox 1282 2673 1359 2720; x_wconf 82' lang='lat' dir='ltr'><strong>Ex</strong></span> <span class='ocrx_word' id='word_1_327' title='bbox 1395 2672 1507 2737; x_wconf 91' lang='lat' dir='ltr'><strong>ipso</strong></span> <span class='ocrx_word' id='word_1_328' title='bbox 1534 2672 1714 2737; x_wconf 87' lang='lat' dir='ltr'><strong>lapide,</strong></span> <span class='ocrx_word' id='word_1_329' title='bbox 1755 2671 1994 2736; x_wconf 90' lang='lat' dir='ltr'><strong>inspectis</strong></span> <span class='ocrx_word' id='word_1_330' title='bbox 2033 2672 2185 2721; x_wconf 90' lang='lat' dir='ltr'><strong>etiam</strong></span> 
     </span>
     <span class='ocr_line' id='line_1_32' title="bbox 209 2757 2172 2830; baseline -0.003 -20"><span class='ocrx_word' id='word_1_331' title='bbox 209 2761 401 2825; x_wconf 80' lang='lat' dir='ltr'><strong>ectypis</strong></span> <span class='ocrx_word' id='word_1_332' title='bbox 450 2758 806 2830; x_wconf 84' lang='lat' dir='ltr'><strong>Newtonianis,</strong></span> <span class='ocrx_word' id='word_1_333' title='bbox 856 2760 933 2807; x_wconf 92' lang='lat' dir='ltr'><strong>W.</strong></span> <span class='ocrx_word' id='word_1_334' title='bbox 970 2759 1027 2807; x_wconf 92' lang='lat' dir='ltr'><strong>R.</strong></span> <span class='ocrx_word' id='word_1_335' title='bbox 1064 2759 1227 2806; x_wconf 88' lang='lat' dir='ltr'><strong>Paton</strong></span> <span class='ocrx_word' id='word_1_336' title='bbox 1271 2758 1425 2806; x_wconf 87' lang='lat' dir='ltr'><strong>Inscr.</strong></span> <span class='ocrx_word' id='word_1_337' title='bbox 1461 2758 1554 2806; x_wconf 90' lang='lat' dir='ltr'><strong>ins.</strong></span> <span class='ocrx_word' id='word_1_338' title='bbox 1591 2772 1716 2806; x_wconf 91' lang='lat' dir='ltr'><strong>mar.</strong></span> <span class='ocrx_word' id='word_1_339' title='bbox 1752 2757 1869 2820; x_wconf 77' lang='lat' dir='ltr'><strong>Aeg.</strong></span> <span class='ocrx_word' id='word_1_340' title='bbox 1908 2758 1951 2805; x_wconf 94' lang='grc' dir='ltr'>Π</span> <span class='ocrx_word' id='word_1_341' title='bbox 1987 2773 2036 2823; x_wconf 91' lang='lat' dir='ltr'><strong>p.</strong></span> <span class='ocrx_word' id='word_1_342' title='bbox 2082 2758 2172 2806; x_wconf 87' lang='grc'><strong>111</strong></span> 
     </span>
     <span class='ocr_line' id='line_1_33' title="bbox 208 2843 2183 2910; baseline -0.002 -14"><span class='ocrx_word' id='word_1_343' title='bbox 208 2863 254 2896; x_wconf 97' lang='grc'><strong>11.</strong></span> <span class='ocrx_word' id='word_1_344' title='bbox 286 2847 406 2910; x_wconf 77' lang='grc'><strong>526,</strong></span> <span class='ocrx_word' id='word_1_345' title='bbox 454 2845 539 2910; x_wconf 91' lang='lat' dir='ltr'><strong>qui</strong></span> <span class='ocrx_word' id='word_1_346' title='bbox 582 2849 688 2893; x_wconf 89' lang='lat' dir='ltr'><strong>tam</strong></span> <span class='ocrx_word' id='word_1_347' title='bbox 731 2846 1024 2893; x_wconf 87' lang='lat' dir='ltr'><strong>accuratum</strong></span> <span class='ocrx_word' id='word_1_348' title='bbox 1069 2847 1117 2893; x_wconf 87' lang='lat' dir='ltr'><strong>et</strong></span> <span class='ocrx_word' id='word_1_349' title='bbox 1159 2845 1365 2908; x_wconf 92' lang='lat' dir='ltr'><strong>plenum</strong></span> <span class='ocrx_word' id='word_1_350' title='bbox 1411 2843 1678 2909; x_wconf 89' lang='lat' dir='ltr'><strong>proposuit</strong></span> <span class='ocrx_word' id='word_1_351' title='bbox 1712 2843 1841 2892; x_wconf 91' lang='lat' dir='ltr'><strong>tituli</strong></span> <span class='ocrx_word' id='word_1_352' title='bbox 1877 2845 2183 2910; x_wconf 83' lang='lat' dir='ltr'><strong>exemplum,</strong></span> 
     </span>
     <span class='ocr_line' id='line_1_34' title="bbox 206 2930 2187 2998; baseline -0.002 -16"><span class='ocrx_word' id='word_1_353' title='bbox 206 2936 264 2983; x_wconf 91' lang='lat' dir='ltr'><strong>ut</strong></span> <span class='ocrx_word' id='word_1_354' title='bbox 299 2933 529 2998; x_wconf 84' lang='lat' dir='ltr'><strong>priorum</strong></span> <span class='ocrx_word' id='word_1_355' title='bbox 567 2931 912 2996; x_wconf 89' lang='lat' dir='ltr'><strong>discrepantes</strong></span> <span class='ocrx_word' id='word_1_356' title='bbox 949 2930 1185 2978; x_wconf 89' lang='lat' dir='ltr'><strong>lectiones</strong></span> <span class='ocrx_word' id='word_1_357' title='bbox 1231 2932 1436 2978; x_wconf 89' lang='lat' dir='ltr'><strong>enotare</strong></span> <span class='ocrx_word' id='word_1_358' title='bbox 1473 2943 1658 2993; x_wconf 85' lang='lat' dir='ltr'><strong>magna</strong></span> <span class='ocrx_word' id='word_1_359' title='bbox 1704 2943 1767 2977; x_wconf 85' lang='lat' dir='ltr'><strong>ex</strong></span> <span class='ocrx_word' id='word_1_360' title='bbox 1811 2933 1957 2994; x_wconf 90' lang='lat' dir='ltr'><strong>parte</strong></span> <span class='ocrx_word' id='word_1_361' title='bbox 2006 2945 2187 2995; x_wconf 89' lang='lat' dir='ltr'><strong>super-</strong></span> 
     </span>
     <span class='ocr_line' id='line_1_35' title="bbox 206 3014 2181 3080; baseline -0.002 -12"><span class='ocrx_word' id='word_1_362' title='bbox 206 3033 488 3068; x_wconf 88' lang='lat' dir='ltr'><strong>vacaneum</strong></span> <span class='ocrx_word' id='word_1_363' title='bbox 526 3017 603 3066; x_wconf 88' lang='lat' dir='ltr'><strong>sit.</strong></span> <span class='ocrx_word' id='word_1_364' title='bbox 672 3016 743 3065; x_wconf 89' lang='lat' dir='ltr'><strong>Cf.</strong></span> <span class='ocrx_word' id='word_1_365' title='bbox 786 3030 916 3080; x_wconf 89' lang='lat' dir='ltr'><strong>quae</strong></span> <span class='ocrx_word' id='word_1_366' title='bbox 942 3016 1002 3064; x_wconf 94' lang='lat' dir='ltr'><strong>de</strong></span> <span class='ocrx_word' id='word_1_367' title='bbox 1028 3016 1172 3065; x_wconf 86' lang='lat' dir='ltr'><strong>titulo</strong></span> <span class='ocrx_word' id='word_1_368' title='bbox 1201 3018 1547 3080; x_wconf 84' lang='lat' dir='ltr'><strong>exposuerunt</strong></span> <span class='ocrx_word' id='word_1_369' title='bbox 1583 3015 1617 3062; x_wconf 94' lang='lat' dir='ltr'><strong>I.</strong></span> <span class='ocrx_word' id='word_1_370' title='bbox 1649 3014 1703 3063; x_wconf 91' lang='lat' dir='ltr'><strong>G.</strong></span> <span class='ocrx_word' id='word_1_371' title='bbox 1735 3015 1964 3078; x_wconf 86' lang='lat' dir='ltr'><strong>Droysen</strong></span> <span class='ocrx_word' id='word_1_372' title='bbox 2003 3015 2181 3064; x_wconf 90' lang='lat' dir='ltr'><strong>Gesch.</strong></span> 
     </span>
     <span class='ocr_line' id='line_1_36' title="bbox 210 3098 2185 3167; baseline -0.003 -14"><span class='ocrx_word' id='word_1_373' title='bbox 210 3105 298 3154; x_wconf 88' lang='lat' dir='ltr'><strong>des</strong></span> <span class='ocrx_word' id='word_1_374' title='bbox 336 3105 668 3153; x_wconf 90' lang='lat' dir='ltr'><strong>Hellenismus</strong></span> <span class='ocrx_word' id='word_1_375' title='bbox 705 3103 742 3167; x_wconf 87' lang='grc' dir='ltr'><strong>Ι,</strong></span> <span class='ocrx_word' id='word_1_376' title='bbox 783 3102 800 3149; x_wconf 94' lang='grc'><strong>1</strong></span> <span class='ocrx_word' id='word_1_377' title='bbox 850 3118 898 3167; x_wconf 92' lang='lat' dir='ltr'><strong>p.</strong></span> <span class='ocrx_word' id='word_1_378' title='bbox 935 3102 1048 3150; x_wconf 87' lang='grc'>198.</span> <span class='ocrx_word' id='word_1_379' title='bbox 1087 3101 1206 3151; x_wconf 86' lang='grc'>202.</span> <span class='ocrx_word' id='word_1_380' title='bbox 1246 3098 1365 3150; x_wconf 89' lang='grc'>272.</span> <span class='ocrx_word' id='word_1_381' title='bbox 1438 3102 1516 3148; x_wconf 93' lang='lat' dir='ltr'><strong>W.</strong></span> <span class='ocrx_word' id='word_1_382' title='bbox 1547 3100 1695 3148; x_wconf 88' lang='lat' dir='ltr'><strong>Wald</strong></span> <span class='ocrx_word' id='word_1_383' title='bbox 1731 3100 2084 3150; x_wconf 89' lang='lat' dir='ltr'><strong>Additamenta</strong></span> <span class='ocrx_word' id='word_1_384' title='bbox 2120 3101 2185 3148; x_wconf 93' lang='lat' dir='ltr'><strong>ad</strong></span> 
     </span>
     <span class='ocr_line' id='line_1_37' title="bbox 212 3187 2186 3251; baseline -0.002 -13"><span class='ocrx_word' id='word_1_385' title='bbox 212 3191 479 3239; x_wconf 87' lang='lat' dir='ltr'><strong>dialectum</strong></span> <span class='ocrx_word' id='word_1_386' title='bbox 525 3193 574 3238; x_wconf 92' lang='lat' dir='ltr'><strong>et</strong></span> <span class='ocrx_word' id='word_1_387' title='bbox 621 3188 919 3238; x_wconf 90' lang='lat' dir='ltr'><strong>Lesbiorum</strong></span> <span class='ocrx_word' id='word_1_388' title='bbox 975 3191 1025 3236; x_wconf 89' lang='lat' dir='ltr'><strong>et</strong></span> <span class='ocrx_word' id='word_1_389' title='bbox 1079 3187 1435 3236; x_wconf 89' lang='lat' dir='ltr'><strong>Thessalorum</strong></span> <span class='ocrx_word' id='word_1_390' title='bbox 1493 3187 1912 3251; x_wconf 82' lang='lat' dir='ltr'><strong>cognoscendam,</strong></span> <span class='ocrx_word' id='word_1_391' title='bbox 1970 3187 2186 3236; x_wconf 90' lang='lat' dir='ltr'><strong>Berolini</strong></span> 
     </span>
     <span class='ocr_line' id='line_1_38' title="bbox 216 3273 2181 3340; baseline -0.001 -17"><span class='ocrx_word' id='word_1_392' title='bbox 216 3274 349 3323; x_wconf 90' lang='grc'>1870</span> <span class='ocrx_word' id='word_1_393' title='bbox 389 3292 439 3340; x_wconf 93' lang='lat' dir='ltr'><strong>p.</strong></span> <span class='ocrx_word' id='word_1_394' title='bbox 482 3277 508 3323; x_wconf 70' lang='lat'><strong>4</strong></span> <span class='ocrx_word' id='word_1_395' title='bbox 533 3291 640 3340; x_wconf 88' lang='lat' dir='ltr'><strong>sqq.</strong></span> <span class='ocrx_word' id='word_1_396' title='bbox 723 3274 775 3323; x_wconf 90' lang='lat' dir='ltr'><strong>F.</strong></span> <span class='ocrx_word' id='word_1_397' title='bbox 814 3273 1018 3323; x_wconf 88' lang='lat' dir='ltr'><strong>Bechtel</strong></span> <span class='ocrx_word' id='word_1_398' title='bbox 1065 3287 1145 3338; x_wconf 86' lang='lat' dir='ltr'><strong>ap.</strong></span> <span class='ocrx_word' id='word_1_399' title='bbox 1186 3273 1559 3335; x_wconf 83' lang='lat' dir='ltr'><strong>Bezzenberger</strong></span> <span class='ocrx_word' id='word_1_400' title='bbox 1595 3273 1746 3320; x_wconf 87' lang='lat' dir='ltr'><strong>Beitr.</strong></span> <span class='ocrx_word' id='word_1_401' title='bbox 1782 3273 1825 3320; x_wconf 92' lang='lat' dir='ltr'>V</span> <span class='ocrx_word' id='word_1_402' title='bbox 1861 3288 1911 3337; x_wconf 93' lang='lat' dir='ltr'><strong>p.</strong></span> <span class='ocrx_word' id='word_1_403' title='bbox 1951 3273 2051 3321; x_wconf 88' lang='grc'><strong>138</strong></span> <span class='ocrx_word' id='word_1_404' title='bbox 2074 3289 2181 3338; x_wconf 90' lang='lat' dir='ltr'><strong>sqq.</strong></span> 
     </span>
     <span class='ocr_line' id='line_1_39' title="bbox 212 3358 2184 3424; baseline -0.002 -14"><span class='ocrx_word' id='word_1_405' title='bbox 212 3363 290 3410; x_wconf 93' lang='lat' dir='ltr'><strong>W.</strong></span> <span class='ocrx_word' id='word_1_406' title='bbox 320 3362 655 3410; x_wconf 80' lang='lat' dir='ltr'><strong>Hiinerwadel</strong></span> <span class='ocrx_word' id='word_1_407' title='bbox 693 3360 1052 3424; x_wconf 83' lang='lat' dir='ltr'><strong>Forschungen</strong></span> <span class='ocrx_word' id='word_1_408' title='bbox 1077 3374 1167 3408; x_wconf 87' lang='lat' dir='ltr'><strong>zur</strong></span> <span class='ocrx_word' id='word_1_409' title='bbox 1195 3358 1492 3408; x_wconf 89' lang='lat' dir='ltr'><strong>Geschichte</strong></span> <span class='ocrx_word' id='word_1_410' title='bbox 1524 3358 1611 3407; x_wconf 89' lang='lat' dir='ltr'><strong>des</strong></span> <span class='ocrx_word' id='word_1_411' title='bbox 1639 3359 1827 3422; x_wconf 72' lang='lat' dir='ltr'><strong>Konigs</strong></span> <span class='ocrx_word' id='word_1_412' title='bbox 1853 3358 2184 3422; x_wconf 87' lang='lat' dir='ltr'><strong>Lysimachos</strong></span> 
     </span>
     <span class='ocr_line' id='line_1_40' title="bbox 211 3447 607 3512; baseline -0.003 -17"><span class='ocrx_word' id='word_1_413' title='bbox 211 3463 260 3512; x_wconf 92' lang='lat' dir='ltr'><strong>p.</strong></span> <span class='ocrx_word' id='word_1_414' title='bbox 289 3447 378 3494; x_wconf 91' lang='grc'><strong>111</strong></span> <span class='ocrx_word' id='word_1_415' title='bbox 427 3450 529 3495; x_wconf 86' lang='lat' dir='ltr'><strong>not.</strong></span> <span class='ocrx_word' id='word_1_416' title='bbox 561 3447 607 3494; x_wconf 87' lang='grc'><strong>3.</strong></span> 
     </span>
    </p>
   </div>
   <div class='ocr_carea' id='block_1_6' title="bbox 330 3587 2183 3641">
    <p class='ocr_par' dir='ltr' id='par_1_6' title="bbox 330 3587 2183 3641">
     <span class='ocr_line' id='line_1_41' title="bbox 330 3587 2183 3641; baseline 0 -13"><span class='ocrx_word' id='word_1_417' title='bbox 330 3589 520 3628; x_wconf 83' lang='lat' dir='ltr'><strong>Litterae</strong></span> <span class='ocrx_word' id='word_1_418' title='bbox 557 3589 731 3628; x_wconf 88' lang='lat' dir='ltr'><strong>Ionicae</strong></span> <span class='ocrx_word' id='word_1_419' title='bbox 770 3589 974 3640; x_wconf 79' lang='lat' dir='ltr'><strong>volgares</strong></span> <span class='ocrx_word' id='word_1_420' title='bbox 1015 3589 1192 3641; x_wconf 88' lang='lat' dir='ltr'><strong>praeter</strong></span> <span class='ocrx_word' id='word_1_421' title='bbox 1232 3588 1267 3628; x_wconf 91' lang='grc' dir='ltr'>Ξ</span> <span class='ocrx_word' id='word_1_422' title='bbox 1305 3589 1350 3627; x_wconf 89' lang='lat' dir='ltr'><strong>et</strong></span> <span class='ocrx_word' id='word_1_423' title='bbox 1390 3587 1517 3627; x_wconf 83' lang='grc' dir='ltr'><strong>ΘΟΩ</strong></span> <span class='ocrx_word' id='word_1_424' title='bbox 1547 3587 1720 3626; x_wconf 86' lang='lat' dir='ltr'><strong>minore</strong></span> <span class='ocrx_word' id='word_1_425' title='bbox 1752 3587 1935 3627; x_wconf 90' lang='lat' dir='ltr'><strong>modulo</strong></span> <span class='ocrx_word' id='word_1_426' title='bbox 1967 3589 2183 3640; x_wconf 84' lang='lat' dir='ltr'><strong>exaratas,</strong></span> 
     </span>
    </p>
   </div>
   <div class='ocr_carea' id='block_1_7' title="bbox 2258 0 2314 3569">
    <p class='ocr_par' dir='ltr' id='par_1_7' title="bbox 2258 0 2314 3569">
     <span class='ocr_line' id='line_1_42' title="bbox 2258 0 2314 3569; baseline 0 0"><span class='ocrx_word' id='word_1_427' title='bbox 2258 0 2314 3569; x_wconf 95' lang='lat' dir='ltr'><strong> </strong></span> 
     </span>
    </p>
   </div>
   <div class='ocr_carea' id='block_1_8' title="bbox 218 3658 2282 3716">
    <p class='ocr_par' dir='ltr' id='par_1_8' title="bbox 218 3658 2282 3716">
     <span class='ocr_line' id='line_1_43' title="bbox 218 3658 2282 3716; baseline -0 -16"><span class='ocrx_word' id='word_1_428' title='bbox 218 3661 459 3701; x_wconf 84' lang='lat' dir='ltr'><strong>adornatae</strong></span> <span class='ocrx_word' id='word_1_429' title='bbox 481 3658 702 3716; x_wconf 74' lang='grc' dir='ltr'>στοιχηδὸν</span> <span class='ocrx_word' id='word_1_430' title='bbox 726 3660 803 3700; x_wconf 92' lang='lat' dir='ltr'><strong>sed</strong></span> <span class='ocrx_word' id='word_1_431' title='bbox 824 3661 885 3701; x_wconf 85' lang='lat' dir='ltr'><strong>ita</strong></span> <span class='ocrx_word' id='word_1_432' title='bbox 906 3663 957 3701; x_wconf 91' lang='lat' dir='ltr'><strong>ut</strong></span> <span class='ocrx_word' id='word_1_433' title='bbox 978 3661 1156 3701; x_wconf 88' lang='lat' dir='ltr'><strong>ordines</strong></span> <span class='ocrx_word' id='word_1_434' title='bbox 1178 3671 1268 3700; x_wconf 90' lang='lat' dir='ltr'><strong>non</strong></span> <span class='ocrx_word' id='word_1_435' title='bbox 1289 3658 1459 3710; x_wconf 90' lang='lat' dir='ltr'><strong>ubique</strong></span> <span class='ocrx_word' id='word_1_436' title='bbox 1481 3660 1688 3698; x_wconf 85' lang='lat' dir='ltr'><strong>accurate</strong></span> <span class='ocrx_word' id='word_1_437' title='bbox 1709 3659 1957 3699; x_wconf 87' lang='lat' dir='ltr'><strong>serventur.</strong></span> <span class='ocrx_word' id='word_1_438' title='bbox 1991 3659 2187 3711; x_wconf 87' lang='lat' dir='ltr'><strong>Apparet</strong></span> <span class='ocrx_word' id='word_1_439' title='bbox 2276 3707 2282 3714; x_wconf 7' lang='grc' dir='ltr'><strong>Ἰ,</strong></span> 
     </span>
    </p>
   </div>
  </div>
 </body>
</html>
