2314 3970
246 252 350 302 358
886 250 958 291 IV.
1004 250 1206 302 Regnum
1239 249 1589 291 Seleucidarum.
2122 251 2219 303 [225

388 420 538 491 χάνει
581 421 819 490 πρότερον
869 418 1313 489 προσενηνειγμένη
1353 417 1475 488 πρὸς
1517 420 1675 487 πόλιν,
1723 420 1854 475 οὕτω
1902 419 2015 472 ὃὲ12
2051 422 2228 488 κεκτή-

309 522 357 561 15
389 526 559 559 σονται
605 505 662 557 οὗ
703 503 761 557 ἂν
807 507 839 574 ἡ
880 505 1029 576 χώρα
1075 505 1133 575 ἧι
1181 504 1576 575 προΙΙσωρισμένη
1593 508 1635 541 ¹³
1680 504 1772 558 ὑπὸ
1813 505 2084 575 Λαοδίκης.
2137 506 2224 575 τὴν

392 591 447 645 δὲ
494 591 640 662 τιμὴν
692 589 1079 662 συντετάχαΙμεν
1129 589 1410 661 ἀνενεγκεῖν
1459 591 1529 650 εἰς
1573 589 1628 643 τὸ
1667 589 1798 644 κατὰ
1839 591 2099 662 στρατείαν
2138 611 2227 660 γα-

389 675 748 748 ζοφυλάκ[ι]1ον
767 679 809 713 14
868 678 918 730 ἐν
967 675 1125 747 τρισὶν
1174 676 1474 747 ἀναφοραῖς,
1519 677 1941 746 ἰτοιουι.ι.ε-Ξνου(ς)15
1987 677 2087 747 τὴμ
2136 676 2222 746 μὲν

392 762 506 832 μίαν
546 764 596 814 ἐν
635 765 727 815 τῶι
765 762 1041 832 ΑὐΙὸναίωι
1080 760 1253 832 μηνὶ16
1289 765 1382 815 τῶι
1419 764 1470 814 ἐν
1509 765 1602 815 τῶι
1628 763 1899 832 ἑξηκοστῶι
1924 762 2026 815 ἔτει
2041 765 2099 828 1⁷,
2137 762 2225 833 τὴν

389 848 444 900 δὲ
482 848 656 919 ἑτέραν
695 849 786 918 ἐ[ν]
816 848 822 919 1
851 852 943 902 τῶι
968 848 1298 916 Ξανδικῶιῑὸ,
1335 847 1424 918 τὴν
1466 847 1521 900 δὲ
1559 848 1727 918 τρίτην
1769 851 1819 901 ἐν
1858 854 1942 918 τῆι
1986 848 2228 918 ἐχομένηι

303 947 358 988 20
388 935 635 1005 τριμήνωι
649 937 704 986 1⁹.
743 932 760 1004 ΙΙ
798 934 1030 993 σύνταξον
1067 934 1368 1005 παραδεῖξαι
1401 929 1685 1004 Ἀρριδαίωι
1717 938 1808 987 τῶι
1834 935 2229 1003 οἰκονομοῦντι20

243 1134 349 1164 sane
381 1123 510 1164 aulae
548 1123 698 1174 regiae
736 1122 898 1162 melius
938 1122 1152 1162 convenit
1181 1132 1316 1173 quam
1358 1121 1514 1162 domui
1547 1121 1763 1172 privatae.
1825 1120 1973 1168 Quare
2003 1120 2227 1162 Laodicen

240 1194 450 1235 Antiochi
481 1195 520 1234 ΙΙ
560 1204 764 1235 sororem
801 1195 846 1233 et
884 1204 1073 1234 uxorem
1114 1191 1414 1245 probabiliter
1454 1192 1672 1245 intellegit
1716 1192 1874 1233 editor.
1936 1191 2078 1240 Quem
2121 1203 2228 1233 sane

240 1277 330 1307 non
361 1265 488 1318 fugit,
527 1265 700 1306 insoliti
730 1265 901 1317 aliquid
941 1264 1109 1306 habere
1149 1264 1274 1316 quod
1313 1264 1387 1304 hic
1428 1275 1575 1316 neque
1616 1261 1837 1318 βασίλισσα
1875 1274 2022 1315 neque
2062 1261 2227 1320 ἀδελφή

239 1338 444 1390 vocatur,
476 1347 583 1377 cum
614 1348 654 1377 n.
679 1338 776 1389 224,
802 1339 852 1376 43
886 1347 965 1377 rex
994 1338 1190 1388 utroque
1221 1336 1403 1377 nomine
1425 1347 1524 1376 eam
1552 1336 1795 1376 ornaverit.
1848 1335 1992 1383 Quam
2023 1346 2120 1375 rem
2152 1346 2228 1375 ex-

240 1409 408 1461 plicare
439 1410 631 1449 conatur
661 1418 716 1448 ex
749 1407 930 1449 diverso
953 1408 1192 1460 utriusque
1216 1407 1335 1448 tituli
1357 1410 1626 1459 argumento
1657 1408 1702 1447 et
1732 1417 1907 1460 genere,
1939 1408 1985 1446 et
2007 1408 2229 1458 provocat

239 1480 295 1520 ad
327 1480 670 1533 inscriptionem
701 1479 982 1520 litteraturae
1013 1478 1305 1520 cuneiformis
1324 1478 1636 1532 Babyloniam,
1669 1479 1801 1519 cuius
1831 1478 2104 1530 principales
2125 1489 2227 1530 par-

238 1555 306 1593 tes
337 1552 394 1592 ab
427 1553 572 1592 amico
615 1562 698 1592 suo
731 1551 774 1592 P.
799 1551 946 1592 Scheil
976 1551 1023 1591 in
1054 1550 1439 1602 Francogallicum
1469 1561 1726 1591 sermonem
1765 1560 2009 1591 conversas
2049 1550 2226 1602 repetit.

238 1625 286 1664 In
318 1635 372 1664 eo
403 1624 552 1676 titulo,
585 1624 664 1675 qui
693 1623 893 1675 scriptus
924 1623 994 1664 est
1014 1633 1130 1663 anno
1153 1625 1235 1662 473
1258 1634 1298 1663 a.
1321 1622 1422 1663 Chr.
1445 1634 1503 1674 n.‚
1534 1621 1731 1662 refertur
1750 1621 1806 1662 de
1826 1621 2069 1662 donatione
2089 1632 2227 1673 quam

238 1695 487 1736 Antiochus
518 1695 556 1734 11
595 1706 675 1735 rex
713 1694 944 1747 quondam
985 1693 1203 1735 Laodicae
1242 1695 1288 1734 et
1329 1694 1516 1734 Seleuco
1553 1694 1868 1746 Antiochoque
1906 1692 2010 1734 filiis
2047 1692 2226 1735 fecerat.

238 1766 303 1808 Ne
334 1768 409 1808 hic
439 1767 623 1819 quidem
655 1767 859 1819 reginam
891 1767 970 1807 aut
999 1777 1206 1808 sororem
1238 1766 1408 1807 vocari.
1470 1766 1535 1806 Ita
1574 1775 1681 1806 sane
1712 1766 1782 1806 est
1793 1777 1805 1817 ;
1845 1765 1926 1806 sed
1962 1776 2018 1805 ex
2048 1765 2228 1806 Scheilii

239 1839 448 1880 versione
481 1840 682 1892 apparet,
712 1833 953 1879 ‘Laodicae
984 1849 1119 1879 suae
1151 1831 1341 1879 uxori'
1373 1837 1464 1878 illic
1491 1837 1716 1890 scriptum
1737 1847 1850 1890 esse,
1882 1836 2051 1889 quibus
2079 1836 2228 1877 verbis

238 1912 392 1963 regina
422 1910 604 1951 definite
645 1910 936 1962 significatur,
976 1911 1028 1950 ut
1057 1909 1169 1950 nihil
1206 1909 1516 1950 similitudinis
1546 1909 1621 1950 ille
1651 1909 1812 1950 titulus
1842 1908 2009 1950 habeat
2038 1919 2143 1950 cum
2174 1920 2227 1950 eo

238 1993 376 2035 quem
407 1982 482 2022 hic
512 1983 775 2023 tractamus.
828 1981 976 2029 Quare
1006 1992 1079 2022 res
1111 1981 1307 2022 obscura
1337 1982 1510 2033 manet;
1542 1992 1648 2022 nam
1670 1980 1794 2033 quod
1819 1981 1930 2021 item
1960 1981 2006 2021 in
2028 1982 2228 2021 mentem

237 2055 363 2095 venit
383 2053 738 2107 Haussoulliero,
771 2053 993 2094 Laodicen
1023 2054 1267 2105 propterea
1298 2053 1423 2105 regio
1455 2053 1638 2093 nomine
1668 2063 1836 2105 carere,
1867 2053 1975 2104 quia
2006 2053 2105 2093 tum
2137 2053 2227 2094 iam
2309 2037 2314 2055 ⁵

235 2125 473 2178 repudiata
503 2125 663 2166 fuisset
701 2126 890 2178 propter
926 2135 1069 2166 novas
1100 2125 1337 2165 Berenices
1367 2123 1612 2165 Ptolemaei
1643 2124 1922 2176 Philadelphi
1958 2123 2075 2165 filiae
2112 2135 2228 2176 nup·
2267 2146 2288 2175 -χ

237 2198 336 2249 tias,
367 2197 414 2237 id
434 2198 556 2238 recte
578 2197 676 2249 ipse
698 2197 909 2237 reiecisse
930 2196 1125 2236 videtur.
1173 2196 1350 2236 Etenim
1383 2196 1430 2236 id
1450 2197 1541 2236 iam
1563 2197 1667 2236 ante
1698 2207 1867 2237 annum
1890 2198 1972 2236 254
1996 2208 2035 2237 a.
2058 2195 2160 2236 Chr.
2185 2207 2226 2236 n.
2279 2218 2284 2222 -

239 2269 458 2310 accidisse
487 2269 610 2310 nulla
641 2279 696 2309 ex
728 2270 856 2321 parte
895 2267 1110 2309 credibile
1140 2269 1222 2308 est.
1370 2270 1422 2307 42
1466 2269 1496 2308 Ι.
1527 2279 1563 2308 e.
1597 2268 1636 2308 si
1674 2279 1785 2308 vero
1817 2268 2009 2309 Laodice
2049 2268 2096 2308 id
2134 2268 2226 2309 iam
2287 2271 2289 2277 '

237 2340 407 2381 fecerit.
557 2343 608 2380 43
652 2339 714 2381 Cf.
745 2341 836 2381 not.
861 2343 930 2382 40.
1077 2341 1128 2380 44
1170 2339 1261 2379 Cur
1291 2339 1338 2379 in
1369 2339 1562 2380 militare
1583 2339 1878 2391 potissimum
1899 2340 2124 2380 aerarium
2156 2340 2228 2380 in-

237 2412 407 2453 feratur
445 2412 643 2465 pretium
683 2412 778 2464 agri
808 2410 1087 2464 venumdati,
1125 2422 1217 2451 non
1255 2411 1412 2463 liquet.
1561 2413 1612 2451 45
1655 2410 1918 2451 Emendavi.
1968 2408 2225 2464 ποιουμένου
2300 2432 2307 2451 ι

237 2485 365 2537 lapis,
398 2484 523 2537 quod
553 2483 700 2524 editor
728 2484 951 2524 intactum
983 2483 1180 2535 reliquit.
1230 2482 1288 2522 At
1317 2492 1464 2535 neque
1485 2482 1720 2534 genetivus
1749 2492 1897 2534 neque
1918 2481 2226 2523 masculinum
2295 2483 2314 2540 ,Δ

239 2556 480 2608 singularis
510 2555 694 2597 tolerari
719 2557 886 2608 potest.
937 2554 1053 2597 Nam
1084 2554 1206 2607 quod
1229 2554 1422 2595 refertur
1452 2553 1509 2595 ad
1530 2553 1790 2595 subiectum
1820 2552 2031 2594 infinitivi
2061 2550 2226 2609 ἀνενεγ-
2298 2535 2305 2555 ‘

236 2631 344 2681 κεῖν,
383 2629 647 2670 accusativo
680 2639 790 2669 casu
820 2627 1150 2668 enuntiandum
1179 2626 1277 2679 fuit,
1319 2637 1466 2679 neque
1497 2627 1648 2667 certus
1679 2626 1817 2667 homo
1855 2626 1988 2666 antea
2026 2635 2227 2666 comme-
2292 2620 2294 2622 ’

239 2702 444 2741 moratus
475 2702 557 2752 est,
590 2700 647 2741 ad
677 2711 814 2752 quem
837 2699 1116 2741 vocabulum
1148 2700 1336 2752 spectet,
1368 2698 1449 2739 sed
1470 2699 1548 2739 aut
1578 2696 1838 2753 ποιουμένην
1869 2696 2112 2739 dicendum
2141 2696 2227 2738 fuit
2287 2718 2290 2722 ’

239 2771 420 2812 definite
451 2771 506 2812 de
536 2771 741 2824 Laodice,
783 2773 863 2812 aut
892 2770 1174 2825 ποιουμένους
1204 2771 1250 2811 in
1280 2770 1549 2811 universum
1593 2769 1647 2811 de
1685 2770 1750 2810 eis
1781 2770 1862 2822 qui
1890 2769 2012 2810 illius
2042 2769 2237 2810 nomine.
2287 2796 2301 2825 4

239 2846 284 2883 et
315 2842 532 2883 mandatu
560 2843 777 2895 pecunias
809 2843 854 2882 in
885 2842 1112 2883 aerarium
1142 2842 1311 2883 illaturi
1342 2841 1444 2882 sint.
1592 2844 1645 2881 46
1685 2841 1866 2882 Tertius
1898 2841 2001 2882 anni
2019 2840 2224 2882 Macedo·

238 2915 326 2955 nici
357 2913 416 2955 ab
447 2914 734 2966 aequinoctio
766 2913 1045 2954 auctumnali
1074 2913 1331 2966 incipientis
1362 2914 1546 2966 mensis,
1577 2912 1858 2965 respondens
1881 2911 2239 2953 Atheniensium·
2292 2907 2299 2966 ἦ

238 2986 488 3038 Posideoni,
530 2986 837 3027 Romanorum
877 2985 968 3026 fere
1005 2985 1256 3026 Decembri.
1320 2985 1379 3025 Cf.
1412 2984 1692 3026 Kubitschek
1726 2995 1798 3038 ap.
1830 2982 2240 3036 Pauly-Wissoww
2295 2978 2297 3015 f

238 3057 672 3110 Realencyklopadie
702 3057 785 3097 112
826 3067 868 3109 p.
892 3058 1019 3097 2280.
1078 3057 1128 3096 In
1174 3056 1316 3096 titulis
1361 3056 1554 3097 fluctuat
1597 3056 1793 3097 nominis
1838 3056 2064 3107 scriptura
2108 3055 2297 3104 inter-‘3

238 3126 478 3175 Αὐῧυναῖος
517 3131 562 3169 et
600 3125 825 3174 Αὐδναῖος.
985 3130 1035 3167 47
1076 3128 1390 3179 sexagesimus
1431 3139 1562 3168 aerae
1598 3115 1936 3168 Seleucidarum
1975 3136 2118 3168 annus
2155 3126 2224 3167 est
2293 3153 2295 3164 ,

239 3198 368 3254 25312
398 3211 436 3241 a.
466 3200 567 3240 Chr.
597 3211 638 3241 n.
698 3200 846 3240 Prima
888 3200 1026 3251 igitur
1062 3200 1220 3251 pensio
1258 3198 1459 3240 facienda
1498 3201 1568 3240 est
1607 3199 1712 3239 anni
1753 3201 1836 3239 253
1873 3209 1934 3238 m.
1973 3196 2223 3238 Decembre

239 3272 344 3322 (not.
368 3272 451 3325 46),
488 3272 629 3313 altera
660 3272 764 3313 anni
795 3274 877 3312 252
909 3282 968 3312 m.
1001 3271 1161 3312 Martio
1196 3271 1302 3321 (not.
1330 3270 1411 3323 48),
1449 3271 1582 3311 tertia
1612 3281 1757 3323 usque
1796 3269 1852 3310 ad
1882 3269 2088 3310 eiusdem
2118 3267 2222 3310 anni
2289 3285 2292 3304 ι

239 3355 297 3383 m.
330 3344 524 3385 Iunium.
675 3347 726 3384 48
767 3344 928 3384 Sextus
957 3342 1254 3384 Macedonum
1287 3343 1467 3395 mensis,
1509 3341 1851 3383 Atheniensium
1881 3339 2228 3394 Elaphebolion,;
2288 3349 2291 3363 ·

239 3415 548 3456 Romanorum
570 3414 662 3456 fere
676 3416 877 3457 Martius.
923 3415 972 3456 In
994 3414 1150 3467 titulis,
1173 3416 1352 3466 praeter
1372 3425 1602 3467 perpauca
1622 3413 1802 3454 infimae
1820 3413 1979 3453 aetatis
2001 3411 2245 3475 exemplafg
2287 3418 2289 3428 ⁴

238 3488 498 3528 constanter
521 3482 730 3533 Ξανδικός
752 3487 980 3540 scribitur,
1003 3486 1125 3539 apud
1146 3487 1393 3538 scriptores
1414 3487 1684 3539 plerumque
1707 3481 1918 3530 Ξανθικός
1942 3484 2008 3535 (cf.
2031 3495 2072 3524 n.
2093 3486 2142 3524 90
2154 3480 2221 3533 2⁴).
2219 3457 2288 3542 {f

240 3560 291 3597 49
333 3558 588 3600 Xandicum
619 3560 853 3612 excipiunt
881 3558 1163 3611 Artemisius,
1204 3558 1407 3611 Daesius,
1446 3559 1681 3599 Panemus.
1741 3557 1835 3598 Hoc
1873 3556 2012 3608 igitur
2052 3562 2245 3605 mense,

237 3630 317 3681 qui
338 3631 582 3682 respondet
594 3630 936 3672 Atheniensium
953 3630 1301 3683 Scirophorioni,
1320 3630 1627 3671 Romanorum
1644 3630 1784 3682 Iunio,
1805 3629 1966 3681 utique
1987 3629 2226 3681 postrema,

237 3711 343 3753 pars
374 3702 508 3754 pretii
530 3702 744 3743 solvenda
769 3705 850 3744 est.
998 3706 1050 3743 20
1095 3701 1155 3743 Cf.
1179 3703 1270 3742 not.
1295 3705 1362 3742 44.
1415 3701 1620 3742 Eundem
1640 3700 1954 3754 Arrhidaeum,
1986 3696 2235 3740 hominem*

2298 1334 2303 1337 ¹
2299 1223 2314 1320 “unu-2·
2300 1202 2310 1214 ν
2296 1137 2314 1194 .·”·-ι

2293 1478 2302 1507 2

2288 1528 2306 1567 ’5.

2285 1565 2302 1618 3.

2277 1681 2301 1813 i

2275 1827 2291 1854 ὲ
