2314 3970
89 165 160 217 54]
661 160 904 201 Ptolemaei
935 160 992 200 III
1021 160 1184 201 titulus
1212 159 1495 200 Adulitanus.
1997 159 2063 210 87

231 338 403 388 πασῶν
452 330 538 386 καὶ
584 331 872 406 ἐλεφάντων
915 329 1133 387 Ἰνδικῶν
1148 335 1211 397 ²⁰,
1269 331 1356 385 καὶ
1403 330 1516 391 τοὺς
1566 329 1905 406 μονάρχουςῖ.1
1951 330 2066 390 τοὺς

231 424 281 475 ἐν
325 421 331 490 Ι
371 421 476 480 τοῖς
522 421 691 480 τόποις
738 419 926 480 πάντας
976 420 1227 490 ὑπηκόους
1275 420 1594 489 καταστήσας
1644 418 1789 487 διέβη
1838 416 1921 470 τὸν
1966 415 2067 470 Εὐ-

229 504 427 578 φράτην
470 506 477 577 Ι
515 505 798 576 ποταμὸν22
852 505 938 559 καὶ
993 506 1081 575 τὴν
1140 504 1531 575 Μεσοποταμίαν
1587 502 1674 559 καὶ
1729 502 2065 575 Βαβυλωνίαν

227 592 314 646 καὶ
371 592 663 663 ΣουσιΙανὴν
722 589 807 645 καὶ
862 591 1086 663 Περσίδα
1142 590 1228 644 καὶ
1283 589 1547 661 Μηδίαν23
1602 589 1687 642 καὶ
1739 590 1827 661 τὴν
1884 589 2065 660 λοιπὴν

145 689 200 729 20
229 682 394 732 πᾶσαν
451 679 547 738 ἕως
583 678 601 750 1]
635 676 1015 750 Βακτριανῆς24
1071 673 1149 747 ὑφ’
1193 678 1381 730 ἑαυτῶι
1430 675 1765 747 ποιησάμενος
1812 675 1899 730 καὶ
1948 676 2068 729 ἀνα-

231 767 451 835 ζητήσας
496 766 594 818 ὅσα
634 763 641 835 Ι
684 763 776 817 ὑπὸ
823 767 919 817 τῶν
959 762 1170 834 Περσῶν
1213 760 1325 834 ἱερὰ
1365 764 1415 822 ἐξ
1452 762 1709 833 Αἰγύπτου
1747 763 1941 835 ἐξήχθη
1980 761 2068 815 καὶ

83 966 198 1008 quas
220 954 404 996 fuerunt
429 951 652 1008 Traik-su
672 953 886 1006 (Thracia)
910 953 955 993 et
974 949 1191 1004 Makapen
1212 952 1511 1005 (Macedonia),
1528 953 1581 993 ut
1600 953 1793 993 testatur
1809 953 1856 993 R.
1879 953 2067 1005 Lepsius

81 1028 170 1069 Das
207 1027 407 1080 bilingue
436 1026 602 1067 Dekret
642 1037 732 1067 von
772 1026 984 1077 Kanopos
1026 1035 1068 1077 p.
1092 1028 1130 1065 5.
1192 1024 1485 1065 Memorabile
1525 1026 1608 1078 est,
1650 1024 1958 1066 Macedoniam
1995 1025 2070 1066 hic

80 1110 170 1142 non
200 1098 370 1143 haberi.
431 1099 608 1140 Etenim
640 1099 679 1139 si
709 1097 956 1139 contuleris
988 1096 1145 1150 Polyb.
1175 1095 1228 1150 V,
1265 1099 1331 1149 34,
1363 1100 1406 1137 8:
1456 1094 1693 1153 ἐφήδρευον
1726 1094 1773 1138 δὲ
1803 1099 1896 1142 τοῖς
1938 1093 1981 1137 ἐν
2018 1095 2071 1153 τῇ

81 1165 233 1229 Θρᾴκῃ
277 1170 350 1213 ’καὶ
393 1174 484 1218 τοῖς
530 1167 574 1211 ἐν
605 1165 853 1225 Μακεδονίᾳ
893 1167 1126 1225 πράγμασι,
1171 1173 1256 1209 τῶν
1293 1161 1385 1210 κατ’
1416 1165 1548 1211 Αἶνον
1589 1167 1662 1210 καὶ
1699 1163 1956 1225 Μαρώνειαν
1997 1166 2070 1210 καὶ

79 1245 347 1302 πορρώτερον
379 1240 441 1284 ἔτι
471 1240 638 1284 πόλεων
666 1239 951 1297 κυριεύοντες,
990 1241 1219 1293 intelleges
1251 1240 1467 1283 Thraciae
1505 1241 1693 1294 quidem
1731 1242 1909 1294 partem
1947 1242 2070 1283 certe

79 1326 128 1357 re
172 1325 282 1356 vera
325 1315 525 1356 tenuisse
569 1314 891 1366 Ptolemaeum,
937 1312 1246 1355 Macedoniam
1291 1323 1402 1354 vero
1447 1324 1536 1354 non
1583 1314 1707 1354 item.
1773 1313 2071 1366 Exaggeravit

79 1387 216 1440 igitur
244 1387 319 1428 ille
348 1387 469 1427 tituli
499 1386 833 1438 hieroglyphici
863 1386 1035 1437 auctor,
1068 1396 1157 1426 non
1188 1385 1324 1426 huius
1356 1385 1527 1438 Graeci,
1569 1386 1655 1426 nisi
1696 1385 1818 1438 quod
1857 1385 1931 1426 hic
1961 1386 2071 1426 sim-

81 1459 256 1513 pliciter
285 1460 428 1501 totius
458 1460 606 1500 terrae
636 1469 801 1499 nomen
831 1458 987 1511 posuit
1025 1458 1122 1498 sine
1158 1458 1456 1510 restrictione,
1496 1468 1602 1498 cum
1641 1459 1794 1499 tamen
1832 1458 1942 1499 nihil
1983 1458 2070 1499 nisi

80 1531 370 1574 occidentalis
401 1542 508 1585 pars
531 1541 639 1572 orae
660 1530 915 1571 maritimae
936 1531 982 1571 in
1009 1530 1128 1582 regis
1149 1531 1422 1583 potestatem
1448 1531 1632 1571 venerit.
1684 1530 1745 1571 Cf.
1777 1530 1826 1571 A.
1851 1530 2067 1584 Schmidt,

80 1604 436 1656 Abhandlungen
467 1615 550 1644 zur
570 1603 689 1644 alten
712 1602 978 1644 Geschichte
1009 1614 1052 1655 p.
1079 1605 1158 1643 443
1178 1613 1243 1655 sq.
1383 1605 1434 1643 20
1475 1602 1588 1643 Hinc
1618 1602 1803 1644 fuerunt
1833 1603 1913 1656 qui
1944 1603 2070 1644 colli-

79 1677 235 1729 gerent
263 1676 415 1717 Indiae
446 1674 662 1717 subactae
693 1675 881 1727 gloriam
913 1673 1146 1716 affectasse
1177 1684 1342 1726 regem.
1402 1674 1453 1715 Id
1484 1685 1591 1716 sane
1623 1674 1913 1716 manifestum
1945 1686 2069 1716 men-

79 1748 258 1790 dacium
291 1749 424 1799 esset,
456 1747 535 1788 sed
566 1747 676 1788 nihil
706 1746 930 1787 eiusmodi
961 1746 1035 1788 hic
1064 1747 1250 1798 legitur;
1294 1747 1461 1787 etenim
1501 1757 1594 1787 non
1632 1747 1753 1799 capti
1794 1747 1840 1787 in
1882 1746 2006 1787 India
2044 1758 2070 1786 a

78 1820 333 1861 Ptolemaeo
374 1819 601 1872 elephanti
641 1818 910 1871 indicantur,
959 1818 1038 1859 sed
1082 1829 1165 1870 per
1209 1819 1431 1860 victoriae
1477 1819 1762 1860 occasionem
1808 1818 2069 1859 adversario

79 1892 293 1945 adempti.
355 1890 612 1931 Seleucidas
643 1901 854 1942 magnam
884 1890 931 1930 in
961 1889 1238 1930 exercitibus
1268 1889 1485 1931 habuisse
1517 1890 1860 1943 elephantorum
1892 1890 2069 1931 Indico-

80 1975 183 2004 rum
205 1961 544 2004 multitudinem
565 1963 724 2003 notum
747 1963 828 2003 est.
877 1961 938 2002 Cf.
962 1961 1121 2014 Polyb.
1145 1961 1196 2014 V,
1221 1964 1288 2014 84,
1314 1965 1351 2002 6.
1389 1974 1431 2002 v.
1457 1962 1738 2003 Gutschmid.
1858 1965 1905 2002 2⁴
1944 1962 2068 2002 Prin-

77 2037 200 2089 cipes
241 2036 318 2088 qui
357 2036 404 2076 in
443 2034 671 2076 nonnullis
717 2034 926 2088 partibus
967 2035 1090 2086 regni
1132 2034 1472 2075 Seleucidarum
1512 2033 1871 2075 dominabantur
1915 2035 1978 2076 ita
2019 2044 2072 2083 ut

79 2119 260 2150 summo
290 2107 409 2160 regis
439 2107 631 2160 imperio
663 2108 885 2160 parerent.
1034 2110 1088 2146 22
1125 2106 1420 2159 Aliquantum
1451 2107 1589 2158 igitur
1620 2108 1742 2147 certe
1772 2107 1893 2148 ultra
1920 2106 2068 2159 Baby-

78 2179 182 2221 lona
219 2179 276 2220 ad
314 2179 535 2220 orientem
575 2178 803 2231 processit
842 2189 937 2231 rex,
978 2178 1025 2218 id
1065 2178 1186 2230 quod
1229 2180 1362 2230 negat
1391 2178 1438 2219 Β.
1460 2177 1595 2219 Niese
1627 2179 1785 2220 Gesch.
1817 2179 1898 2219 der
1928 2190 1991 2231 gr.
2023 2189 2068 2218 u.

78 2251 253 2292 maked.
290 2252 472 2292 Staaten
502 2251 539 2290 II
570 2261 614 2303 p.
639 2252 742 2302 4483
790 2260 897 2291 sane
935 2250 1142 2302 regiones
1174 2262 1215 2290 v.
1249 2253 1316 2290 48.
1349 2253 1402 2290 49
1449 2252 1737 2292 enumeratas
1784 2251 1862 2291 vix
1910 2261 2070 2291 omnes

77 2322 200 2376 adiit,
232 2333 339 2364 cum
370 2334 459 2364 non
490 2321 793 2375 improbabile
824 2322 896 2375 sit,
940 2332 1098 2362 earum
1129 2321 1299 2362 incolas
1332 2321 1574 2374 plerosque
1605 2333 1689 2362 sua
1718 2323 1880 2375 sponte
1910 2322 1956 2362 in
1988 2321 2069 2362 de-

79 2394 296 2436 ditionem
327 2394 521 2436 venisse.
580 2393 838 2434 Rebellione
868 2394 914 2433 in
943 2393 1150 2446 Aegypto
1183 2395 1282 2434 orta
1312 2393 1621 2434 Ptolemaeum
1663 2405 1718 2434 ex
1747 2394 1852 2434 Asia
1883 2404 2068 2434 revoca-

78 2469 177 2508 tum
218 2477 317 2508 esse
357 2477 464 2507 sane
505 2467 683 2506 constat
724 2464 1042 2517 (Hieronymus
1081 2465 1128 2505 in
1156 2465 1324 2505 Daniel.
1357 2465 1432 2518 XI,
1467 2469 1505 2506 8.
1557 2465 1715 2506 lustin.
1742 2464 1920 2518 XXVII,
1951 2469 1989 2517 4,
2022 2469 2068 2506 9:

81 2536 162 2593 qui
199 2536 301 2580 nisi
336 2536 392 2580 in
425 2535 679 2592 Aeyyptwm
718 2534 962 2579 domestica
1004 2534 1223 2578 seditione
1260 2538 1490 2579 revocatus
1531 2539 1651 2589 esset,
1697 2539 1838 2579 totum
1876 2549 2069 2592 regnum

84 2607 257 2654 Seleuci
283 2610 566 2665 occupasset),
598 2610 679 2651 sed
709 2609 830 2651 unde
859 2610 1102 2651 reverterit
1133 2621 1361 2662 nusquam
1383 2610 1507 2663 quod
1538 2610 1678 2651 sciam
1710 2610 1891 2651 definite
1922 2621 2066 2651 enun-

77 2684 229 2724 tiatur.
378 2685 431 2722 23
471 2683 519 2722 In
560 2682 724 2723 sacello
762 2682 887 2734 quod
926 2681 1012 2722 fuit
1051 2682 1290 2735 Latonpoli
1330 2682 1436 2734 (not.
1463 2682 1529 2734 49)
1570 2680 1717 2724 Persu
1759 2683 1949 2736 (Persis),
1989 2676 2075 2725 8οὲ

79 2754 233 2807 (Susa),
266 2742 448 2796 Eram&
467 2753 706 2806 (Armenia)
737 2754 854 2794 inter
884 2755 1030 2794 terras
1061 2754 1117 2795 ab
1138 2753 1360 2806 Euergeta
1381 2754 1594 2796 subactas
1615 2756 1906 2796 enumeratae
1928 2757 2066 2795 erant.

78 2825 288 2868 Ceterum
318 2826 392 2866 hic
421 2837 512 2867 non
541 2825 661 2866 ultra
682 2826 922 2866 veritatem
954 2827 1108 2878 augeri
1139 2837 1250 2879 rem,
1282 2828 1472 2879 apparet
1500 2827 1780 2880 scriptorum
1802 2827 1912 2868 locis
1944 2837 2067 2867 oom-

77 2898 263 2951 paratis,
303 2897 383 2949 qui
413 2897 558 2938 multo
590 2897 794 2950 pleniore
825 2908 903 2938 ore
941 2898 1197 2950 loquuntur
1234 2909 1373 2950 quam
1405 2898 1579 2941 titulus.
1641 2899 1848 2950 Polyaen.
1872 2898 1980 2950 VIII,
2013 2901 2064 2938 50

79 2966 164 3010 ἀπὸ
217 2970 293 3010 τοῦ
347 2965 515 3026 Ταύρου
563 2967 691 3027 μέχρι
740 2972 818 3024 τῆς
863 2963 1050 3026 Ἰνδικῆς
1094 2968 1227 3026 χωρὶς
1274 2967 1465 3024 πολέμου
1523 2968 1597 3012 καὶ
1647 2968 1791 3026 μάχης
1842 2967 2062 3027 ἐκράτησε.

79 3039 382 3093 Hieronymus
405 3041 432 3081 l.
462 3041 489 3081 l.
520 3038 860 3095 superioresque
882 3043 1038 3095 partes
1068 3043 1199 3083 trans
1227 3038 1509 3096 Euphratem
1538 3043 1578 3083 et
1600 3039 1927 3096 propemodum
1956 3053 2063 3083 wesi-

80 3123 256 3154 versam
291 3108 469 3154 Asiam.
533 3111 594 3153 Cf.
634 3113 771 3153 etiam
809 3114 969 3154 Iustini
1006 3113 1157 3154 locum
1196 3113 1386 3155 allatum
1433 3115 1523 3154 not.
1557 3117 1622 3154 22.
1699 3113 1882 3154 Illarum
1921 3114 2067 3166 regio-

80 3193 189 3223 num
237 3183 493 3235 praesidem
551 3183 786 3224 discedens
843 3195 923 3225 rex
981 3185 1164 3237 reliquit
1221 3185 1536 3237 Xanthippum
1596 3184 1913 3236 (Hieronymus
1963 3185 1991 3229 l.
2037 3186 2064 3226 l.

89 3249 304 3296 Oiliaiam
348 3256 500 3297 autem
544 3252 694 3298 amieo
737 3268 819 3300 suo
859 3253 1083 3298 Antiocho
1123 3254 1472 3310 yubermmdam
1519 3253 1709 3298 tradidit
1750 3257 1789 3297 et
1828 3252 2064 3311 Xcmtippo

82 3322 214 3367 alteri
239 3323 351 3368 daei
370 3323 637 3380 provincias
676 3328 806 3370 trime
837 3324 1144 3382 Euphratem).
1208 3328 1351 3376 Quem
1382 3329 1590 3379 Droysen
1623 3326 1780 3369 Gesch.
1813 3327 1891 3369 des
1922 3327 2064 3369 Helle-

82 3396 382 3449 nismus111‚4
419 3408 463 3450 p.
488 3401 568 3439 386
600 3399 690 3439 not.
714 3401 739 3438 Ξ
771 3399 966 3440 eundem
997 3410 1098 3441 esse
1136 3401 1307 3453 statuit,
1343 3399 1422 3451 qui
1453 3399 1625 3451 aliquot
1661 3399 1790 3440 annis
1826 3401 1929 3441 ante
1960 3400 2064 3442 Car-

84 3465 310 3519 thaginem
341 3467 530 3510 feliciter
561 3481 586 3510 a
614 3469 831 3512 Romanis
859 3471 1145 3513 defendisset.
1292 3473 1343 3511 2¹0
1382 3470 1530 3522 Usque
1561 3470 1618 3512 ad
1646 3470 1757 3512 fines
1787 3471 2061 3514 Bactrianae.

85 3535 207 3579 Hanc
245 3539 477 3593 regionem
516 3541 664 3594 ipsam
702 3542 839 3595 igitur
877 3555 902 3584 a
940 3554 989 3585 se
1022 3542 1260 3585 subactam
1292 3553 1382 3583 non
1413 3552 1512 3584 esse
1550 3542 1718 3584 indicat
1748 3554 1839 3585 rex.
1891 3556 1930 3584 v.
1954 3544 2066 3585 Gut-

89 3608 279 3654 schmid.
