2314 3970
244 190 347 239 546
711 187 779 227 VI.
827 187 972 237 Regna
1005 186 1166 227 Asiana
1198 187 1386 227 minora.
1449 192 1486 228 4.
1519 188 1741 240 Bithynia.
2058 191 2218 243 [344-

242 371 284 413 Ρ.
311 363 377 412 67,
403 364 424 401 8
458 359 627 400 Miiller.
678 357 859 398 Diodor.
881 358 995 411 XIV,
1030 361 1096 411 38,
1119 362 1166 399 ’3.
1215 358 1388 400 Arrian.
1410 360 1549 401 Anah.
1572 362 1603 413 I,
1627 364 1694 414 29,
1717 365 1756 414 5,
1788 374 1904 414 quos
1936 363 2059 403 locos
2090 363 2219 404 affert
2301 419 2305 421 Β

241 432 287 472 E.
311 432 462 483 Meyer
493 441 562 482 ap.
596 428 984 481 Pauly-Wissowa
1016 429 1447 483 Realencyklopadie
1479 433 1587 484 111,4
1628 443 1670 484 p.
1696 436 1792 474 540.
1843 434 2067 474 Thracum
2108 447 2217 476 vero

240 502 463 544 sermonis
506 501 693 553 propria
730 511 830 541 esse
861 503 1038 542 constat
1066 502 1251 542 nomina
1287 503 1495 543 virorum
1535 506 1805 556 composita,
1852 517 2049 558 quorum
2081 507 2220 548 altera

240 584 345 626 pars
377 574 445 613 est
474 585 632 627 -πορις,
665 573 716 612 ut
745 566 1016 627 Ἀβρούπορις
1048 573 1126 622 (sic
1158 573 1277 626 apud
1310 574 1466 626 Polyb.
1487 574 1623 626 XXII,
1649 579 1686 628 8,
1709 579 1732 614 2
1764 576 1810 616 in
1840 576 1996 617 codice
2025 578 2079 629 M,
2113 577 2218 618 alibi

237 640 538 699 Ἀβρούπολις),
583 639 868 700 Αὐλούπορις,
915 639 1170 700 Κετρίπορις
1217 640 1530 700 (Κεὸρήπολις),
1581 641 1875 703 Μουκάπορις,
1904 643 2219 703 Ῥησκοὺπορις

239 709 593 771 (Ῥησκούπολις).
652 716 808 768 Ipsum
840 712 1094 773 Δινὸίπορις,
1135 717 1284 758 media
1321 728 1405 770 pro
1443 719 1570 758 tenui
1600 718 1862 772 substituta,
1904 722 1972 761 est
2012 721 2057 760 in
2087 721 2217 762 titulo

238 786 536 827 Calchedonio
568 786 611 827 C.
635 787 665 827 I.
690 787 737 828 G.
762 790 884 840 3795,
908 790 947 840 2,
979 788 1214 839 genetivus
1245 783 1562 846 Δενὸουπόρεος
1592 789 1755 841 legitur
1775 791 1896 843 apud
1917 791 2059 832 Lehas
2081 792 2217 832 Inscr.

237 859 309 910 III,
332 861 427 911 658,
452 861 491 910 2,
522 858 646 910 quod
677 859 796 899 idem
828 870 994 899 nomen
1025 870 1125 900 esse
1154 860 1406 901 rectissime
1428 861 1598 901 iudicat
1627 862 1661 902 J.
1686 862 1736 902 H.
1757 862 2045 903 Mordtmann
2075 864 2218 905 Mitth.

238 930 315 970 des
348 930 468 971 arch.
491 931 597 971 Inst.
620 942 677 971 zu
696 931 843 971 Athen
862 931 901 970 V
924 934 1032 972 4880
1065 942 1108 984 p.
1133 934 1200 972 84.
1260 932 1408 984 Atque
1438 933 1484 972 hi
1515 933 1702 985 quidem
1733 934 1854 974 tltuli
1886 945 2044 976 omnes
2067 935 2219 976 Asiani
2302 962 2304 966 ψ

237 1003 355 1043 sunt.
418 1002 504 1042 Sed
535 1003 580 1042 in
610 1002 759 1054 lapide
791 1003 1005 1043 Thraciae
1026 1003 1289 1056 Europaeae
1318 1004 1430 1045 Bull.
1453 1004 1508 1045 de
1530 1015 1645 1046 corr.
1669 1005 1776 1046 Hell.
1798 1006 1921 1046 XXII
1952 1017 1995 1059 p.
2018 1009 2099 1047 480
2119 1018 2217 1060 sqq.
2287 1015 2305 1061 j<-

236 1073 361 1126 quod
398 1074 628 1115 invenitur
665 1085 830 1115 nomen
867 1071 1130 1131 Δυτούπορις
1171 1076 1226 1127 (v.
1253 1076 1336 1129 77),
1378 1077 1508 1117 cuius
1545 1077 1674 1130 prius
1720 1077 1978 1118 membrum
2017 1079 2135 1120 redIt
2173 1080 2220 1119 in
2292 1079 2304 1102 ’Ψ

235 1142 520 1202 Δυτοὺτραλις
563 1146 619 1196 (v.
652 1150 717 1187 58.
750 1149 816 1187 82.
847 1149 944 1188 402.
975 1150 1072 1189 404.
1106 1151 1203 1188 408.
1238 1151 1336 1189 445.
1367 1151 1464 1189 447.
1498 1151 1594 1190 424.
1629 1150 1738 1202 432),
1782 1152 1835 1190 ut
1873 1151 2009 1191 etiam
2040 1147 2219 1193 Μουκά-

235 1230 356 1272 πορις
386 1220 430 1257 et
464 1213 766 1273 Μουκάτραλις
803 1218 1048 1259 identidem
1080 1221 1334 1273 recurrunt,
1374 1221 1527 1261 nescio
1559 1232 1614 1261 an
1645 1221 1765 1262 idem
1798 1223 1858 1262 sit
1887 1233 1940 1263 ac
1971 1219 2219 1280 Διντίπορις.

238 1292 261 1329 4
301 1290 372 1329 Sic
400 1289 702 1342 Weisshaupl.
765 1284 1083 1346 [Ἀ]σκιπράζιος
1113 1291 1272 1332 Hauss.
1333 1292 1420 1333 Sed
1459 1293 1504 1333 in
1535 1293 1858 1347 Weisshauplii
1898 1295 2092 1346 imagine
2133 1296 2219 1336 etsi

234 1362 352 1402 inter
385 1364 416 1403 Ν
450 1364 495 1402 et
526 1364 560 1403 Σ
592 1373 700 1403 sane
730 1363 878 1402 maius
910 1363 1111 1415 spatium
1143 1375 1343 1404 vacuum
1373 1365 1612 1406 intercedit
1641 1377 1779 1418 quam
1811 1365 1917 1407 alibi
1948 1366 2218 1419 plerumque

233 1435 352 1474 inter
377 1429 512 1475 binas
542 1434 730 1487 litteras,
761 1435 914 1475 tamen
945 1435 1081 1487 paulo
1113 1437 1215 1476 ante
1236 1436 1354 1477 inter
1386 1438 1495 1478 Γ·οΡ
1526 1439 1571 1477 et
1610 1439 1665 1478 ΙΝ
1700 1449 1790 1478 non
1820 1439 1970 1479 minus
2002 1450 2218 1490 magnum

233 1506 523 1546 intervallum
562 1509 644 1559 est,
682 1506 763 1546 ubi
802 1507 955 1547 tamen
991 1507 1230 1548 manifesto
1263 1508 1374 1548 nihil
1403 1509 1550 1561 periit.
1613 1505 1841 1563 Σκὶπραζις
1878 1521 2025 1562 neque
2066 1511 2218 1563 ipsum

233 1589 380 1630 neque
419 1578 635 1619 alterutra
674 1589 730 1618 ex
767 1578 976 1631 partibus
1015 1581 1344 1632 compositonis
1373 1592 1570 1634 usquam
1601 1582 1647 1622 in
1678 1582 1986 1623 monumentis
2018 1583 2219 1623 Thraciis

233 1652 278 1690 et
308 1650 559 1702 Bithynicis
591 1652 838 1703 comparet,
878 1651 958 1692 sed
996 1652 1215 1704 originem
1255 1652 1408 1705 prodit
1445 1653 1594 1694 littera
1624 1652 1669 1707 ζ,
1710 1665 1827 1706 quae
1863 1656 1917 1694 ut
1954 1655 1999 1695 in
2038 1654 2218 1696 Graecis

234 1723 500 1763 nominibus
531 1735 645 1776 rara,
687 1724 753 1763 sic
784 1724 829 1764 In
861 1723 1063 1765 Thraciis
1094 1724 1389 1777 perfrequens
1419 1727 1489 1766 est
1519 1737 1623 1766 cum
1655 1726 1783 1767 initio
1816 1723 1990 1778 (Ζειπᾶς
2020 1727 2133 1767 Bull.
2164 1727 2219 1768 de
2283 1742 2306 1784 ,2

235 1805 352 1835 corr.
375 1795 485 1836 Hell.
507 1795 605 1835 VIII
628 1798 738 1836 4884
770 1807 813 1848 p.
840 1797 890 1836 49
925 1808 966 1836 n.
989 1796 1061 1850 IX,
1086 1800 1124 1837 2.
1175 1793 1408 1853 Ζουράζεις
1438 1798 1550 1838 Bull.
1575 1798 1629 1838 de
1651 1809 1766 1839 corr.
1790 1798 1896 1838 Hell.
1918 1798 2041 1838 XXII
2071 1809 2115 1851 p.
2136 1801 2215 1839 480

233 1878 276 1908 v.
301 1870 367 1906 26.
419 1864 733 1921 Ζιακατράλιος
762 1867 916 1908 Revue
947 1869 1067 1909 arch.
1098 1868 1150 1910 N.
1174 1870 1214 1909 S.
1244 1869 1431 1909 XXXVI
1462 1873 1573 1911 4878
1604 1881 1647 1923 p.
1672 1873 1769 1911 298.
1821 1867 2028 1925 Ζιαήλας,
2068 1867 2219 1912 Ζιποί-

233 1938 324 1994 της)
356 1940 454 1979 tum
487 1939 533 1979 in
554 1939 702 1979 media
721 1950 846 1992 voce,
885 1941 937 1980 ut
966 1936 1124 1995 Βύζης,
1164 1937 1303 1998 Δῆζος
1335 1941 1379 1981 C.
1402 1943 1433 1981 I.
1452 1942 1500 1982 G.
1530 1945 1640 1983 2053
1659 1941 1702 1995 b,
1727 1946 1764 1983 3.
1810 1936 2047 2000 Ἰζίμαρτος
2079 1953 2218 1995 supra
2278 1976 2293 2002 Ξ

234 2022 276 2051 n.
303 2013 397 2063 304,
423 2014 460 2051 7.
511 2006 768 2058 Αὐλούζενις
798 2011 909 2052 Bull.
943 2011 998 2052 de
1029 2022 1144 2053 corr.
1176 2012 1284 2053 Hell.
1316 2013 1439 2053 XX11
1470 2017 1581 2055 4898
1612 2025 1656 2067 p.
1681 2016 1759 2055 480
1794 2026 1837 2055 v.
1861 2017 1928 2055 22.
1958 2017 2026 2055 26.
2058 2017 2124 2054 34.
2150 2016 2216 2055 48.
2274 2007 2282 2058 s

236 2085 301 2122 49.
333 2086 400 2123 50.
436 2086 502 2124 68.
535 2087 601 2123 84.
633 2086 700 2124 87.
734 2086 829 2123 422.
861 2086 956 2124 423.
987 2086 1083 2124 443.
1133 2080 1374 2141 Δορζένθης
1412 2085 1520 2126 ibid.
1552 2098 1596 2126 v.
1628 2089 1696 2127 66.
1753 2086 1905 2127 Revue
1936 2087 2057 2127 arch.
2088 2085 2140 2127 N.
2174 2087 2216 2127 S.
2278 2103 2283 2122 ›

232 2153 419 2194 XXXVI
452 2157 561 2194 4878
594 2165 637 2206 p.
660 2157 755 2194 296.
815 2150 1006 2210 Βρίζενις
1036 2155 1108 2196 vel
1139 2152 1352 2212 Βρείζενις
1389 2157 1482 2197 illic
1511 2169 1554 2198 v.
1585 2161 1652 2198 57.
1687 2161 1753 2198 58.
1787 2161 1853 2199 59.
1887 2162 1953 2199 96.
1986 2161 2083 2198 444.
2120 2162 2216 2199 454.

231 2225 338 2266 Rev.
362 2226 482 2266 arch.
500 2225 551 2267 N.
566 2227 605 2266 S.
626 2225 813 2266 XXXVI
833 2237 877 2279 p.
896 2229 990 2267 298.
1041 2222 1293 2281 Βρινκάζεις
1322 2228 1415 2269 illic
1435 2241 1478 2269 v.
1501 2232 1568 2269 56.
1593 2232 1689 2270 427.
1738 2226 2048 2284 Βρινκαζέρεος
2078 2242 2122 2270 v.
2146 2233 2212 2270 70.
2273 2222 2279 2272 J
2311 2239 2314 2287 j

234 2301 329 2338 406.
354 2300 449 2338 426.
473 2300 570 2338 447.
595 2301 689 2338 469.
740 2293 934 2345 Διζένεος
963 2311 1006 2340 v.
1031 2302 1098 2340 94.
1246 2304 1269 2340 5
1310 2301 1457 2341 Patria
1475 2301 1776 2354 Dintiporidis
1798 2302 1980 2343 Prusias
2002 2301 2059 2342 ad
2089 2313 2214 2343 mare
2271 2302 2288 2366 Ec

234 2369 300 2421 (cf.
334 2381 374 2409 n.
400 2368 520 2421 3404)
553 2369 693 2410 fuisse
723 2370 918 2424 videtur,
952 2371 1174 2423 oppidum
1198 2373 1479 2413 maritimum
1500 2374 1624 2425 quod
1644 2374 1934 2415 multitudine
1962 2374 2213 2415 incolarum
2275 2378 2287 2422 ζ
2312 2366 2314 2448 2

232 2443 277 2482 et
309 2441 476 2494 opibus
506 2442 585 2482 vix
615 2442 761 2483 multo
804 2442 917 2483 infra
948 2443 1259 2485 Nicomediam
1303 2446 1428 2498 regni
1466 2448 1604 2499 caput
1643 2449 1752 2499 erat,
1793 2458 1900 2487 cum
1937 2446 2117 2487 Prusias
2157 2446 2214 2487 ad
2267 2442 2289 2456 '⁴

231 2513 433 2566 Hypium
484 2515 673 2555 minoris
724 2516 947 2555 momenti
995 2515 1135 2557 fuisse
1184 2517 1406 2558 videatur.
1621 2521 1644 2558 6
1687 2519 1862 2560 ΔΙΔΙΓ
1880 2520 2002 2560 δΡοΣ
2053 2518 2211 2559 Hauss.
2269 2530 2288 2581 ζ

232 2586 574 2627 thammuz
611 2586 917 2639 Weissh‘aupl.
979 2587 1065 2635 Qui
1106 2585 1380 2646 Διαιπόρ[ιος]
1426 2590 1629 2642 scripsit;
1676 2590 1755 2631 sed
1798 2590 1939 2631 malui
1982 2591 2215 2631 lenissima
2268 2579 2285 2598 L

231 2657 548 2698 emendatione
578 2669 743 2699 nomen
763 2659 1005 2700 Thracium
1037 2661 1287 2714 restituere,
1319 2663 1450 2703 cuius
1481 2663 1526 2702 in
1556 2663 1656 2714 ipsa
1675 2662 1887 2715 Bithynia
1906 2663 2108 2714 quinque
2128 2662 2215 2703 alia
2263 2674 2268 2679 ·

231 2731 410 2769 exstant
439 2729 659 2782 exempla.
721 2730 783 2771 Cf.
814 2731 956 2771 Mitth.
990 2731 1068 2772 des
1099 2733 1220 2773 arch.
1254 2734 1358 2774 Inst.
1380 2733 1438 2773 IV
1463 2737 1571 2773 4879
1602 2745 1646 2786 p.
1671 2737 1737 2774 49.
1785 2733 1906 2774 XVII
1929 2736 2038 2773 4892
2070 2745 2113 2786 p.
2138 2737 2211 2774 8⁰:

233 2805 382 2856 μνῆμα
412 2798 628 2858 Διλίπορις
657 2796 819 2856 Ἄπῳου
862 2801 944 2850 ζῶν
989 2802 1319 2844 ’κατεσκεοὺασεν
1359 2803 1504 2861 ἐαυτῷ.
1583 2805 1629 2846 C.
1658 2806 1689 2846 Ι.
1721 2806 1767 2846 G.
1805 2807 1844 2845 II
1881 2805 1992 2846 Add.
2024 2817 2066 2858 p.
2101 2808 2210 2845 4047

231 2884 273 2914 n.
299 2875 448 2928 24439
488 2869 726 2930 Δυλύπορις
760 2870 766 2928 Ι
801 2870 921 2915 Πατᾶ
957 2877 1120 2932 χαῖρε.·
1154 2877 1297 2917 Mitth.
1330 2876 1408 2917 des
1445 2877 1551 2918 Inst.
1585 2878 1630 2917 in
1659 2877 1804 2918 Athen
1834 2877 1894 2917 IV
1926 2881 2110 2929 4879<p.
2135 2881 2210 2917 49:

232 2941 431 2999 Στράτων
456 2943 461 2999 Ι
488 2940 680 2999 Διλιπόρι
704 2942 710 3000 Ι
735 2949 874 3003 χαῖρε.
915 2946 953 2986 V
985 2950 1092 2987 4880
1126 2958 1169 3000 Ρ.
1191 2950 1263 2988 84;
1295 2944 1462 3004 Μήνιος
1485 2946 1492 3003 Ι
1516 2945 1777 3004 Διλιπόρηος
1801 2949 1807 3004 Ι
1830 2953 1969 3006 χαῖρε.
2020 2949 2212 2989 Bulletin

232 3017 287 3057 de
319 3028 434 3058 corr.
466 3017 573 3058 Hell.
595 3017 717 3058 XVII
751 3021 859 3059 4893
892 3029 935 3071 p.
959 3021 1039 3059 543
1072 3031 1114 3060 n.
1139 3022 1205 3073 24,
1230 3023 1268 3073 2,
1299 3020 1380 3061 ubi
1411 3022 1456 3061 in
1489 3022 1872 3075 ΔΙΑΝΓΟΡΕΩΣ,
1914 3022 2038 3074 quod
2067 3021 2213 3062 editor

232 3099 339 3129 sane
370 3101 460 3129 non
490 3090 651 3143 attigit,
683 3091 793 3142 quin
823 3092 1176 3132 ΔΙΛΗΠΟΡΕΩΣ
1209 3092 1344 3133 lateat
1375 3093 1524 3134 nullus
1556 3093 1730 3134 dubito.
1791 3094 2024 3134 Manifesto
2053 3093 2211 3134 eadem

230 3161 357 3213 prior
387 3163 629 3214 compositi
660 3173 765 3215 pars
797 3163 1082 3215 agnoscenda
1117 3165 1186 3204 est
1216 3165 1262 3204 in
1292 3161 1555 3220 Διλιτριανόν
1588 3166 1730 3207 Mitth.
1765 3166 1843 3206 des
1874 3166 1995 3207 arch.
2027 3166 2134 3206 Inst.
2166 3167 2212 3206 in
2258 3222 2262 3223 ⁷

229 3232 376 3273 Athen
406 3233 447 3273 X
479 3237 588 3275 4885
620 3245 664 3287 Ρ.
690 3238 784 3288 335,
809 3237 848 3276 4.
900 3236 1019 3276 Inter
1043 3235 1239 3277 Thracas
1261 3237 1525 3290 Europaeos
1545 3237 1686 3279 habes
1717 3234 1992 3292 Δαληπόρεος
2023 3238 2134 3278 Bull.
2157 3237 2211 3278 de

231 3316 350 3345 corr.
382 3305 490 3346 Hell.
520 3306 643 3346 XXII
675 3318 717 3358 p.
741 3309 822 3348 480
856 3319 899 3347 v.
923 3311 990 3349 73.
1048 3305 1319 3365 Δαληζάλεος
1350 3321 1392 3350 v.
1419 3313 1512 3350 443.
1573 3306 1872 3367 Δαλητράλεος
1910 3321 1951 3350 v.
1983 3312 2078 3349 449.
2113 3312 2209 3350 468.

231 3377 411 3418 Vocalis
442 3379 617 3430 primae
648 3379 850 3430 syllabae
881 3379 1182 3433 discrepantia
1212 3392 1304 3420 non
1325 3383 1450 3422 vetat
1480 3382 1592 3422 haec
1614 3382 1669 3423 ad
1700 3382 1889 3423 eandem
1921 3382 2110 3434 stirpem
2140 3393 2208 3421 re-

231 3447 346 3488 ferre
378 3451 512 3501 atque
550 3450 636 3502 illa,
676 3451 944 3502 praesertim
985 3463 1091 3492 cum
1133 3452 1250 3492 inter
1289 3453 1410 3492 hunc
1446 3454 1630 3495 titulum
1670 3455 1716 3494 et
1745 3454 1872 3494 illum
1903 3455 2083 3506 praeter
2118 3453 2208 3494 loci

232 3518 477 3561 discrImen
508 3522 644 3562 etiam
675 3523 831 3574 ingens
853 3524 1074 3576 temporis
1097 3525 1386 3565 intervallum
1416 3525 1678 3567 intercedat.
1729 3525 1843 3567 Nam
1875 3526 1947 3566 ille
1977 3537 2093 3566 anno
2125 3527 2206 3565 202

231 3601 275 3643 p.
294 3591 393 3631 Chr.
418 3604 458 3633 n.
490 3593 660 3635 incisus
693 3597 774 3636 est.
836 3595 897 3636 Cf.
932 3595 1061 3648 Sy11.2
1082 3594 1204 3636 9322.

1940 3691 2206 3699 ——————-
