2314 3970
126 198 222 250 282]
722 193 899 235 Attalus
930 195 948 234 1
981 194 1218 246 (ευ-497
1244 205 1280 235 a.
1305 192 1407 234 Chr.
1428 192 1500 244 n.).
1990 194 2094 243 457

122 373 274 426 partes
303 370 442 412 fuisse
466 369 585 410 inter
606 369 814 422 artifices,
846 369 925 422 qui
944 368 1094 410 Attalo
1117 369 1135 409 1
1165 368 1212 409 in
1242 368 1549 410 monumentis
1577 367 1874 410 victoriarum
1904 365 2097 406 efficien-

120 445 190 486 dis
221 454 405 497 operam
434 443 663 483 navarent.
716 441 862 490 Quare
884 441 1047 482 merito
1071 441 1249 482 mireris
1279 442 1324 482 in
1345 441 1528 482 illorum
1550 451 1740 482 numero
1762 438 1884 493 apud
1903 438 2095 479 Plinium

121 516 218 558 Nat.
239 516 342 557 hist.
363 513 562 567 XXXIV,
586 517 638 555 84
672 513 738 566 (cf.
762 526 804 555 n.
828 515 908 554 274
921 514 951 566 7)
984 514 1105 554 hunc
1136 514 1430 566 potissimum
1451 514 1710 555 desiderari.
1761 512 1818 553 At
1838 512 2097 553 coniectura

118 587 261 630 Adolfi
290 587 531 640 Michaelis,
563 587 654 628 illic
674 597 757 640 pro
788 583 1000 642 Isiyonus
1029 585 1371 627 rescribendum
1403 597 1502 628 esse
1524 583 1772 642 Epiyonus,
1801 586 1922 626 iusto
1954 584 2096 626 auda-

119 661 215 701 cior
242 660 354 701 mihi
384 659 571 712 quidem
601 658 797 700 videtur.

225 866 333 923 281
386 871 569 936 Magna
604 871 742 921 basis
779 870 1048 921 marmoris
1089 869 1319 936 caerulei,
1362 869 1523 920 fracta
1558 869 1610 918 in
1648 870 1776 920 duas
1804 874 1992 937 parteS,
2034 884 2098 920 ex

118 957 300 1024 quibus
348 958 556 1008 sinistra
599 959 807 1008 inventa
851 961 928 1007 est
964 957 1200 1022 Pergami
1243 957 1295 1005 in
1332 957 1462 1006 turri
1501 957 1711 1006 Turcica
1753 957 1819 1006 ad
1861 957 2099 1007 meridio-

20 1097 22 1106 s
115 1045 281 1095 nalem
316 1046 494 1111 templi
521 1045 776 1095 Minervae
800 1048 1014 1111 partem,
1056 1045 1238 1093 dextra
1269 1044 1322 1093 in
1348 1058 1495 1093 muro
1522 1045 1804 1109 Byzantino
1837 1044 2099 1094 meridiem

20 1119 23 1151 ³
115 1146 296 1182 versus
321 1147 353 1181 a
378 1131 506 1182 foro,
571 1132 660 1182 Ed.
700 1133 764 1182 M.
793 1131 1010 1181 Frankel
1046 1130 1257 1181 Alterth.
1285 1145 1389 1181 von
1415 1131 1702 1196 Pergamon
1726 1131 1849 1196 VIII,
1882 1131 1900 1179 4
1949 1147 1999 1197 p.
2032 1131 2096 1179 40

113 1232 162 1267 n.
195 1214 262 1267 47
309 1214 417 1285 (Ch.
446 1217 625 1268 Michel
672 1218 874 1268 Recueil
921 1213 1123 1268 d’inscr.
1166 1217 1250 1268 Gr.
1297 1234 1347 1284 p.
1379 1218 1481 1267 855
1521 1233 1570 1268 n.
1604 1215 1778 1282 ⁴2⁴6).
1845 1216 1917 1268 Cf.
1971 1232 2101 1283 quae

115 1305 380 1355 adnotavit
403 1305 459 1355 B.
478 1306 625 1356 Niese
653 1304 830 1355 Gesch.
862 1306 953 1355 der
977 1320 1052 1370 gr.
1079 1305 1187 1355 und
1211 1304 1412 1355 maked.
1445 1305 1651 1355 Staaten
1676 1305 1720 1353 II
1752 1321 1803 1371 p.
1835 1305 1935 1353 484
1975 1320 2025 1354 n.
2050 1305 2098 1354 5.

294 1444 546 1507 Βασιλεὺς
568 1439 841 1507 Ἄτταλος1
876 1449 973 1501 τῶν
1012 1447 1062 1507 ἐξ
1099 1445 1339 1519 Αἰγίνης2
1377 1446 1646 1520 ἀπαρχὴν3
1675 1444 1901 1518 Ἀθηνᾶι.

227 1609 503 1651 Litterarum
533 1608 706 1650 formae
735 1609 943 1662 volgares
974 1610 1155 1662 praeter
1183 1610 1282 1663 ΠΣ,
1322 1610 1533 1650 accurate
1573 1610 1618 1649 et
1655 1609 1881 1662 eleganter
1918 1610 2099 1651 incisae.

115 1685 131 1722 4
169 1680 346 1723 Attalus
377 1682 395 1722 1
427 1682 670 1734 (244-497
703 1693 741 1723 a.
764 1681 864 1723 Chr.
889 1682 960 1734 n.).
1004 1680 1121 1723 Nam
1153 1681 1208 1723 de
1238 1681 1458 1723 alterutro
1491 1693 1547 1722 ex
1578 1681 1911 1735 posterioribus
1941 1682 2102 1723 Attalis

22 1755 23 1758 ’
112 1754 310 1807 cogitare
338 1756 520 1808 praeter
550 1755 871 1807 argumentum
894 1754 999 1807 (not.
1023 1754 1062 1807 2)
1094 1755 1232 1796 etiam
1253 1754 1507 1795 litteratura
1527 1755 1664 1808 vetat,
1696 1766 1835 1807 quam
1856 1755 2103 1808 postremis

110 1826 248 1868 Attali
269 1828 287 1867 I
317 1827 445 1868 annis
466 1827 599 1869 unice
619 1828 863 1869 convenire
885 1827 1100 1870 observat
1119 1827 1351 1869 Fabricius
1384 1827 1507 1880 apud
1527 1827 1825 1868 Frankelium.
1974 1830 1997 1867 2
2038 1826 2101 1868 Cf.

111 1899 329 1953 Polybius
358 1899 496 1952 XXII,
519 1902 587 1941 44.
611 1904 649 1941 9.
673 1902 749 1942 4οε
790 1894 913 1942 Μετὰ
945 1897 992 1941 δὲ
1030 1901 1180 1942 τοῦτον
1219 1897 1403 1946 ἀναστὰς
1434 1893 1711 1959 Κάσσανδρος
1742 1895 1977 1956 Αἰγινήτης
2007 1896 2103 1940 ἀνέ-

113 1984 248 2027 μνησε
287 1968 387 2018 τοὺς
424 1965 618 2030 Ἀχαιοὺς
654 1974 734 2029 τῆς
771 1967 1012 2029 Αἰγινητῶν
1052 1968 1274 2028 ἀκληρίας,
1314 1962 1343 2031 ᾗ
1383 1968 1634 2028 περιέπεσον
1676 1969 1745 2013 διὰ
1780 1970 1828 2014 τὸ
1868 1970 1977 2027 μετὰ
2015 1976 2099 2013 τῶν

107 2037 286 2102 Ἀχαιῶν
326 2040 726 2099 συμπολιτεύεσθαι,
764 2041 834 2086 ὅτε
873 2040 1061 2091 Πόπλιος
1102 2039 1332 2092 Σολπίκιος
1373 2040 1632 2092 ἐπιπλεύσας
1667 2043 1727 2102 τῷ
1764 2042 1903 2101 στόλῳ
1943 2043 2106 2093 πάντας

114 2112 497 2175 ἐξηνδραποδίσατο
518 2115 617 2165 τοὺς
636 2114 931 2175 ταλαιπώρους
954 2112 1208 2176 Αἰγινήτας·
1239 2114 1345 2176 ὑπὲρ
1377 2116 1435 2158 ὧν
1465 2115 1795 2175 διεσαφήσαμεν,
1823 2115 1916 2160 τίνα
1945 2117 2101 2176 τρόπον

114 2183 319 2243 Αἰτωλοί,
359 2186 502 2246 κύριοι
531 2187 753 2246 γενόμενοι
781 2192 859 2245 τῆς
889 2186 1055 2236 πόλεως
1084 2186 1196 2231 κατὰ
1224 2186 1301 2236 τὰς
1341 2188 1446 2248 πρὸς
1470 2183 1715 2244 Ῥωμαίους
1747 2187 1978 2247 συνθήκας,
2017 2186 2100 2234 Ἀτ-

113 2258 231 2318 τάλῳ
261 2259 494 2316 παραδοῖεν
524 2259 753 2318 τριάκοντα
781 2259 968 2303 τάλαντα
997 2255 1090 2318 παρ’
1117 2260 1245 2304 αὐτοῦ
1277 2259 1491 2317 λαβόντες.
1553 2261 1676 2311 Quae
1713 2263 1975 2304 acciderunt
2012 2264 2102 2305 fere

114 2345 152 2375 a.
186 2336 265 2374 240
300 2345 339 2375 a.
368 2334 468 2375 Chr.
501 2345 543 2376 n.
603 2334 670 2376 Ex
710 2346 802 2388 quo
841 2336 1047 2388 tempore
1087 2334 1309 2376 Attalidae
1340 2335 1535 2376 insulam
1572 2336 1818 2376 tenuerunt
1857 2347 2006 2389 usque
2047 2337 2104 2378 ad

114 2405 251 2447 finem
291 2407 418 2459 regni
460 2406 527 2460 (cf.
561 2406 690 2460 Syll.2
719 2406 831 2449 2974
869 2409 914 2448 et
951 2407 1066 2449 infra
1097 2419 1138 2449 n.
1163 2407 1273 2460 329).
1451 2411 1474 2448 3
1518 2408 1696 2449 Partem
1727 2408 1922 2461 praedae
1952 2409 2100 2450 Attalo

114 2479 320 2533 cessisse,
360 2490 416 2520 ex
454 2491 546 2532 qua
583 2479 665 2521 has
705 2480 932 2533 primitias
973 2480 1214 2534 dedicaret,
1254 2479 1449 2533 ideoque
1488 2481 1778 2522 statuendum
1819 2492 1931 2535 esse,
1979 2482 2103 2534 quod

115 2561 223 2593 sane
253 2561 483 2604 nusquam
514 2552 782 2606 traderetur,
814 2552 951 2594 etiam
972 2551 1110 2594 Attali
1135 2553 1302 2594 milites
1324 2553 1511 2607 Sulpicii
1532 2553 1810 2608 expeditioni
1831 2553 2104 2610 interfuisse,

117 2622 419 2677 probabiliter
448 2625 679 2667 existimat
706 2624 855 2667 Niese.

25 2868 28 2901 3
231 2831 340 2887 282
396 2835 682 2901 Magnesiae
718 2837 784 2886 ad
809 2837 1139 2887 Maeandrum
1176 2838 1227 2887 in
1254 2837 1368 2888 foro
1393 2838 1445 2886 in
1469 2837 1664 2904 pariete
1701 2839 1944 2905 porticus„
2008 2839 2096 2887 Ed.

26 2948 28 2985 3
119 2921 175 2971 Ο.
205 2922 341 2972 Kern
379 2920 684 2972 Inschriften
720 2937 824 2974 von
861 2924 1116 2989 Magnesia
1151 2939 1202 2991 p.
1235 2921 1301 2973 47
1340 2939 1388 2974 n.
1424 2924 1508 2975 22.

261 3061 514 3124 Βασιλεὺς
547 3056 849 3135 Ἄτϊαλ(ο)ς1
893 3063 1228 3138 [Μα]Ιγνήτων
1275 3070 1361 3137 τῆι
1406 3067 1586 3138 βουλῆι
1628 3064 1716 3119 καὶ
1752 3068 1845 3119 τῶι
1882 3065 2104 3136 [δή]1μωι

207 3165 233 3206 5
261 3150 487 3223 χαίρειν·-
545 3148 753 3206 Πυθίων
798 3150 884 3206 καὶ
930 3153 1319 3224 Λι)κ[ο]Ιμήδης2
1356 3153 1403 3206 οἱ
1440 3150 1559 3224 παρ’
1605 3152 1741 3223 ὑμῶν
1781 3151 2101 3224 ἀνεκόμιΙΙσαν

28 3358 30 3364 ,
235 3315 252 3352 4
289 3311 466 3354 Attalus
497 3313 515 3352 Ι
554 3312 794 3365 (244-497
826 3324 866 3355 a.
897 3313 1028 3366 Chr.).
1089 3313 1182 3356 Hae
1219 3314 1395 3354 Iltterae
1445 3312 1537 3354 fere
1584 3325 1700 3354 anno
1739 3316 1822 3353 206
1855 3325 1893 3354 a.
1926 3312 2027 3354 Chr.
2059 3326 2100 3355 n.

28 3406 31 3435 3
121 3383 315 3437 scriptae
344 3386 462 3426 sunt.
515 3383 577 3426 Cf.
609 3383 738 3437 Sy11.2
758 3384 879 3427 2562.
939 3387 1004 3427 De
1035 3386 1100 3428 eis
1131 3396 1248 3439 quae
1278 3386 1352 3426 hic
1380 3386 1433 3426 ut
1462 3386 1509 3426 in
1539 3385 1637 3426 aliis
1668 3385 1812 3426 titulis
1841 3386 2104 3438 Magneticis

119 3456 249 3497 uncis
287 3457 497 3499 rotundis
537 3457 878 3511 circumscripsi
915 3458 969 3500 cf.
1000 3470 1043 3500 n.
1067 3457 1182 3499 2345,
1337 3461 1361 3497 2
1402 3456 1577 3499 Nomen
1617 3458 1868 3510 Magnesiae
1907 3470 1998 3499 non
2036 3459 2101 3500 in-

30 3566 32 3584 ,
121 3525 344 3582 frequens,
391 3528 471 3570 sed
520 3529 627 3581 quia
671 3530 987 3582 patronymico
1033 3532 1168 3583 caret,
1226 3528 1407 3571 dubites
1453 3530 1664 3582 quisnam
1711 3530 2001 3582 potissimum
2049 3542 2104 3572 ex

120 3597 381 3642 hominibus
412 3600 770 3655 cognominibus,
808 3602 887 3654 qui
923 3603 970 3643 in
1009 3602 1108 3644 aliis
1139 3602 1283 3643 titulis
1315 3602 1622 3655 inveniuntur,
1661 3602 1737 3643 hic
1776 3603 1846 3643 sit.
1908 3602 1966 3643 At
1995 3604 2102 3656 quia

120 3669 398 3749 Lylcomedes
437 3672 628 3714 Charisii
665 3672 692 3714 f.
740 3672 796 3714 de
840 3673 1012 3715 eisdem
1051 3674 1220 3715 Dianae
1272 3673 1652 3727 Leucophryenes
1697 3673 1820 3715 feriis
1866 3675 2002 3716 etiam
2048 3675 2104 3716 ad

32 3755 177 3970 ,s
