2314 3970
9 3665 18 3692 ι·-
9 3542 22 3650 Ἰὲ·“·“«.“-’«-,
11 3211 29 3531 θ’ῖΑκ-ᾙτφυῇιν-Αψψ-
18 3192 21 3202 „.
0 3111 26 3162 315⁴

143 195 239 246 420]
838 192 1037 246 Agrippa
1067 193 1098 234 Ι.
1158 192 1356 245 Agrippa
1385 191 1436 232 11.
2019 193 2118 243 631

285 363 536 435 Εὐσεβοῦς
574 364 658 417 καὶ
686 363 1098 436 [Φι]1λορωμαίου
1110 366 1147 433 2,
1181 360 1428 434 Ἀφαρεὺς
1456 362 1796 434 ἀπελεύθερος
1821 360 1907 414 καὶ
1930 357 2124 433 Ἀγρίπ-

279 472 376 510 πας
415 449 519 510 υἱὸς
560 451 832 521 ἀνέθηκαν.

136 612 192 653 ad
233 622 401 652 annum
438 615 491 654 95
522 623 566 664 p.
596 612 696 652 Chr.
726 622 767 652 n.
810 610 1104 663 superstitem
1146 609 1285 650 fuisse
1328 607 1643 650 demonstrare
1680 608 1894 651 videntur
1931 609 2122 662 nummi,

135 695 246 724 num
284 684 406 724 recte
438 684 623 724 Photius
654 682 763 724 bibl.
795 682 892 723 cod.
925 684 975 721 33
1009 693 1050 734 p.
1076 680 1147 721 6b
1180 684 1222 720 34
1262 680 1438 721 Bekker
1475 692 1531 721 ex
1568 682 1694 722 Iusto
1727 680 1979 723 Tiberiensi
2017 692 2122 722 eum

134 756 267 797 tertio
300 755 476 796 Traiani
507 767 624 797 anno
660 755 754 807 (400
785 765 827 807 p.
853 754 953 795 Chr.
986 753 1042 805 n.)
1083 753 1333 794 decessisse
1373 753 1539 794 referat
1578 753 1768 794 dubium
1808 755 1889 794 est.
1949 754 2014 794 De
2051 753 2122 794 his

134 830 179 868 et
209 828 307 868 aliis
339 829 436 868 eius
467 827 605 868 rebus
637 826 690 868 cf.
722 827 997 879 Prosopogr.
1020 826 1129 878 imp.
1153 825 1282 866 Rom.
1307 826 1344 864 II
1376 836 1419 877 p.
1444 828 1524 866 463
1558 837 1598 866 n.
1625 829 1691 866 89.
1839 828 1864 865 2
1905 826 1960 867 M.
1983 825 2122 866 Iulius

131 899 331 952 Agrippa
362 901 392 952 I,
431 899 685 940 Aristobuli
716 899 761 939 et
790 898 1027 938 Berenices
1058 897 1191 950 filius,
1232 897 1421 938 Herodis
1452 898 1598 950 Magni
1629 908 1787 951 nepos,
1828 899 1964 939 natus
2007 909 2122 939 anno

135 975 184 1012 40
209 984 247 1013 a.
266 971 367 1013 Chr.
390 983 446 1025 n.‚
480 971 675 1012 decessit
706 970 1083 1023 quinquagesimo
1115 970 1278 1022 quarto
1311 970 1470 1010 aetatis
1503 981 1619 1010 anno
1653 972 1704 1010 44
1728 981 1771 1022 p.
1796 970 1896 1011 Chr.
1921 982 1963 1011 n.
2015 970 2125 1011 Post

130 1044 279 1085 varias
310 1043 516 1085 fortunae
548 1043 887 1084 vicissitudines
919 1053 1037 1083 anno
1063 1044 1114 1081 37
1140 1053 1177 1082 a.
1202 1041 1302 1082 Chr.
1335 1053 1360 1082 a
1391 1041 1498 1082 Gaio
1522 1041 1712 1083 Caesare
1741 1053 1822 1082 rex
1844 1042 2123 1083 constitutus

131 1116 200 1156 est
230 1126 389 1156 earum
419 1115 659 1167 regionum
691 1125 805 1166 quas
842 1115 973 1154 antea
1003 1113 1240 1166 Philippus
1271 1113 1460 1154 Herodis
1493 1113 1519 1155 f.
1552 1115 1597 1154 et
1627 1114 1844 1167 Lysanias
1869 1115 2123 1155 tetrarchae

130 1186 382 1228 habuerant
427 1186 616 1240 (loseph.
653 1185 753 1227 Ant.
793 1185 946 1238 XVIII,
987 1189 1084 1226 237.
1131 1185 1236 1226 Bell.
1273 1186 1324 1238 11,
1363 1184 1481 1238 484);
1528 1197 1644 1227 anno
1688 1189 1739 1227 39
1779 1198 1821 1239 p.
1854 1186 1955 1227 Chr.
1997 1186 2119 1227 idem

34 1258 52 1309 53?
130 1258 175 1300 C.
198 1259 373 1311 Caesar,
412 1258 588 1300 Herode
626 1258 789 1312 Antipa
830 1258 1036 1311 expulso,
1077 1257 1318 1299 Galilaeam
1361 1259 1405 1298 et
1436 1258 1647 1299 Peraeam
1687 1258 1728 1299 ei
1767 1258 1891 1299 dedit
1926 1258 2118 1312 (Ioseph.

48 1324 52 1337 ³
128 1331 228 1372 Ant.
250 1330 403 1383 XVIII,
428 1333 524 1372 252.
563 1330 669 1372 Bell.
687 1331 738 1383 II,
763 1330 874 1384 483),
898 1341 1015 1371 anno
1041 1331 1087 1370 44
1112 1341 1155 1383 p.
1174 1330 1276 1370 Chr.
1300 1330 1512 1371 Claudius
1535 1330 1762 1383 reliquum
1784 1341 1974 1383 regnum
1997 1331 2120 1383 quod

129 1403 320 1444 Herodis
342 1403 488 1455 Magni
509 1402 655 1444 fuerat
676 1402 1224 1455 (Ioseph.Ant.X1X,274.
1257 1403 1532 1456 ΒοΠ.ΙΙ,245.
1580 1402 1762 1444 Cassius
1783 1403 1868 1443 Dio
1892 1403 1979 1456 LX,
2004 1407 2041 1456 8,
2065 1403 2120 1454 2).

34 1459 48 1515 ’ς’
88 1481 92 1483 ’
128 1475 377 1528 Repentino
412 1474 578 1515 morbo
612 1476 851 1527 correptus
884 1474 1079 1515 decessit
1109 1474 1353 1515 Caesareae
1386 1475 1575 1528 (Ioseph.
1598 1475 1698 1516 Ant.
1725 1475 1843 1528 XIX,
1868 1478 1962 1516 350.
2014 1475 2119 1516 Bell.

127 1548 179 1600 II,
202 1548 313 1599 249).
375 1546 436 1588 Cf.
478 1547 873 1600 Prosopographia
903 1548 1012 1600 imp.
1043 1547 1171 1588 Rom.
1202 1548 1240 1587 11
1272 1558 1314 1600 p.
1352 1550 1430 1588 462
1465 1559 1506 1588 n.
1538 1551 1606 1588 88.
1665 1548 1844 1588 Patrem
1883 1547 2119 1600 filiumque

42 1619 47 1670 j
127 1620 259 1672 plane
299 1619 471 1660 eisdem
512 1619 865 1672 cognominibus
906 1630 1016 1660 usos
1055 1630 1155 1660 esse
1199 1619 1273 1660 hic
1313 1620 1474 1660 titulus
1516 1619 1661 1673 docet,
1702 1620 1764 1661 ita
1795 1621 1846 1660 ut
1877 1620 2119 1672 pleraeque

127 1691 313 1744 quidem
351 1692 670 1745 inscriptiones
713 1692 769 1732 ad
807 1693 962 1732 utrum
1008 1693 1215 1744 spectent
1251 1692 1297 1732 in
1340 1691 1490 1732 medio
1532 1691 1881 1744 relinquendum
1921 1692 1991 1745 sit,
2032 1693 2120 1733 nisi

40 1771 45 1817 ξ
127 1763 250 1816 quod
281 1763 425 1804 multo
457 1763 588 1817 plura
620 1775 675 1804 ex
706 1764 952 1817 longinquo
995 1775 1133 1816 regno
1174 1763 1254 1804 filii
1286 1775 1424 1817 quam
1464 1764 1573 1805 satis
1611 1764 1741 1805 brevi
1782 1765 1925 1817 patris
1956 1775 2118 1805 monu-

126 1837 279 1877 menta
309 1837 503 1877 aetatem
534 1836 694 1878 tulisse
729 1838 1082 1878 consentaneum
1115 1837 1195 1877 est.

234 2048 348 2105 420
400 2053 553 2119 Lapis
610 2052 958 2103 inaedificatus
1010 2054 1076 2102 ad
1134 2053 1343 2119 fontem,
1398 2054 1484 2119 qui
1542 2057 1619 2102 est
1674 2056 1792 2102 ante
1850 2054 2117 2104 delubrum

124 2140 412 2189 Islamicum
451 2140 626 2206 oppidi
669 2139 911 2189 Helbonis
950 2136 1224 2205 (Halbsm).
1303 2140 1427 2189 Edd.
1470 2141 1667 2204 Porter,
1716 2140 1838 2189 Five
1875 2155 2026 2205 years
2065 2142 2116 2189 in

125 2226 404 2275 Damascus
442 2226 464 2274 I
500 2242 551 2292 p.
582 2226 701 2275 330.
779 2227 856 2275 Ex
904 2240 996 2275 suo
1043 2225 1344 2292 apographo
1383 2228 1462 2275 W.
1493 2227 1554 2275 H.
1583 2226 1928 2292 Waddington
1977 2227 2116 2293 apud

125 2312 288 2362 Lebas
325 2312 480 2362 Inscr.
510 2313 591 2378 III,
621 2313 776 2363 2552.

264 2449 379 2505 Ἐπὶ
426 2454 659 2524 βασιλέος
715 2452 934 2524 μεγάλου
984 2451 1219 2524 Μάρκο[υ
1260 2448 1470 2506 Ἰουλίου
1519 2450 1795 2525 Ἀγρίππα1
1839 2454 2116 2525 Φιλο]Ικαί-

268 2558 420 2609 σαρος
458 2538 544 2591 καὶ
584 2540 990 2611 Φιλορωμαίων2
1029 2541 1046 2610 [
1046 2569 1309 2579 --------
1347 2540 1404 2592 ἐκ
1442 2540 1558 2609 τῶν]
1599 2538 1606 2611 Ι
1650 2540 1787 2593 ἰδίων
1827 2540 2113 2610 ἀνέθηκαν3

267 2621 354 2678 διὰ
395 2627 698 2695 ἐπιμελητοδ
734 2627 872 2696 το[ῢ4
910 2656 1445 2666 -----------------
1445 2627 1461 2695 ]

236 2786 429 2828 Litterae
459 2787 727 2829 ΑΘΘΠΟω.
891 2790 906 2826 4
949 2786 1009 2827 Cf.
1042 2798 1082 2827 n.
1109 2786 1234 2827 4491.
1398 2789 1422 2826 2
1463 2785 1525 2827 Cf.
1557 2798 1599 2827 n.
1624 2785 1767 2827 37912.
1934 2791 1955 2826 3
1999 2787 2116 2828 Sub-

120 2858 291 2899 iectum
328 2858 558 2899 intercidit
597 2869 758 2900 versus
799 2859 1049 2911 superioris
1099 2860 1229 2911 parte
1274 2860 1490 2899 extrema.
1563 2858 1819 2899 Conieceris
1859 2855 2113 2913 Χελβώνιοι,

121 2931 193 2970 cui
226 2930 541 2983 supplemento
581 2942 671 2971 non
706 2930 857 2972 obstat
894 2929 960 2983 [ἐκ
989 2930 1089 2983 τῶν]
1124 2927 1256 2984 ἰδίων,
1295 2942 1400 2971 nam
1443 2928 1550 2976 ἴδιος
1589 2929 1798 2971 inferiore
1836 2932 1982 2971 aetate
2023 2943 2113 2972 non

120 3001 257 3043 modo
288 2996 537 3055 ‘privatus'
567 3004 649 3056 est,
682 3003 762 3044 sed
783 3004 920 3044 etiam
949 2997 1088 3054 ‘suus,
1123 2997 1359 3055 proprius'
1391 3002 1550 3054 (Attice
1572 2999 1759 3055 οἰκεῖος),
1792 3014 1939 3055 neque
1973 3003 2113 3044 offen-

120 3075 295 3115 sionem
323 3073 460 3115 habet
480 3075 713 3116 civitatem
741 3075 912 3128 aliquid
933 3075 1029 3116 suis
1050 3075 1270 3127 impensis
1299 3074 1520 3115 dedicare.
1573 3074 1782 3115 Ceterum
1805 3074 2113 3127 Waddington

122 3145 338 3187 observat
367 3146 458 3187 hoc
486 3146 618 3188 titulo
650 3146 968 3200 demonstrari,
1000 3158 1190 3199 regnum
1220 3147 1446 3199 Agrippae
1477 3147 1718 3199 utriusque
1749 3147 1860 3187 satis
1892 3147 2024 3198 longe
2055 3148 2111 3188 ad

121 3218 452 3270 septentriones
482 3219 700 3272 patuisse,
740 3231 845 3260 nam
889 3219 1111 3272 oppidum
1142 3215 1329 3260 Ηαίὂᾱη
1368 3219 1507 3259 situm
1546 3219 1590 3258 in
1633 3218 1836 3260 convalle
1866 3218 2111 3261 Antilibani

119 3290 324 3330 Ituraeae
367 3290 563 3342 regionis
608 3290 759 3332 fuisse.
834 3291 928 3332 Illic
973 3292 1224 3344 antiquitus
1269 3292 1429 3332 vinum
1480 3292 1715 3343 praestans
1762 3292 1936 3344 natum,
1988 3291 2111 3343 quod

120 3361 329 3402 Damasci
358 3362 548 3403 veniret.
608 3362 741 3416 Apud
772 3363 1052 3404 Ezechielem
1077 3366 1144 3416 27,
1168 3366 1220 3403 48
1253 3363 1351 3404 eius
1374 3364 1650 3403 mentionem
1672 3362 1782 3416 fieri,
1814 3374 1919 3404 nam
1942 3364 2112 3404 rectius

120 3444 258 3485 quam
282 3434 322 3474 S.
345 3433 688 3488 Hieronymum,
719 3435 798 3487 qui
829 3436 875 3476 in
896 3436 1106 3477 versione
1128 3435 1283 3476 Latina
1314 3446 1397 3487 pro
1421 3435 1602 3475 nomine
1624 3435 1810 3487 proprio
1833 3434 2111 3476 adiectivum

122 3515 365 3556 agnoscere
397 3505 485 3546 sibi
517 3507 644 3547 visus
675 3508 809 3559 esset,
849 3508 1141 3560 Septuaginta
1172 3507 1441 3558 interpretes
1473 3505 1676 3547 Hebraea
1714 3507 1780 3547 sic
1811 3507 1978 3547 Graece
2009 3507 2110 3548 red-

122 3575 246 3616 dere:
288 3572 518 3630 Δαμασκὸς
551 3574 732 3635 ἔμποροί
763 3590 851 3629 σου,
885 3576 935 3619 ἐκ
956 3574 1161 3638 πλήθους
1175 3575 1315 3634 πάσης
1338 3575 1559 3631 δυνάμεώς
1582 3588 1681 3618 σου·
1715 3575 1830 3624 οἶνος
1862 3576 1911 3618 ἐκ
1931 3575 2108 3633 Χελβὼν

120 3645 192 3687 καὶ
223 3644 313 3701 ἔρια
346 3644 395 3688 ἐκ
425 3643 640 3703 Μιλήτου.
700 3647 799 3690 Non
838 3651 960 3690 recte
999 3659 1106 3690 sane
1138 3648 1378 3689 Gesenium
1419 3648 1614 3689 eundem
1657 3649 1808 3690 locum
1852 3649 2110 3702 intellegere
