2314 3970
36 3757 38 3776 l

35 3777 38 3815 1

115 203 213 255 229]
506 201 691 241 Pactum
722 201 839 241 int-er
869 201 1142 252 smyrnaeos
1171 202 1217 240 et
1248 199 1417 240 incolas
1447 198 1711 250 Magnesiae.
1994 196 2097 246 367

256 373 344 443 τὴν
371 371 650 424 Σελευκίὸα
667 374 707 407 ¹¹
734 373 781 423 οἱ
820 370 1123 442 στρατη[γο]ὶ
1152 369 1444 428 σπεύδοντες
1481 369 1734 439 διαμένειν
1773 370 1865 420 τῶι
1903 368 2100 437 βασιλεῖ

257 455 320 510 τὰ
358 455 634 527 πράγματα
673 459 1026 528 συμφερόντως
1065 455 1416 526 ὃιεΙπέμψαντο
1462 454 1584 526 πρὸς
1633 453 1747 514 τοὺς
1786 455 1850 523 ἐμ
1888 451 2099 524 Μαγνη-

259 543 422 596 σίαι12
447 542 705 602 κατοίκους
724 546 765 580 13
789 541 875 595 καὶ
912 542 1071 614 πρὸ[ς]
1110 541 1225 600 τοὺς
1261 541 1593 611 ὑπαίθρους14
1622 541 1786 599 ἱππεῖς
1823 539 1910 593 καὶ
1950 559 2100 610 στρα-

171 643 221 684 15
252 630 433 688 τιώτας
448 631 489 664 15
536 628 621 681 καὶ
668 630 965 682 ἀπέστειλαν
1016 630 1066 686 ἐξ
1112 627 1271 680 αὐτῶν
1309 626 1325 697 ΙΙ
1362 628 1452 679 ἕνα
1490 627 1748 680 Διονύσιον
1797 625 1892 696 τὸμ
1935 645 2100 695 παρα-

255 715 537 768 καλέσοντα
594 714 774 775 αὐτοὺς
833 711 1232 784 διοι[φυ]λάσσειν
1288 712 1390 782 τὴμ
1442 713 1614 782 φιλίαν
1671 712 1756 765 καὶ
1807 711 2098 783 συμμαχίαν

259 802 459 873 βασιλεῖ
497 801 751 854 Σελεύκωι
800 802 871 860 εἰς
913 800 918 870 Ι
959 798 1125 852 πάντα
1172 797 1260 869 τὸγ
1303 800 1502 869 χρόνον,
1552 800 1944 869 ἐπαγελλόμενοι
1992 800 2102 850 δια-

255 888 534 958 τηρούντων
576 889 736 941 αὐτῶν
775 884 839 940 τὰ
878 884 1154 957 πράγματα
1187 883 1272 938 καὶ
1312 883 1394 937 τὸν
1431 883 1580 937 αὐτὸν
1617 884 1810 955 ἐχθρὸγ
1835 883 1921 937 καὶ
1955 884 2100 955 φίλον

255 974 547 1045 ἡγουμένων
607 972 838 1045 ὑπάρξειν
897 972 1080 1043 αὖΙτοῖς
1135 968 1277 1042 παρὰ
1335 974 1422 1023 τοῦ
1470 972 1632 1040 δήμου
1679 969 1766 1023 καὶ
1816 967 1956 1041 παρὰ
2014 974 2100 1022 τοῦ

256 1061 504 1130 βασιλέως
554 1060 805 1113 Σελεύκου
849 1058 1012 1112 πάντα
1056 1055 1119 1111 τὰ
1175 1056 1513 1129 φιλάνθρωπα
1563 1055 1647 1109 καὶ
1702 1059 1871 1116 καλῶς
1916 1057 2101 1127 ἔχοντα

256 1147 342 1199 καὶ
382 1148 800 1217 ἀποδοθήσεσθαι
836 1144 1070 1217 χάριΙτας
1117 1145 1288 1203 αὐτοῖς
1328 1143 1467 1203 ἀξίας
1516 1148 1603 1213 τῆς
1644 1144 1911 1213 αἱρέσεως·
1962 1144 2008 1194 οἱ
2048 1142 2102 1195 δὲ

257 1234 321 1302 ἐμ
347 1230 644 1304 Μαγνησίαι
679 1232 1090 1303 παρακληθέντες
1129 1229 1214 1283 καὶ
1243 1227 1383 1283 αὐτοὶ
1420 1230 1557 1289 ὄντες
1595 1230 1850 1300 πρόθυμοι
1886 1228 2007 1299 πρὸς
2046 1228 2099 1280 τὸ

259 1318 620 1385 διαφυλάσσειν
674 1321 765 1371 τῶι
817 1318 1014 1389 βασιλεῖ
1058 1320 1145 1387 τήν
1195 1337 1247 1370 τε
1297 1315 1482 1388 φιξλίαν
1530 1315 1616 1368 καὶ
1671 1316 1760 1386 τὴν
1811 1315 2101 1385 συμμαχίαν

230 1452 273 1489 44
315 1449 428 1490 Cum
459 1449 672 1489 Seleucus
705 1448 947 1489 Callinicus
978 1449 1024 1488 in
1056 1449 1206 1501 primo
1247 1450 1414 1489 conatu
1446 1448 1623 1500 Syriam
1656 1459 1680 1488 a
1712 1447 1967 1488 Ptolemaeo
2000 1457 2105 1498 cap-

114 1522 206 1563 tam
237 1521 536 1574 recuperandi
568 1520 855 1572 naufragium
884 1520 1068 1562 fecisset
1097 1521 1234 1573 atque
1274 1520 1320 1560 in
1350 1519 1504 1560 Asiam
1535 1520 1600 1560 cis
1631 1519 1832 1560 Taurum
1864 1520 1998 1560 sitam
2032 1529 2106 1558 re-

81 1639 83 1643 ,
115 1592 211 1634 dire
251 1595 437 1634 coactus
476 1594 610 1646 esset,
653 1593 895 1634 Antiochia
937 1592 1231 1645 reliquaeque
1270 1591 1515 1633 Seleucidis
1561 1594 1605 1632 et
1650 1591 1831 1632 Ciliciae
1877 1590 2107 1631 orientalis

114 1665 321 1707 civitates
354 1677 380 1706 a
400 1665 657 1707 Ptolemaeo
689 1663 973 1717 defecerunt3
1006 1676 1032 1706 a
1061 1664 1231 1718 quibus
1253 1666 1444 1706 vocatus
1466 1664 1680 1705 Seleucus
1712 1664 1880 1704 iterum
1907 1662 2107 1703 Taurum

111 1739 424 1790 transgressus
455 1739 525 1778 est
555 1739 607 1778 ut
637 1737 733 1778 suis
765 1736 932 1778 auxilio
955 1737 1143 1777 veniret.
1196 1735 1257 1777 Cf.
1288 1735 1422 1778 Niese
1454 1736 1612 1776 Gesch.
1638 1736 1675 1775 ΙΙ
1707 1746 1750 1788 p.
1775 1739 1855 1775 452
1890 1736 1980 1775 not.
2005 1737 2043 1773 2.
2070 1737 2106 1773 3.

113 1809 178 1850 De
199 1812 406 1862 tempore
427 1820 519 1850 non
539 1810 738 1861 constat;
771 1820 876 1848 nam
898 1808 1023 1861 quod
1044 1809 1301 1849 Chronicon
1323 1808 1535 1860 paschale
1566 1818 1609 1860 p.
1630 1810 1709 1846 330
1744 1807 1883 1847 Bonn.
1931 1806 2108 1846 Callini-

114 1881 300 1933 cupolin
349 1881 406 1922 ad
447 1881 708 1934 Euphraten
754 1881 888 1921 sitam
931 1891 1048 1921 anno
1089 1882 1172 1920 244
1216 1881 1295 1921 aut
1337 1881 1420 1920 242
1472 1880 1614 1931 (illum
1657 1890 1824 1920 annum
1874 1878 2108 1931 Olympias

114 1953 313 2006 ascripta
333 1953 514 2006 indicat,
546 1953 668 1994 hunc
690 1951 932 1993 consulum
965 1952 1162 2003 nomina)
1192 1951 1423 1993 conditam
1455 1951 1605 2005 refert,
1641 1951 1687 1992 id
1718 1951 1882 1991 merito
1914 1950 2106 1992 dubium

114 2024 334 2067 iudicavit
362 2024 510 2078 Niese,
547 2025 655 2078 quia
686 2035 766 2066 rex
795 2026 893 2065 tum
926 2025 1147 2077 temporis
1185 2034 1440 2076 cognomen
1471 2019 1732 2070 Καλλίνικος
1770 2023 1972 2064 nondum
2007 2033 2110 2075 ges-

115 2098 231 2138 sisse
260 2097 506 2139 videretur.
655 2099 709 2137 42
750 2097 1023 2148 Magnesiam
1065 2096 1123 2137 ad
1152 2096 1362 2150 Sipylum
1403 2107 1503 2137 esse
1541 2096 1810 2149 Boeckhius,
1851 2106 1958 2136 cum
1998 2096 2112 2135 anti-

116 2170 303 2223 quiores
335 2170 650 2221 cognominem
681 2168 846 2209 urbem
878 2169 934 2210 ad
964 2167 1258 2210 Maeandrum
1299 2170 1434 2210 sitam
1465 2168 1804 2221 intellexissent,
1847 2168 2003 2208 multis
2036 2168 2112 2208 iis-

116 2252 208 2294 que
246 2242 528 2294 gravissimis
567 2241 847 2294 argumentis
889 2241 1221 2282 demonstravit
1259 2240 1326 2292 (cf.
1370 2241 1615 2293 praecipue
1655 2252 1697 2281 v.
1722 2243 1798 2280 404
1844 2237 1918 2282 ἐὰν
1958 2252 2112 2298 προσο-

119 2309 245 2370 ρισθῇ
271 2311 301 2368 ἡ
332 2313 455 2372 χώρα
483 2309 591 2365 κτλ.,
627 2324 747 2365 quae
777 2313 976 2353 vicinam
1008 2314 1228 2365 Smyrnae
1257 2313 1534 2364 Magnesiam
1564 2312 1777 2365 indicant,
1810 2313 1855 2353 et
1882 2324 1926 2353 v.
1949 2316 1994 2353 64
2033 2311 2110 2366 τὴν

117 2379 302 2442 Μητέρα
328 2382 407 2440 τὴν
440 2380 716 2441 Σιπυληνήν).
851 2387 903 2423 43
945 2384 1059 2425 Cum
1089 2386 1307 2426 κατοικεῖν
1340 2383 1540 2425 sollenne
1562 2385 1621 2425 sit
1642 2383 1923 2426 vocabulum
1955 2384 2011 2425 de
2032 2385 2111 2436 eiS,

120 2457 198 2509 qui
237 2455 407 2497 alicubi
447 2443 731 2497 domicilium
767 2454 950 2509 habent,
995 2453 1198 2497 κατοικία
1239 2467 1617 2509 unumquemque
1658 2456 1811 2497 locum
1855 2456 2110 2498 habitatum

119 2527 354 2581 significet,
387 2529 485 2569 sive
515 2529 677 2569 civitas
708 2529 778 2569 est
807 2528 903 2570 sive
934 2538 1092 2581 pagus,
1135 2528 1272 2569 etiam
1301 2525 1503 2574 κάτοικος
1533 2539 1616 2581 per
1646 2538 1695 2569 se
1726 2528 1837 2569 nihil
1867 2529 1956 2569 nisi
1986 2529 2113 2569 inco-

120 2599 210 2641 lam
243 2600 434 2641 alicuius
465 2599 553 2641 loci
583 2599 764 2641 indicat.
824 2599 881 2640 At
910 2600 986 2640 hic
1025 2601 1077 2640 ut
1114 2599 1222 2641 alibi
1259 2600 1382 2641 haud
1413 2611 1516 2641 raro
1551 2611 1633 2653 per
1663 2600 1740 2641 illa
1770 2601 1995 2654 tempora,
2035 2599 2114 2642 κά-

121 2685 256 2714 τοικοι
293 2671 503 2712 milites
535 2671 686 2724 modo,
728 2671 898 2723 quibus
940 2671 1222 2713 domicilium
1252 2673 1505 2724 Magnesiae
1546 2682 1819 2713 concessum
1861 2674 1944 2725 est,
1986 2674 2114 2722 sunt;

121 2743 186 2784 ita
215 2743 266 2784 fit
300 2745 353 2784 ut
393 2742 451 2784 ab
483 2744 548 2784 eis
579 2742 913 2796 distinguantur
944 2742 985 2785 οἱ
1014 2740 1140 2785 ἄλλοι
1171 2741 1340 2800 οἰκηταὶ
1379 2744 1435 2797 (v.
1470 2747 1537 2785 35.
1570 2745 1652 2796 50).
1693 2741 1793 2790 τοὺς
1825 2741 1985 2790 ἄλλους
2014 2741 2115 2789 τοὺς

121 2812 346 2860 ὀἰκοῦντας
388 2814 493 2866 (τοῖς
524 2810 672 2860 ἄλλοις
699 2817 792 2861 τοῖς
823 2813 1025 2867 οἰκοῦσιν)
1065 2812 1121 2870 ἐμ
1149 2810 1380 2872 Μαγνησίᾳ
1416 2827 1459 2856 v.
1485 2818 1551 2856 74.
1576 2819 1643 2856 92.
1683 2812 1784 2862 τοὺς
1821 2812 1981 2861 ἄλλους
2016 2814 2114 2861 τοὺς

123 2884 555 2944 καταχωριζομένους
583 2884 644 2932 εἰς
673 2885 721 2928 τὸ
752 2884 991 2943 πολίτευμα
1020 2898 1063 2929 v.
1088 2890 1156 2940 60,
1194 2888 1222 2928 i.
1252 2898 1289 2929 e.
1322 2888 1586 2940 quicunque
1624 2888 1805 2940 praeter
1835 2887 2003 2927 milites
2035 2887 2117 2927 do-

126 2958 347 2999 micilium
378 2957 548 2999 habent
577 2958 840 3010 Magnesiae.
892 2959 1105 3000 Ceterum
1135 2956 1342 3012 κάτοικοι,
1373 2957 1569 3000 κατοικία
1601 2959 1657 3000 de
1688 2960 1878 3000 coloniis
1910 2958 2116 2999 militari-

127 3028 215 3071 bus
244 3031 381 3071 etiam
428 3029 550 3083 apud
580 3030 822 3083 Polybium
853 3030 905 3084 V,
939 3035 1005 3085 65,
1037 3035 1105 3072 40.
1147 3034 1215 3084 78,
1249 3035 1287 3072 5.
1334 3031 1448 3073 Plut.
1483 3031 1644 3072 Anton.
1682 3035 1750 3072 46.
1800 3031 1991 3083 Appian.
2021 3030 2116 3071 Civ.

127 3100 180 3154 V,
203 3104 272 3142 44.
294 3105 348 3142 49
379 3102 644 3154 usurpatur.
694 3102 940 3144 Feldmann
968 3114 1012 3156 p.
1031 3106 1112 3144 480
1132 3114 1198 3156 sq.
1231 3114 1338 3144 cum
1371 3104 1504 3144 notis.
1567 3103 1687 3144 Cave
1717 3105 1870 3144 tamen
1891 3103 1962 3143 his
1994 3103 2118 3143 voci-

127 3171 216 3214 bus
245 3172 419 3225 ubique
449 3173 571 3214 illam
603 3173 698 3214 vim
729 3173 965 3226 tribueris3
1004 3174 1347 3227 perfrequenter
1376 3175 1501 3215 omni
1532 3175 1678 3215 aetate
1707 3174 1866 3215 latiore
1897 3173 2120 3226 significa-

127 3242 251 3284 tione
281 3243 510 3285 dicuntur.
566 3245 661 3285 Iam
691 3252 747 3285 ex
776 3244 864 3286 illis
894 3245 1070 3287 colonis
1101 3245 1376 3287 militaribus
1408 3256 1515 3298 pars
1546 3246 1591 3286 in
1622 3246 1722 3298 ipsa
1750 3245 1866 3285 urbe
1894 3246 2120 3296 Magnesia

129 3304 316 3369 habitat,
347 3315 489 3356 altera
518 3316 564 3356 in
595 3316 756 3357 eastris
787 3317 965 3359 stativis
988 3317 1035 3358 in
1057 3329 1164 3370 agro
1195 3318 1447 3370 Magnesiae
1473 3317 1718 3359 collocatis.
1770 3317 1917 3369 Atque
1941 3318 1988 3357 hi
2018 3318 2119 3370 qui-

127 3382 236 3427 'dem
266 3388 527 3428 constanter
555 3386 727 3440 ubique
756 3384 959 3445 ὕπαιθροι
989 3390 1286 3443 appellantur,
1319 3390 1382 3430 illi
1411 3401 1521 3430 vero
1553 3390 1600 3430 in
1631 3389 1991 3442 Smyrnaeorum
2021 3390 2121 3442 qui-

135 3455 237 3498 dem
267 3457 460 3500 decretis
489 3456 701 3501 κατοίκων
732 3460 960 3503 vocabulo
993 3461 1159 3503 abillis
1185 3462 1528 3514 distinguuntur
1559 3461 1614 3513 (v.
1639 3464 1705 3502 44.
1730 3463 1798 3501 24.
1822 3460 1904 3514 92),
1937 3471 2044 3502 oum
2075 3463 2121 3502 in

129 3526 266 3581 ‘pacto
297 3530 410 3572 haec
440 3543 532 3573 vox
568 3531 730 3573 latiore
759 3533 807 3573 vi
843 3533 899 3574 de
937 3535 1136 3587 utroque
1167 3545 1329 3586 genere
1369 3533 1648 3575 coniunctim
1679 3534 1930 3585 usurpetur
1970 3533 2027 3585 (v.
2053 3536 2119 3574 35.

132 3591 205 3640 47.
239 3603 306 3643 49.
335 3605 403 3644 59.
435 3602 518 3654 74).
668 3605 720 3644 44
760 3603 821 3645 Cf.
852 3607 944 3646 not.
967 3609 1035 3646 43.
1184 3609 1236 3645 45
1277 3605 1474 3657 Pedites;
1519 3604 1626 3646 alibi
1664 3615 1846 3657 semper
1878 3603 2020 3651 ἱππεῖς
2049 3604 2123 3645 καὶ

137 3668 258 3718 πεζοί
286 3674 628 3727 coniunguntur
658 3675 714 3727 (v.
740 3678 808 3716 35.
840 3678 907 3718 49.
941 3681 1007 3718 59.
1039 3680 1107 3718 74.
1137 3678 1219 3728 92).
