2314 3970
62 249 130 302 59]
480 247 762 288 Ptolemaeus
794 247 852 288 111
884 247 1127 300 Euergetes
1161 248 1395 300 (zu—22⁴
1426 259 1463 289 a.
1486 246 1617 300 Chr.).
1943 250 2044 301 113

205 419 293 490 τὴν
333 420 618 490 ἐπιστολήν,
658 422 709 473 ἐν
748 420 806 490 ἧι
841 418 928 473 καὶ
964 424 1051 474 τοῦ
1090 421 1323 481 δοθέντος
1353 420 1359 492 Ι
1390 421 1741 491 ὑπὸμνήματος
1778 417 1918 491 παρὰ
1947 424 2045 472 τῶν

153 519 178 560 5
210 508 261 559 ἐν
301 504 469 576 Θήραι
504 506 837 578 τασΙΙσομένων
879 510 1191 578 στρατιωτῶν
1237 506 1291 560 τὸ
1341 506 1656 578 ἀντίγραΙφον
1704 504 2045 578 ὑπετετάχεις,

205 590 292 645 καὶ
339 590 573 663 καθάπερ
617 594 785 664 ἠξίουν
837 593 842 664 Ι
890 592 1301 665 προστετάχαμεν
1348 593 1575 664 Διογένει
1610 596 1703 647 τῶι
1748 595 2048 664 διοικηΙτῆι3

210 681 385 732 δοῦναι
424 679 594 739 αὐτοῖς
632 677 696 733 τὰ
738 681 1080 750 ἀνειλημμένα
1119 678 1210 732 ὑπὸ
1243 680 1247 750 Ι
1278 683 1364 733 τοῦ
1391 681 1688 750 οἰκονόμοο4
1726 681 1796 740 εἰς
1821 679 1875 733 τὸ
1904 681 2047 751 βασι-

128 779 179 820 10
209 763 347 819 λικὸν
399 766 583 837 χωρία,
634 765 650 838 ΙΙ
700 765 754 819 τὸ
805 765 1155 838 Τεισαγόρειον
1203 765 1289 819 καὶ
1334 765 1387 819 τὸ
1438 764 1738 837 Καρκίνειον
1786 766 1877 820 καὶ
1927 766 1932 838 Ι
1982 762 2046 818 τὰ

207 852 496 922 καλούμενα
531 851 941 925 Καλλιστράτεια
977 852 1064 906 καὶ
1103 854 1136 906 ἃ
1175 851 1284 924 εἶχε
1313 852 1319 923 Ι
1351 851 1681 923 Τιμακρίταὸ,
1723 849 1816 924 ἀφ’
1861 856 1929 906 ὧν
1954 850 2046 913 τὰς

63 1046 198 1096 atque
234 1044 350 1083 inter
390 1043 490 1084 illos
523 1043 708 1095 quidem
738 1043 817 1096 qui
848 1043 1050 1096 primum
1079 1043 1230 1084 locum
1262 1042 1425 1095 teneat,
1457 1041 1749 1095 Apollonium
1784 1041 1971 1084 Coerani
2004 1043 2046 1096 f.,

62 1116 203 1157 totius
233 1115 445 1168 praesidii
476 1115 767 1168 praefectum.
828 1115 896 1156 Ad
936 1115 1129 1156 eundem
1161 1115 1277 1156 hanc
1316 1115 1434 1166 regis
1474 1114 1715 1167 epistulam
1757 1114 1908 1155 datam
1948 1125 2048 1155 esse

63 1188 291 1229 existimat
330 1187 479 1240 Hiller,
522 1189 644 1229 recte
682 1188 720 1228 si
758 1187 868 1240 quid
907 1187 1054 1229 video.
1114 1186 1230 1228 Nam
1269 1187 1393 1240 quod
1423 1186 1733 1228 Haussoullier
1763 1186 1885 1239 dicit,
1928 1186 2046 1227 eius-

63 1259 184 1302 modi
215 1259 492 1313 praefectum
523 1260 777 1301 humilioris
809 1259 1086 1301 condicionis
1125 1260 1355 1301 hominem
1394 1270 1493 1301 esse
1532 1271 1669 1312 quam
1708 1260 1761 1300 ut
1798 1270 1951 1311 regem
1991 1259 2046 1300 ad

63 1343 165 1373 eum
196 1331 369 1373 litteras
400 1332 577 1373 dedisse
609 1332 823 1373 credibile
854 1333 925 1385 sit,
957 1331 1152 1386 probare
1184 1343 1373 1386 nequeo,
1414 1332 1639 1384 siquidem
1679 1331 1874 1385 epistula
1905 1332 2047 1372 mani-

63 1404 174 1446 festo
207 1404 263 1446 ad
294 1415 366 1446 res
398 1406 443 1445 et
473 1404 785 1446 condicionem
818 1405 1015 1446 militum
1046 1405 1125 1458 qui
1156 1405 1325 1446 Therae
1362 1405 1570 1446 collocati
1602 1408 1730 1445 erant
1767 1405 1955 1458 spectat,
1997 1405 2049 1444 ut

51 1477 177 1519 ‚inter
206 1487 366 1518 eorum
395 1476 676 1530 praefectum
707 1479 752 1517 et
783 1488 935 1529 regem
967 1477 1023 1518 de
1063 1488 1116 1519 ea
1147 1479 1300 1519 actum
1331 1487 1431 1518 esse
1472 1477 1539 1517 rei
1570 1478 1758 1518 naturae
1788 1487 2046 1518 accommo-

63 1548 216 1591 datum
262 1549 332 1591 sit.
394 1549 552 1602 Utique
595 1544 878 1596 Ἀπολλώνιος
925 1545 1132 1606 Σωσιβίου
1181 1546 1370 1605 Θηραῖος
1414 1547 1586 1605 ἡγεμὼν
1632 1555 1715 1591 τῶν
1763 1547 1843 1598 ἔξω
1889 1546 2047 1596 τάξεων

63 1621 118 1672 (n.
143 1625 208 1675 69,
232 1622 284 1674 2),
318 1622 372 1663 de
402 1633 493 1675 quo
526 1622 575 1663 H.
607 1623 786 1674 cogitat,
818 1622 893 1663 hic
922 1622 967 1662 in
999 1633 1186 1663 censum
1208 1634 1298 1664 non
1326 1622 1462 1675 venit,
1494 1634 1597 1662 nam
1631 1623 1728 1662 eius
1761 1621 1959 1663 officium
1993 1622 2049 1662 ad

63 1694 195 1735 aliam
226 1694 357 1747 plane
387 1695 616 1746 regionem
649 1696 835 1747 spectat,
868 1705 1014 1747 neque
1045 1695 1148 1736 inde
1179 1695 1305 1747 quod
1337 1695 1563 1735 Theraeus
1597 1695 1768 1746 origine
1799 1695 1896 1734 erat
1927 1695 2048 1734 recte

62 1766 244 1818 colligas
275 1777 378 1806 eum
421 1777 526 1807 cum
557 1766 676 1820 apud
715 1777 867 1818 regem
906 1767 1121 1808 militaret
1160 1768 1407 1820 quicquam
1446 1766 1791 1807 necessitudinis
1834 1765 2048 1806 habuisse

62 1849 168 1889 cum
197 1839 368 1891 patriae
398 1838 570 1879 insulae
601 1838 751 1879 rebus.
901 1842 923 1879 3
967 1839 1027 1880 Cf.
1062 1839 1108 1880 G.
1131 1839 1387 1880 Lumbroso
1420 1839 1702 1879 Recherches
1734 1849 1814 1879 sur
1835 1838 1929 1879 Pec.
1954 1838 2046 1891 pol.

61 1921 103 1964 p.
129 1913 210 1951 339
229 1921 294 1963 sq.
344 1911 389 1951 U.
419 1909 623 1951 Wilcken
663 1911 733 1952 Gr.
767 1911 956 1952 Ostraka
987 1913 1004 1951 1
1036 1923 1077 1964 p.
1105 1914 1198 1952 493.
1258 1912 1301 1952 P.
1325 1912 1491 1964 Meyer,
1530 1912 1620 1952 Das
1658 1911 1926 1952 Heerwesen
1969 1911 2049 1951 der

62 1982 311 2023 Ptolemaei·
340 1983 386 2023 in
416 1983 650 2036 Aegypten
681 1994 723 2036 p.
751 1986 792 2022 34
833 1985 926 2024 not.
951 1987 1047 2024 ⁴09.
1086 1994 1129 2037 p.
1155 1987 1205 2024 54
1240 1986 1331 2025 not.
1355 1987 1451 2024 49⁴.
1504 1984 1634 2024 Omni
1666 1995 1747 2037 per
1768 1985 1916 2025 totum
1950 1994 2048 2035 reg-

62 2065 170 2096 num
201 2055 498 2107 pecuniarum
528 2054 815 2108 publicarum
847 2056 1227 2096 administrationi
1257 2068 1401 2097 unum
1429 2056 1658 2097 hominem
1683 2056 1931 2108 praefuisse
1962 2056 2050 2097 hoc

51 2127 242 2174 ,nomine
273 2127 548 2180 appellatum
581 2138 686 2168 cum
718 2128 874 2168 Cicero
905 2130 1099 2169 testatur
1129 2140 1211 2181 pro
1243 2128 1426 2170 Rabirio
1462 2129 1675 2169 Postumo
1709 2132 1776 2180 40,
1802 2132 1878 2169 28:
1921 2124 2048 2170 Nam

63 2199 112 2240 ut
139 2200 318 2240 ventwm
349 2201 412 2240 est
430 2196 775 2253 Alexandriam,
806 2197 992 2253 iudices,
1024 2198 1132 2243 haec
1153 2212 1252 2242 ana
1270 2198 1391 2242 ratio
1411 2213 1442 2242 a
1461 2213 1560 2255 reye
1573 2197 1811 2254 proposita
1830 2197 2048 2242 Postumo

62 2273 124 2313 est
151 2269 394 2313 servandae
417 2270 653 2326 pecuniae,
684 2270 731 2314 si
758 2269 1042 2315 curationem
1072 2275 1111 2315 et
1133 2270 1272 2327 quasi
1289 2270 1673 2327 dispensationem
1693 2269 1871 2326 regiam
1899 2284 2046 2314 susee-

56 2340 206 2398 pisset.
266 2340 320 2385 Id
353 2346 504 2385 autem
541 2342 690 2397 faeere
730 2357 827 2386 non
858 2347 1047 2399 poterat,
1093 2343 1196 2387 nisi
1230 2343 1439 2387 dioecetes
1475 2367 1532 2374 -
1572 2343 1653 2386 hoe
1697 2342 1823 2386 enim
1859 2342 2048 2386 nomine

58 2413 207 2458 utitur
225 2413 307 2470 qui
333 2428 386 2458 ea
414 2414 530 2471 reyit
547 2439 606 2447 -—
625 2419 735 2459 esset
758 2415 1037 2470 constitutus,
1069 2419 1168 2457 tum
1190 2417 1458 2458 confirmant
1479 2417 1611 2470 tituli,
1643 2419 1822 2470 papyri,
1855 2418 2044 2458 ostraca.

0 2437 4 2525 Ι
55 2487 267 2541 Droysen
297 2488 361 2529 Kl.
384 2489 506 2530 Schr.
538 2490 576 2529 ΙΙ
607 2500 650 2542 p.
676 2492 752 2529 397
789 2501 879 2530 non
909 2501 1053 2530 unum
1084 2490 1329 2542 hominem,
1372 2489 1451 2530 sed
1482 2489 1721 2540 collegium
1762 2493 1848 2529 τῶν
1880 2494 2044 2543 ταμιῶν

62 2557 134 2602 καὶ
165 2559 388 2615 διοικητῶν
421 2571 654 2602 summum
675 2562 874 2614 regimen
899 2561 1299 2603 administrationis
1327 2561 1615 2615 pecuniariae
1637 2560 1851 2601 habuisse
1873 2561 2046 2603 statuit.

60 2631 147 2673 ,Sed
177 2643 232 2673 ex
262 2633 533 2674 testimoniis
564 2633 732 2686 quibus
763 2635 921 2687 utitur,
963 2634 1190 2676 Ciceronis
1222 2634 1405 2687 quidem
1439 2634 1581 2686 locus,
1622 2645 1759 2686 quem
1792 2644 1933 2686 supra
1970 2645 2046 2674 ex-

65 2704 342 2758 scripsimus,
373 2705 609 2747 manifesto
639 2707 918 2748 contrarium
943 2706 1120 2760 probat,
1159 2706 1314 2759 Polyb.
1329 2706 1587 2759 XXV11‚⁴3,
1607 2709 1629 2744 2
1665 2702 1912 2760 αἰτούμενος
1941 2703 2046 2746 πολ-

10 2785 15 2831 Ι
62 2772 185 2823 ’λάκις
206 2775 288 2818 ὑπὸ
308 2782 392 2819 τῶν
417 2776 646 2833 βασιλικῶν
669 2777 892 2835 διοικητῶν
915 2779 1286 2820 commodissime
1303 2779 1359 2820 ad
1376 2789 1454 2820 eos
1471 2779 1549 2831 qui
1568 2778 1779 2830 deinceps
1796 2778 1871 2819 illo
1896 2777 2044 2819 officio

14 2897 15 2901 Ἰ
66 2846 202 2890 functi
233 2851 339 2891 sunt
368 2849 573 2904 refertur,
605 2851 767 2904 reliqui
788 2863 897 2893 vero
919 2852 1006 2893 loci
1037 2863 1183 2904 neque
1214 2852 1350 2892 huius
1373 2853 1664 2903 magistratus
1696 2851 2045 2903 appellationem

15 2921 22 2966 l
67 2918 230 2962 habent
265 2933 410 2975 neque
448 2924 693 2976 quicquam
734 2924 919 2965 omnino
966 2924 1092 2976 quod
1129 2925 1230 2965 iure
1278 2924 1335 2964 ad
1373 2934 1475 2968 eum
1520 2923 1751 2964 referatur.
1813 2922 1863 2963 Id
1900 2933 2043 2962 unum

16 2991 22 3036 Ι
58 2983 318 3047 ‘'ambigitur,
347 2997 503 3036 utrum
534 2997 713 3048 praeter
743 2996 865 3037 hunc
893 2997 1029 3037 etiam
1059 2996 1293 3039 inferiores
1324 2996 1510 3049 quidam
1533 2996 1824 3047 magistratus
1847 3006 2042 3046 quorum

20 3062 24 3100 Ι
65 3062 260 3118 ‚officium
291 3066 347 3107 ad
377 3068 529 3119 partes
559 3068 685 3120 regni
716 3070 951 3121 spectaret,
970 3069 1130 3110 eodem
1163 3068 1385 3110 vocabulo
1417 3067 1653 3120 significati
1685 3068 1786 3119 sint,
1827 3077 1943 3118 quae
1974 3069 2044 3106 est

22 3124 29 3165 Ι
67 3133 299 3179 Wilckenii
345 3140 577 3192 sententia,
620 3151 677 3181 an
727 3140 900 3193 ubique
941 3140 1157 3196 διοικητὴς
1203 3141 1333 3181 illum
1373 3151 1607 3181 summum
1640 3138 2043 3180 administrationis

25 3218 29 3254 ς
69 3208 340 3259 praefectum
373 3211 602 3263 significet,
635 3214 686 3252 ut
717 3213 946 3254 existimat
975 3215 1199 3266 Meyerus‚
1231 3214 1362 3254 cuius
1395 3213 1547 3265 opinio
1580 3211 1690 3251 mihi
1722 3210 1905 3262 quidem
1939 3221 2043 3262 pro-

27 3272 34 3320 Ι
66 3277 258 3334 habilior
293 3282 485 3324 videtur.
554 3283 638 3324 Sed
684 3285 757 3324 hic
802 3285 986 3338 quidem
1034 3285 1162 3326 illum
1207 3286 1348 3325 totius
1393 3285 1517 3335 regni
1557 3283 1806 3323 dioecetam
1848 3282 2043 3334 intellegi

72 3361 223 3401 omnes
253 3356 552 3396 consentiunt.
699 3358 722 3397 4
764 3356 823 3412 Cf.
858 3369 897 3398 n.
922 3356 1013 3398 893.
1037 3357 1160 3398 4029.
1221 3357 1320 3398 Non
1353 3357 1642 3408 quaestorem
1675 3353 1930 3406 militarem,
1964 3354 2043 3395 sed

71 3424 339 3476 praefectum
364 3427 763 3469 administrationis
784 3431 1070 3482 pecuniariae
1091 3441 1172 3483 per
1193 3429 1388 3470 insulam
1406 3428 1610 3478 Theram‚
1633 3426 1891 3467 subiectum
1914 3426 2040 3468 illum

35 3503 38 3538 ἓ
69 3495 249 3546 ,quidem
280 3499 505 3540 dioecetae
536 3501 658 3552 regio
698 3501 801 3552 (not.
833 3502 884 3554 3),
922 3503 996 3543 hic
1034 3502 1121 3542 dici
1160 3502 1304 3554 ipsius
1346 3500 1511 3551 negotii
1552 3498 1795 3550 descriptio
1835 3499 2041 3539 luculen-

37 3580 43 3674 Ι
71 3565 241 3623 tissime
272 3570 560 3613 demonstrat.
709 3577 731 3613 5
772 3574 914 3615 Fundi
946 3586 971 3615 a
1002 3575 1204 3627 priorum
1239 3572 1527 3613 dominorum
1550 3570 1814 3611 nominibus
1846 3571 2040 3624 appella-

42 3679 43 3683 ,
73 3637 240 3680 tionem
271 3646 541 3696 acceperunt
571 3644 819 3685 secundum
852 3646 1229 3686 consuetudinem
1261 3643 1383 3696 apud
1405 3644 1614 3694 antiquos
1646 3641 1865 3683 latissime
1886 3644 2041 3695 paten-

43 3730 47 3743 ·
72 3709 184 3765 tem3
215 3714 399 3756 eandem
430 3716 567 3768 igitur
597 3717 690 3757 vim
722 3717 833 3758 haec
863 3718 1083 3758 adiectiva
1110 3717 1278 3757 habent
1309 3727 1360 3757 ac
1382 3715 1590 3768 proxima
1619 3712 1646 3754 ἃ
1677 3711 1766 3772 εἶχε
1789 3711 2040 3770 Τιμακρίτα,

45 3792 49 3845 Ι
155 3792 504 3843 Dittenberger‚
528 3799 685 3834 Orientis
709 3799 767 3833 Gr.
789 3800 895 3833 inser.
932 3801 960 3833 Ι.
1671 3805 1693 3840 8

3 2568 14 2758 ’.ψ-«φρ
