2314 3970
232 167 335 220 392
870 168 939 208 IV.
986 169 1183 219 Regnum
1218 167 1565 209 Seleucidarum.
2047 169 2202 221 [238.ρ

375 338 438 393 Οἱ
483 341 534 393 ἐν
581 343 666 408 τῆι
701 338 813 409 περὶ
838 331 1088 408 ’ΈριζανῙ
1129 337 1404 410 ὑπαρχίαι2
1445 339 1451 409 Ι
1492 340 1793 410 φυλακῖται3
1833 339 1918 393 καὶ
1957 341 2004 392 οἱ
2041 361 2207 394 κατοι-

374 428 604 485 κοδντες4
645 425 650 495 Ι
692 426 745 477 ἐν
786 423 1132 483 Μοξοοπόλει5
1168 424 1254 478 καὶ
1291 423 1562 495 Κριθίνηιθ
1602 426 1607 496 Ι
1650 425 2067 497 Μην(ό)ὃ(ω)ρον7
2106 427 2208 497 Ζή-

345 601 537 642 Litterae
587 600 793 652 volgares
846 600 1025 652 praeter
1075 600 1217 651 ΑΘΣ;
1278 599 1498 640 notabiles
1556 602 1833 654 antiquiores
1885 602 2056 643 formae
2106 604 2206 645 ΙΞΕ.

233 676 248 711 4
295 671 355 713 Cf.
388 672 481 713 Liv.
502 671 742 724 XXXVIII,
767 674 835 724 44,
859 675 896 712 4;
940 668 1083 713 Tertio
1114 668 1220 713 mole
1259 671 1299 722 (i.
1322 683 1359 712 e.
1393 684 1418 712 a
1449 672 1594 724 Tabis)
1634 671 1706 716 die
1734 673 1796 716 ad
1830 672 1998 717 Casum
2026 686 2210 717 wnmem

223 746 510 798 perventum;
543 741 649 787 &nde
671 741 868 798 profecti
895 741 1094 786 Ervhwm
1122 742 1279 786 urbem
1302 741 1460 798 primo
1489 742 1664 800 impetu
1691 749 1900 802 ceperwnt
1922 778 1931 788 .
1953 746 2016 789 ad
2037 744 2209 789 mabu-

228 813 332 858 sion
375 814 606 859 castellwm
649 813 902 858 imminens
945 813 1140 870 flmnini
1174 812 1286 857 Indo
1330 818 1510 858 ventwm
1549 819 1623 859 est.
1685 818 1750 859 Ex
1791 831 1880 872 qua
1920 820 2094 861 itineris
2135 820 2211 860 de-

230 889 476 941 scriptione
508 889 555 930 G.
581 887 748 931 Cousin
787 890 832 929 et
870 889 947 929 Ch.
969 888 1097 929 Diehl
1128 888 1305 929 Erizam
1336 900 1478 942 prope
1509 890 1779 932 hodiernum
1811 888 2213 947 Kamasyuk-Baxar

230 961 364 1001 sitam
410 960 550 1002 fuisse
595 961 886 1013 collegerunt,
932 960 978 1001 id
1020 960 1144 1013 quod
1189 961 1276 1001 hoc
1320 961 1452 1002 titulo
1499 962 1852 1015 comprobatum
1900 965 1981 1004 est.
2030 964 2211 1006 Berard.

229 1033 463 1074 Praeterea
493 1033 548 1074 cf.
571 1033 679 1074 Plin.
701 1033 753 1075 N.
771 1033 814 1073 h.
833 1033 886 1086 X,
907 1035 1012 1073 424:
1044 1029 1099 1073 in
1118 1029 1326 1075 Erizena
1343 1030 1524 1087 reqione
1542 1030 1696 1076 Asiae.
1747 1035 2030 1077 Ptolemaeus
2054 1037 2211 1088 Geogr.

228 1105 280 1157 V,
303 1108 342 1159 2,
366 1108 417 1146 45
451 1105 507 1158 (p.
534 1108 629 1158 825,
653 1108 676 1147 8
709 1105 882 1157 Miiller)
914 1106 1019 1158 post
1049 1106 1338 1146 enumeratas
1370 1105 1524 1147 Cariae
1554 1105 1713 1147 urbes:
1754 1105 1827 1147 καὶ
1857 1105 1995 1164 δῆμος
2024 1106 2128 1163 πρὸς
2158 1107 2212 1165 τῇ

228 1173 392 1234 Φρυγίᾳ
419 1170 633 1233 Ἐριζηνοί
672 1171 908 1233 (Ἐριζηλοι
946 1176 1104 1228 codd).
1167 1177 1397 1218 Hierocles
1435 1178 1624 1230 Synecd.
1664 1190 1708 1231 p.
1732 1182 1832 1220 689:
1885 1175 2213 1234 Σεβαστόπολις,

221 1242 375 1302 Ἰασός,
389 1239 578 1308 Ἕρεζος,
601 1244 989 1307 Μαρκιανούπολις.
1032 1249 1179 1290 Etiam
1199 1260 1414 1291 nummos
1435 1252 1613 1292 exstare
1634 1261 1740 1291 cum
1759 1251 1892 1292 titulo
1918 1245 2137 1307 Ἐριζηνοί
2156 1274 2214 1281 —

228 1315 350 1367 Κοίος
390 1320 586 1375 (fluvius,
628 1322 707 1374 qui
749 1321 872 1374 apud
911 1321 1090 1362 Livium
1122 1321 1148 1361 l.
1180 1322 1206 1362 l.
1247 1318 1390 1364 Casus
1427 1322 1510 1374 est)
1552 1323 1733 1364 monuit
1770 1323 2013 1365 Ptolemaei
2053 1324 2212 1365 editor.

230 1393 462 1435 Coloniam
494 1393 551 1434 ab
581 1392 806 1435 Antiocho
837 1394 876 1433 Il
906 1393 999 1434 Deo
1033 1393 1273 1445 (zei-246
1302 1406 1339 1435 a.
1363 1394 1479 1447 Chr.)
1514 1396 1702 1448 propter
1732 1395 1918 1450 bellum,
1948 1397 2072 1449 quod
2107 1407 2213 1437 cum

229 1465 414 1518 regibus
435 1466 722 1518 Pergamenis
744 1465 943 1519 gerebat,
966 1465 1195 1507 conditam
1216 1467 1479 1520 suspicatur
1499 1467 1726 1509 Schulten.
1859 1472 1883 1508 2
1915 1468 2038 1511 Hanc
2053 1479 2214 1511 vocem

227 1537 349 1579 idem
382 1548 434 1578 ac
465 1535 717 1595 σατραπείαν
756 1539 802 1578 et
831 1538 991 1590 postea
1029 1537 1151 1590 apud
1181 1538 1408 1580 Romanos
1447 1536 1675 1597 ἐπαρχείαν
1707 1539 1960 1593 significare
1990 1541 2215 1583 Berardus

229 1610 396 1664 aliique
437 1610 608 1663 opinati
646 1611 764 1651 sunt.
826 1609 912 1651 Sed
952 1620 1059 1651 cum
1100 1621 1156 1651 ex
1195 1621 1236 1651 n.
1259 1614 1356 1663 225,
1388 1614 1438 1651 36
1482 1613 1711 1666 appareat,
1751 1609 1967 1671 ὑπάρχους
2004 1613 2215 1655 subditos

229 1693 329 1724 esse
359 1682 644 1736 praesidibus
677 1682 983 1735 satrapiarum
1016 1681 1082 1734 (cf.
1106 1682 1197 1723 illic
1226 1684 1319 1724 not.
1344 1682 1426 1736 34),
1458 1684 1668 1737 sequitur
1690 1686 1744 1725 ut
1774 1683 2025 1743 σατραπείαν
2056 1697 2215 1739 quam·

230 1766 319 1808 que
349 1756 396 1796 in
424 1755 579 1808 plures
612 1751 820 1813 ὑπαρχίας
852 1754 1047 1796 divisam
1066 1754 1206 1796 fuisse
1227 1756 1496 1798 statuamus.
1547 1756 1612 1798 Ac
1641 1768 1863 1810 perquam
1885 1759 2015 1799 acute
2045 1759 2091 1799 et
2111 1769 2215 1811 pro-

230 1827 443 1870 babiliter
471 1827 665 1881 Appiani
687 1829 785 1881 Syr.
811 1831 863 1868 62
896 1829 1202 1869 narrationem
1225 1827 1279 1869 de
1301 1829 1495 1882 imperio
1517 1829 1691 1871 Seleuci
1710 1829 1939 1871 Nicatoris
1969 1831 2015 1871 in
2035 1833 2216 1884 septua-

230 1901 354 1953 ginta
393 1899 507 1942 duas
548 1900 770 1953 satrapias
812 1900 958 1941 diviso
998 1911 1046 1941 re
1084 1910 1193 1941 vera
1236 1900 1293 1941 ad
1332 1902 1688 1954 hyparchiarum
1730 1913 1973 1944 numerum
2011 1905 2217 1957 spectare

231 1973 425 2014 coniecit
453 1972 661 2013 Kochler.
723 1971 854 2020 Quod
885 1982 995 2012 vero
1028 1973 1116 2013 hoc
1153 1973 1415 2014 institutum
1446 1973 1784 2016 Seleucidarum
1815 1976 1941 2027 regni
1977 1977 2216 2029 proprium

230 2044 304 2085 hic
333 2045 603 2097 invenimus,
642 2043 690 2085 id
721 2044 1028 2085 certissimum
1059 2045 1379 2097 argumentum
1410 2047 1493 2099 est,
1532 2058 1558 2087 a
1588 2046 1843 2100 Schulteno‚
1873 2046 2041 2100 Niesio‚
2074 2048 2216 2090 Haus-

230 2116 447 2159 soulliero
471 2118 594 2158 recte
614 2115 792 2158 Erizam
813 2117 949 2158 huius
981 2116 1101 2158 tituli
1130 2118 1340 2170 tempore
1361 2117 1605 2159 Seleucidis
1631 2118 1832 2172 attribui,
1865 2131 1971 2161 cum
1991 2121 2216 2163 Berardus'

230 2190 276 2229 et
304 2187 560 2242 Mahaffyus
592 2189 955 2230 Ptolemaeorum
987 2189 1140 2242 potius
1178 2189 1317 2231 fuisse
1348 2191 1561 2231 statuant.
1622 2191 1802 2232 Etenim
1842 2191 1898 2232 de
1935 2194 2061 2245 regni
2091 2194 2217 2246 Lagi-

232 2261 396 2303 darum
427 2262 638 2315 satrapiis
670 2263 715 2302 et
745 2261 1008 2314 hyparchiis
1039 2261 1150 2302 nihil
1180 2271 1377 2314 usquam
1406 2262 1583 2316 legitur,
1622 2274 1770 2316 neque
1806 2275 1968 2305 eorum
1998 2277 2115 2318 quae
2151 2266 2217 2306 illi

229 2334 278 2375 in
306 2332 439 2376 Asiae
470 2334 562 2375 oris
603 2335 648 2375 et
678 2334 817 2375 maris
846 2333 1010 2387 Aegaei
1039 2334 1199 2375 insulis
1229 2333 1443 2376 tenebant
1473 2335 1588 2376 situs
1619 2336 1665 2376 et
1694 2335 1902 2378 condicio
1933 2348 1986 2379 ea
2014 2339 2124 2391 erat,
2165 2341 2218 2380 ut

230 2406 343 2449 tales
373 2406 633 2460 provincias
664 2406 803 2448 fuisse
834 2405 1048 2448 credibile
1080 2407 1150 2448 sit.
1213 2406 1274 2448 Cf.
1306 2407 1443 2449 etiam
1474 2409 1565 2450 not.
1590 2411 1628 2449 3.
1688 2407 1886 2463 Accedit,
1923 2410 2047 2462 quod
2077 2410 2216 2453 Caba-

229 2478 321 2521 lida
357 2479 588 2532 regionem
618 2479 994 2520 mediterraneam
1030 2479 1149 2520 inter
1179 2478 1354 2520 Cariam
1385 2480 1719 2534 Phrygiamque
1758 2482 1894 2523 sitam
1929 2494 2133 2536 unquam
2170 2485 2216 2524 in

232 2551 597 2594 Ptolemaeorum
643 2551 820 2594 dicione
864 2551 1003 2593 fuisse
1047 2563 1196 2605 neque
1240 2562 1438 2606 usquam
1476 2553 1672 2594 traditur
1715 2565 1864 2608 neque
1902 2565 1984 2608 per
2033 2566 2082 2597 se
2120 2557 2216 2597 veri

232 2624 379 2665 simile
409 2626 491 2678 est,
522 2624 570 2666 id
600 2624 724 2678 quod
755 2625 908 2678 ipsum
938 2624 1189 2668 Berardum
1221 2636 1312 2666 non
1342 2623 1468 2678 fugit.
1618 2628 1640 2664 3
1681 2626 1746 2667 De
1775 2627 2019 2681 phylacitis
2038 2627 2216 2682 Aegyp-

232 2696 308 2737 tiis
339 2695 393 2738 cf.
425 2708 467 2737 n.
491 2700 542 2737 85
554 2695 584 2738 3.
636 2696 761 2738 Idem
793 2707 934 2749 genus
965 2697 1210 2739 custodum
1241 2697 1498 2739 securitatis
1528 2697 1739 2752 publicae
1779 2700 1916 2741 etiam
1945 2701 1993 2742 in
2023 2700 2216 2742 Seleuci-

235 2768 395 2810 darum
428 2780 565 2822 regno
597 2768 736 2811 fuisse
774 2770 896 2810 certe
927 2769 1071 2810 multo
1111 2770 1262 2810 minus
1300 2769 1605 2824 improbabile
1642 2772 1725 2824 est,
1766 2783 1905 2825 quam
1935 2772 2215 2815 Ptolemaeos

234 2852 423 2894 regnum
454 2852 536 2894 per
571 2841 846 2894 hyparchias
877 2841 1086 2883 divisisse
1117 2841 1223 2894 (not.
1245 2841 1300 2894 2),
1339 2842 1424 2883 etsi
1461 2843 1550 2884 hoc
1586 2843 1771 2896 quidem
1807 2855 1951 2886 unum
1993 2847 2215 2899 quantum

234 2913 367 2954 video
398 2913 446 2954 in
475 2922 613 2955 causa
652 2912 749 2966 fuit,
790 2923 872 2953 cur
911 2913 1023 2954 haec
1060 2912 1146 2954 sub
1178 2913 1448 2966 Lagidarum
1487 2914 1794 2957 dominatione
1831 2917 2036 2958 nonnulli
2074 2918 2216 2959 incisa

235 2986 436 3027 statuere
479 2985 676 3027 mallent.
859 2986 880 3024 4
930 2984 1047 3026 Cum
1090 2982 1302 3028 κατοίκων
1351 2984 1513 3028 ἱππέων
1562 2988 1610 3028 in
1657 2987 1864 3042 Aegypto
1917 2990 2215 3042 appellatione

236 3058 293 3110 (n.
316 3056 439 3110 4285)
470 3057 558 3099 hoc
587 3056 778 3099 contulit
805 3057 986 3111 Berard,
1017 3058 1289 3110 negavitque
1319 3059 1587 3112 simpliciter
1614 3060 1785 3102 incolas
1816 3060 2078 3114 significari3
2109 3073 2214 3103 nam
2304 3047 2305 3074 ³

237 3141 333 3183 cur,
365 3129 404 3170 si
434 3129 563 3171 aliter
593 3140 667 3171 res
694 3139 743 3170 se
771 3128 971 3182 haberet,
1002 3141 1092 3170 non
1122 3130 1390 3183 simpliciter
1418 3126 1716 3179 Μοξοπολίτας
1748 3131 1994 3186 appellari?
2042 3132 2098 3174 At
2128 3133 2215 3175 hoc

237 3201 366 3242 facile
396 3201 648 3255 expeditur,
687 3201 936 3243 dummodo
974 3202 1228 3243 statuamus
1258 3198 1535 3251 Μοξοῦπολιν
1567 3205 1612 3245 et
1641 3199 1850 3261 Κριθίνην
1888 3217 1980 3247 non
2008 3207 2214 3247 civitates
2301 3252 2303 3259 A

237 3273 389 3326 fuisse,
432 3273 511 3314 sed
550 3273 701 3328 κώμας
738 3273 888 3326 modo,
927 3284 1043 3326 quae
1082 3273 1204 3315 haud
1240 3286 1343 3316 raro
1373 3286 1490 3317 voce
1529 3275 1747 3318 latissime
1784 3277 1967 3330 patente
2002 3275 2215 3319 κατοικίαι
2302 3278 2303 3314 ἐ

238 3346 472 3386 vocantur.
533 3344 662 3393 Quod
693 3346 806 3387 alter
833 3345 959 3388 locus
990 3345 1173 3387 nomine
1213 3357 1318 3387 cum
1356 3345 1480 3394 πόλις
1511 3350 1764 3402 composito
1798 3349 1957 3401 utitur,
1994 3349 2102 3391 huic
2137 3361 2213 3391 ex-

238 3416 470 3469 plicationi
502 3418 688 3459 minime
721 3417 883 3459 obstat.
944 3417 1006 3459 Cf.
1036 3417 1238 3471 Thucyd.
1259 3419 1317 3459 III
1339 3422 1436 3474 404,
1460 3423 1506 3461 2:
1546 3419 1619 3462 καὶ
1651 3413 1784 3463 Ὑαῖοι
1815 3418 1892 3462 οὐκ
1923 3418 2073 3463 ἔδοσαν
2106 3419 2213 3477 ὁμή-
2300 3432 2301 3436 ’

240 3501 339 3544 ρους
369 3486 464 3545 πρὶν
494 3487 635 3532 αὐτῶν
666 3487 781 3532 εἷλον
811 3490 965 3555 κῴμην
987 3486 1120 3533 Πόλιν
1150 3486 1287 3546 ὄνομα
1317 3488 1513 3550 ἔχουσαν.
1563 3492 1817 3547 Xenophon
1834 3491 2056 3547 Anab.V1,
2074 3497 2112 3547 6,
2137 3496 2210 3534 38:

238 3556 312 3601 καὶ
334 3557 536 3616 ἀφίκοντο
561 3558 724 3604 ἑκταῖοι
749 3559 810 3609 εἰς
825 3559 1093 3618 Χρυσόπολιν
1108 3563 1187 3619 τῆς
1203 3556 1517 3620 Καλχηδονίας.
1549 3565 1692 3606 Greek
1713 3564 1876 3619 papyri
1890 3565 1936 3606 in
1954 3565 2031 3606 the
2045 3566 2211 3607 British

239 3630 445 3673 Museum
462 3634 499 3673 11
515 3644 559 3686 p.
573 3637 626 3675 95
642 3646 683 3676 n.
697 3634 966 3688 CLXXX‚⁴8
987 3634 1139 3691 κώμης
1158 3629 1501 3683 Νειλουπόλεως.
1540 3640 1677 3689 Ρ.481ι
1709 3636 2208 3691 n.CCLXXXV1,⁴4.⁴5
2299 3657 2314 3679 ι·
