2314 3970
243 181 347 231 476
718 231 726 239 ·
912 178 963 218 V.
1011 178 1209 228 Regnum
1242 176 1552 218 Attalidarum.
2062 177 2218 229 [306-

552 347 839 419 [Βασιλεὺς]
876 346 1140 420 Εὐμένηςῖ
1180 346 1186 419 Ι
1228 348 1365 408 θεοῖς
1403 350 1526 401 πᾶσι
1563 347 1650 401 καὶ
1684 346 1918 409 πάσαιςῖ.

355 513 545 552 Litterae
576 510 784 562 volgares
815 509 995 562 praeter
1023 509 1124 550 ΠΣ.
1186 508 1424 556 Extremae
1456 509 1610 550 hastae
1640 508 1814 550 lineolis
1844 508 2114 549 transversis
2147 518 2219 548 or-

242 586 381 626 natae.
443 584 762 623 Litteraturam
795 582 926 634 plane
957 580 1146 622 eandem
1178 591 1277 622 esse
1308 582 1444 633 atque
1474 582 1520 621 in
1553 582 1782 633 gigantum
1823 579 2084 622 nominibus
2115 580 2220 620 arti-

240 657 467 708 ficumque
505 655 760 708 signaturis,
806 665 922 707 quae
972 654 1018 694 in
1060 665 1137 694 ara
1175 653 1373 694 maxima
1404 653 1622 706 legantur,
1669 653 1929 695 Frankelius
1969 653 2096 693 testis
2138 654 2219 693 est.

241 733 255 768 4
297 728 520 768 Eumenes
541 727 577 767 II
599 727 629 779 (4
643 729 839 783 97-ὴ459
864 739 900 767 a.
914 726 1014 766 Chr.
1026 724 1097 776 n.).
1236 730 1258 765 2
1303 725 1515 766 Formula
1538 725 1903 778 frequentissima
1924 736 2031 766 cum
2053 725 2097 765 in
2119 734 2220 777 pre-

239 800 497 842 cationibus
529 799 633 851 (τοῖς
658 796 776 845 θεοῖς
806 794 989 855 εὔχομαι
1019 799 1120 838 πᾶσι
1149 794 1222 838 καὶ
1243 795 1397 844 πάσαις
1429 798 1553 838 Dem.
1575 797 1730 851 XVIII,
1754 801 1769 838 4
1811 797 1934 850 quod
1955 797 2107 838 attulit
2127 796 2219 848 Fr.;

238 873 466 925 Aristoph.
484 871 565 913 AV.
590 874 670 913 866
701 867 855 927 ὄρνισιν
876 866 1123 926 Ὀλυμπίοις
1158 867 1230 910 καὶ
1249 863 1508 926 Ὀλυμπίησι
1535 872 1638 911 πᾶσι
1668 868 1740 911 καὶ
1759 868 1930 927 πάσησι.
1981 867 2221 910 Menander
2290 915 2291 918 Ἴ

239 956 308 998 ap.
331 944 530 987 Meineke
561 944 627 984 Fr.
651 954 765 985 com.
790 943 847 983 IV
877 954 920 995 p.
945 945 1026 983 453
1060 941 1112 983 fr.
1135 942 1205 995 111,
1231 944 1253 981 3
1287 938 1405 988 θεοῖς
1422 936 1675 997 Ὀλυμπίοις
1697 939 1928 1000 εὐχώμεθα
1949 938 2221 996 Ὀλυμπίαισι

237 1019 340 1058 πᾶσι
370 1014 533 1068 πάσαις)
573 1017 618 1057 et
647 1017 693 1056 in
724 1014 1013 1056 iureiurando
1058 1014 1112 1066 (n.
1137 1016 1233 1067 229,
1259 1017 1326 1054 64.
1349 1017 1415 1055 70.
1441 1017 1507 1054 74.
1557 1017 1652 1067 266,
1676 1017 1743 1055 25.
1768 1016 1834 1054 53.
1882 1011 2010 1066 Syll.2
2032 1015 2128 1066 427,
2151 1016 2219 1053 47.
2292 1054 2295 1059 ,

240 1092 336 1142 463,
359 1092 425 1130 35.
459 1092 555 1141 790,
579 1089 660 1141 56),
691 1089 791 1128 tum
813 1088 949 1128 etiam
972 1087 1016 1127 in
1039 1085 1399 1127 dedicationibus
1432 1084 1574 1140 (Syll.2
1595 1089 1691 1139 783,
1715 1089 1753 1126 2.
1778 1085 1830 1138 3).
1883 1085 2073 1127 Brevius
2105 1082 2222 1132 θεοῖς

237 1164 339 1203 πᾶσι
367 1161 531 1214 legitur
561 1160 667 1214 Syll.
691 1163 788 1213 247,
813 1163 851 1201 3.
884 1161 982 1212 224,
1008 1162 1045 1200 6.
1078 1160 1176 1212 274,
1200 1162 1238 1199 3.
1286 1154 1397 1200 θεῶν
1430 1156 1598 1199 πάντων
1632 1160 1729 1211 325,
1753 1146 1792 1199 5:

346 1376 453 1432 307
513 1380 694 1445 Magna
747 1379 885 1428 basis
940 1378 1159 1428 rotunda
1215 1379 1486 1428 marmoris
1542 1377 1761 1444 candidi,
1819 1377 2103 1443 composita
2158 1390 2223 1426 ex

238 1469 479 1532 quattuor
523 1466 772 1533 partibuS,
825 1481 890 1515 ex
933 1465 1117 1531 quibus
1170 1480 1229 1516 ea
1280 1479 1410 1531 quae
1458 1465 1660 1515 titulum
1696 1464 1854 1514 habet
1902 1464 2109 1514 inventa
2145 1466 2223 1513 est

237 1554 472 1620 Pergami
509 1542 560 1602 in
587 1553 704 1603 fano
732 1553 1002 1618 Minervae,
1045 1553 1268 1618 reliquae
1292 1551 1643 1603 inaedificatae
1668 1552 1722 1601 in
1746 1565 1895 1601 muro
1921 1549 2218 1616 Byzantino.

237 1641 361 1690 Edd.
402 1641 457 1690 A.
488 1640 651 1691 Conze
689 1639 1117 1690 Monatsberiehte
1143 1639 1233 1689 der
1255 1639 1347 1688 Ak.
1378 1640 1424 1689 d.
1455 1641 1535 1689 W.
1561 1655 1627 1688 zu
1651 1639 1818 1688 Berlin
1848 1637 1974 1686 4884
2024 1653 2073 1703 p.
2100 1637 2219 1702 869,

235 1728 338 1778 tab.
367 1729 431 1777 ΠΙ
456 1728 498 1777 A
530 1725 695 1796 (Syll.1
721 1727 778 1778 24
794 1726 859 1792 9).
914 1728 974 1776 M.
999 1726 1213 1776 Frankel
1238 1726 1584 1776 Alterthiimer
1607 1740 1711 1776 von
1736 1726 2021 1790 Pergamon
2041 1724 2164 1788 VIII,
2192 1723 2211 1771 4

235 1831 286 1881 p.
313 1815 413 1864 406
452 1829 500 1864 n.
534 1814 633 1863 469
676 1811 783 1881 (Ch.
814 1814 992 1864 Michel
1031 1813 1232 1864 Reeueil
1272 1808 1475 1863 d‘inscr.
1519 1812 1602 1863 Gr.
1642 1828 1693 1879 p.
1725 1810 1827 1861 873
1868 1826 1916 1861 n.
1951 1807 2122 1877 4309).

2272 1807 2286 1822 ⁵*-
2272 1262 2297 1781 vus-›nwffimmffloem
2283 1217 2290 1226 -
2280 1125 2294 1190 ⁴--,.

724 1948 962 2015 Ἄτταλος
980 1958 998 1992 1
1036 1956 1331 2027 βασίλισσαν
1364 1953 1743 2008 Ἀπολλωνίδα2

774 2042 874 2115 τὴμ
913 2042 1105 2114 μητέρα
1144 2041 1495 2114 φιλοστοργίας
1534 2042 1682 2095 ἕνεκα

1002 2134 1090 2200 τῆς
1129 2128 1249 2200 πρὸς
1289 2129 1453 2182 αὑτόν.

238 2364 392 2416 natae;
423 2363 571 2404 littera
599 2374 628 2403 0
658 2363 836 2403 minore
857 2373 995 2415 quam
1018 2362 1219 2415 reliquae
1249 2361 1436 2403 modulo
1461 2362 1655 2402 exarata.
1796 2363 1811 2399 4
1850 2358 2026 2400 Attalus
2047 2358 2220 2400 Attalil
2267 2410 2279 2430 ν

238 2436 355 2488 regis
387 2437 432 2476 et
460 2434 739 2488 Apollonidis
769 2434 889 2475 filius
921 2434 1146 2476 secundus
1179 2435 1235 2487 (n.
1259 2433 1381 2486 2947)
1413 2434 1500 2475 hoc
1531 2433 1690 2475 matris
1718 2433 2066 2473 monumentum
2099 2430 2222 2472 dedi-

238 2508 356 2548 cavit
387 2510 465 2549 aut
496 2507 632 2549 fratre
663 2507 835 2548 maiore
866 2507 1065 2548 Eumene
1096 2507 1133 2547 II
1166 2507 1407 2559 (497-459
1441 2518 1478 2547 a.
1511 2506 1611 2547 Chr.
1646 2505 1702 2558 n.)
1747 2505 1960 2557 regnante
2002 2505 2081 2544 aut
2110 2503 2222 2544 adeo

239 2580 391 2632 aliquo
425 2591 480 2620 ex
511 2580 759 2632 postremis
789 2579 933 2632 patris
963 2579 1137 2620 AttaliI
1170 2579 1411 2631 (244-497
1445 2590 1482 2619 a.
1506 2578 1607 2619 Chr.
1632 2577 1688 2629 n.)
1722 2577 1863 2618 annis.
1923 2575 2039 2618 Nam
2070 2576 2223 2628 ipsum

237 2651 439 2693 nondum
462 2662 672 2704 regnasse
695 2650 986 2693 manifestum
1008 2653 1089 2693 est.
1229 2655 1252 2691 2
1294 2650 1355 2692 Cf.
1388 2650 1544 2704 Polyb.
1566 2650 1702 2703 XXII,
1727 2652 1796 2703 20,
1820 2652 1954 2690 4-3;
1997 2647 2060 2690 ὅτι
2078 2642 2223 2690 Ἀπολ-

238 2721 380 2778 λωνίς,
425 2721 453 2779 ἡ
491 2719 686 2766 Ἀττάλου
726 2727 801 2766 τοῦ
842 2722 999 2782 πατρὸς
1039 2720 1256 2780 Εὐμένους
1295 2725 1368 2764 τοῦ
1413 2720 1620 2778 βασιλέως
1656 2720 1837 2779 γαμετή,
1884 2716 2109 2777 Κυζικηνὴ
2154 2718 2223 2775 ἦν,

239 2793 343 2853 γυνὴ
376 2793 444 2836 διὰ
473 2793 645 2842 πλείους
675 2793 810 2842 αἰτίας
841 2792 936 2843 ἀξία
967 2793 1143 2852 μνήμης
1180 2793 1252 2836 καὶ
1294 2792 1637 2853 παρασημασίας.
1685 2792 1758 2835 καὶ
1798 2791 1876 2850 γὰρ
1915 2791 2008 2846 [ὅτι]
2051 2790 2225 2848 δημότις

238 2865 490 2925 ὑπάρχουσα
521 2865 739 2922 βασίλισσα
769 2865 968 2924 ἐγεγόνει,
998 2865 1070 2908 καὶ
1099 2863 1256 2922 ταύτην
1289 2864 1510 2920 διεφύλαξε
1539 2865 1616 2923 τὴν
1649 2862 1864 2922 ὑπεροχὴν
1897 2863 2023 2922 μέχρι
2051 2867 2127 2919 τῆς
2157 2877 2224 2904 τε-

237 2936 445 2994 λευταίας,
477 2936 560 2998 οὐχ
589 2937 803 2995 ἑταιρικὴν
835 2937 1161 2997 προσφερομένη
1193 2935 1471 2995 πιθανότητα,
1512 2935 1781 2994 σωφρονικὴν
1816 2935 1863 2978 δὲ
1899 2934 1972 2979 καὶ
2001 2933 2223 2991 πολιτικὴν
2263 2921 2267 2926 '
2302 2959 2303 2962 =

239 3010 477 3067 σεμνότητα
506 3009 579 3053 καὶ
608 3009 941 3068 καλοκαγαθίαν,
974 3008 1115 3052 δικαία
1146 3010 1370 3070 τυγχάνειν
1402 3014 1480 3068 τῆς
1513 3005 1573 3052 ἐπ’
1600 3007 1750 3067 ἀγαθῷ
1780 3007 1955 3065 μνήμης
1987 3006 2110 3061 ἐστίν,
2152 3003 2226 3048 καὶ

237 3081 428 3126 καθόλου
460 3081 663 3142 τέτταρας
693 3081 812 3129 υἱοὺς
842 3081 1079 3140 γεννήσασα
1109 3081 1213 3140 πρὸς
1244 3081 1404 3130 πάντας
1435 3080 1611 3128 τούτους
1649 3078 1967 3137 ἀνυπέρβλητον
2001 3076 2224 3136 διεφύλαξε

238 3155 317 3212 τὴν
349 3153 513 3197 εὔνοιαν
545 3153 618 3197 καὶ
648 3151 1038 3213 φιλοστοργίαν
1072 3152 1198 3212 μέχρι
1227 3158 1305 3210 τῆς
1335 3157 1409 3196 τοῦ
1443 3152 1533 3211 βίου
1554 3156 1871 3209 καταστροφῆς,
1903 3149 2042 3193 καίτοι
2070 3148 2222 3209 χρόνον

241 3225 320 3269 οὐκ
357 3224 496 3284 ὀλίγον
546 3225 840 3285 ὑπερβιώσασα
875 3224 1067 3282 τάνδρός.
1140 3226 1363 3268 Plutarch.
1407 3226 1462 3267 de
1502 3225 1699 3268 fraterno
1739 3235 1893 3266 amore
1925 3228 1949 3265 5
1988 3234 2032 3276 p.
2058 3225 2136 3263 480
2168 3221 2221 3263 C:
2299 3278 2301 3283 .

239 3293 527 3342 Ἀπολλωνίδα
557 3302 657 3356 γοῦν
686 3298 763 3354 τὴν
795 3293 1055 3354 Κυζικηνήν,
1095 3293 1315 3353 Εὐμένους
1357 3297 1403 3340 δὲ
1442 3300 1517 3339 τοῦ
1563 3294 1768 3354 βασιλέως
1804 3293 1967 3354 μητέρα
1996 3293 2070 3336 καὶ
2099 3298 2222 3352 τριῶν

241 3368 397 3424 ἄλλων,
435 3366 631 3413 Ἀττάλου
669 3369 740 3413 καὶ
777 3367 1027 3428 Φιλεταίρου
1064 3367 1136 3411 καὶ
1171 3364 1407 3425 Ἀθηναίου,
1456 3367 1626 3427 λέγουσι
1675 3364 1920 3424 μακαρίζειν
1968 3364 2122 3422 ἑαυτὴν
2159 3361 2225 3405 ἀεὶ
2297 3390 2301 3430 γ

240 3441 315 3484 καὶ
342 3446 431 3490 τοῖς
463 3441 581 3490 θεοῖς
610 3441 733 3501 χάριν
766 3442 878 3503 ἔχειν
911 3441 959 3485 ού
993 3439 1061 3483 διὰ
1090 3440 1160 3483 τὸν
1191 3440 1374 3484 πλοῦτον
1415 3439 1514 3484 οὐδὲ
1545 3440 1614 3483 διὰ
1642 3440 1720 3497 τὴν
1751 3436 1998 3498 ἡγεμονίαν,
2037 3431 2125 3479 ἀλλ’
2161 3434 2224 3478 ὅτι
2297 3474 2299 3489 ,

239 3512 340 3560 τοὺς
369 3517 486 3571 τρεῖς
515 3513 634 3562 υἱοὺς
665 3514 777 3574 ἑώρα
807 3515 878 3558 τὸν
910 3512 1190 3574 πρεσβύτατον
1224 3512 1564 3572 δορυφοροῦντας
1594 3511 1794 3555 κάκεῖνον
1828 3510 1870 3552 ἐν
1905 3507 2049 3566 μέσοις
2081 3507 2223 3554 αὐτοῖς

243 3583 398 3642 δόρατα
427 3586 500 3628 καὶ
531 3585 630 3644 ξίφη
663 3591 859 3644 φοροῦσιν
892 3585 1027 3634 ἀδεῶς
1060 3585 1351 3641 διαιτώμενον.
1404 3586 1551 3627 Etiam
1582 3597 1625 3626 n.
1648 3588 1746 3638 308,
1769 3588 1793 3625 9
1826 3584 1924 3624 eius
1954 3577 2224 3624 καλλιτεκνία

242 3659 540 3711 praedicatur.
601 3659 761 3701 Natam
793 3671 892 3701 esse
926 3671 1014 3700 non
1046 3660 1150 3711 post
1180 3669 1347 3699 annum
1373 3661 1454 3698 238
1477 3670 1514 3699 a.
1539 3658 1639 3699 Chr.
1663 3668 1703 3698 n.
1737 3655 1840 3696 inde
1871 3656 2072 3708 apparet,
2103 3649 2223 3705 quod

2281 2566 2285 2570 ·
2299 2533 2314 2598 ιὲ

2296 2604 2314 2638 ἰ’

2271 1896 2289 2075 Ξ

2272 2084 2289 2126 ,.

2269 2147 2285 2194 ᾳ

354 2291 546 2332 Litterae
577 2290 781 2342 volgares
813 2290 993 2343 praeter
1025 2291 1158 2332 ΒΠΣ.
1219 2289 1458 2330 Extremae
1495 2289 1651 2330 hastae
1689 2286 1904 2329 tenuibus
1934 2286 2109 2328 lineolis
2148 2298 2219 2327 or·
2266 2207 2288 2392 j

2302 2630 2307 2638 ι

2301 2741 2305 2748 <

2302 2790 2305 2800 ι

2303 2879 2305 2886 ι
