<?xml version="1.0" encoding="UTF-8"?>
<!DOCTYPE html PUBLIC "-//W3C//DTD XHTML 1.0 Transitional//EN"
    "http://www.w3.org/TR/xhtml1/DTD/xhtml1-transitional.dtd">
<html xmlns="http://www.w3.org/1999/xhtml" xml:lang="en" lang="en">
 <head>
  <title>
</title>
<meta http-equiv="Content-Type" content="text/html;charset=utf-8" />
  <meta name='ocr-system' content='tesseract 3.04.00' />
  <meta name='ocr-capabilities' content='ocr_page ocr_carea ocr_par ocr_line ocrx_word'/>
</head>
<body>
  <div class='ocr_page' id='page_1' title='image "./orientisgraeciin01dittuoft_0122.png"; bbox 0 0 2314 3970; ppageno 0'>
   <div class='ocr_carea' id='block_1_1' title="bbox 229 231 2200 287">
    <p class='ocr_par' dir='ltr' id='par_1_1' title="bbox 229 231 2200 287">
     <span class='ocr_line' id='line_1_1' title="bbox 229 231 2200 287; baseline 0.002 -17"><span class='ocrx_word' id='word_1_1' title='bbox 229 235 329 287; x_wconf 84' lang='lat'>108</span> <span class='ocrx_word' id='word_1_2' title='bbox 905 233 954 271; x_wconf 89' lang='lat' dir='ltr'>Il.</span> <span class='ocrx_word' id='word_1_3' title='bbox 1002 232 1199 280; x_wconf 73' lang='lat' dir='ltr'><strong>Regnum</strong></span> <span class='ocrx_word' id='word_1_4' title='bbox 1234 231 1514 282; x_wconf 83' lang='lat' dir='ltr'><strong>Lagidarum.</strong></span> <span class='ocrx_word' id='word_1_5' title='bbox 2128 234 2200 286; x_wconf 83' lang='grc'>[56</span> 
     </span>
    </p>
   </div>
   <div class='ocr_carea' id='block_1_2' title="bbox 1941 307 2194 312">
    <p class='ocr_par' dir='ltr' id='par_1_2' title="bbox 1941 307 2194 312">
     <span class='ocr_line' id='line_1_2' title="bbox 1941 307 2194 312; baseline 0 0"><span class='ocrx_word' id='word_1_6' title='bbox 1941 307 2194 312; x_wconf 95' lang='lat' dir='ltr'> </span> 
     </span>
    </p>
   </div>
   <div class='ocr_carea' id='block_1_3' title="bbox 283 400 2209 1770">
    <p class='ocr_par' dir='ltr' id='par_1_3' title="bbox 283 400 2209 1770">
     <span class='ocr_line' id='line_1_3' title="bbox 368 400 2206 475; baseline 0.001 -19"><span class='ocrx_word' id='word_1_7' title='bbox 368 402 640 474; x_wconf 78' lang='grc' dir='ltr'>Βερενίκης</span> <span class='ocrx_word' id='word_1_8' title='bbox 681 400 907 471; x_wconf 82' lang='grc' dir='ltr'>ἀνάσσης</span> <span class='ocrx_word' id='word_1_9' title='bbox 945 401 1228 472; x_wconf 88' lang='grc' dir='ltr'>παρθένων.</span> <span class='ocrx_word' id='word_1_10' title='bbox 1282 400 1412 455; x_wconf 84' lang='grc' dir='ltr'>εἶναι</span> <span class='ocrx_word' id='word_1_11' title='bbox 1451 400 1505 454; x_wconf 87' lang='grc' dir='ltr'>δὲ</span> <span class='ocrx_word' id='word_1_12' title='bbox 1543 402 1630 473; x_wconf 85' lang='grc' dir='ltr'>τὴν</span> <span class='ocrx_word' id='word_1_13' title='bbox 1677 404 2023 474; x_wconf 80' lang='grc' dir='ltr'>ἐπιτιθεμένην</span> <span class='ocrx_word' id='word_1_14' title='bbox 2063 406 2206 475; x_wconf 88' lang='grc' dir='ltr'>βασι-</span> 
     </span>
     <span class='ocr_line' id='line_1_4' title="bbox 367 488 2204 561; baseline 0.001 -19"><span class='ocrx_word' id='word_1_15' title='bbox 367 490 585 543; x_wconf 80' lang='grc' dir='ltr'>λείαν112</span> <span class='ocrx_word' id='word_1_16' title='bbox 622 494 706 557; x_wconf 87' lang='grc' dir='ltr'>τῆι</span> <span class='ocrx_word' id='word_1_17' title='bbox 750 488 906 540; x_wconf 87' lang='grc' dir='ltr'>εἰκόνι</span> <span class='ocrx_word' id='word_1_18' title='bbox 947 488 1098 558; x_wconf 74' lang='grc' dir='ltr'>αὐτῆς</span> <span class='ocrx_word' id='word_1_19' title='bbox 1147 488 1488 559; x_wconf 85' lang='grc' dir='ltr'>διαφέρουσαν</span> <span class='ocrx_word' id='word_1_20' title='bbox 1535 494 1624 559; x_wconf 84' lang='grc' dir='ltr'>τῆς</span> <span class='ocrx_word' id='word_1_21' title='bbox 1662 490 2009 560; x_wconf 82' lang='grc' dir='ltr'>ἐπιτιθεμένης</span> <span class='ocrx_word' id='word_1_22' title='bbox 2050 489 2056 561; x_wconf 88' lang='grc' dir='ltr'>Ι</span> <span class='ocrx_word' id='word_1_23' title='bbox 2097 493 2204 551; x_wconf 88' lang='grc' dir='ltr'>ταῖς</span> 
     </span>
     <span class='ocr_line' id='line_1_5' title="bbox 367 572 2203 649; baseline 0 -20"><span class='ocrx_word' id='word_1_24' title='bbox 367 578 552 629; x_wconf 88' lang='grc' dir='ltr'>εἰκόσιν</span> <span class='ocrx_word' id='word_1_25' title='bbox 606 579 694 644; x_wconf 86' lang='grc' dir='ltr'>τῆς</span> <span class='ocrx_word' id='word_1_26' title='bbox 750 572 932 645; x_wconf 84' lang='grc' dir='ltr'>μητρὸς</span> <span class='ocrx_word' id='word_1_27' title='bbox 987 574 1140 645; x_wconf 81' lang='grc' dir='ltr'>αὐτῆς</span> <span class='ocrx_word' id='word_1_28' title='bbox 1194 574 1485 645; x_wconf 80' lang='grc' dir='ltr'>βασιλίσσης</span> <span class='ocrx_word' id='word_1_29' title='bbox 1537 572 1810 646; x_wconf 76' lang='grc' dir='ltr'>Βερενίκης</span> <span class='ocrx_word' id='word_1_30' title='bbox 1863 578 1920 629; x_wconf 88' lang='grc' dir='ltr'>ἐκ</span> <span class='ocrx_word' id='word_1_31' title='bbox 1974 578 2203 649; x_wconf 78' lang='grc' dir='ltr'>σταχύων</span> 
     </span>
     <span class='ocr_line' id='line_1_6' title="bbox 369 657 2206 734; baseline 0.001 -20"><span class='ocrx_word' id='word_1_32' title='bbox 369 662 456 714; x_wconf 90' lang='grc' dir='ltr'>δύο</span> <span class='ocrx_word' id='word_1_33' title='bbox 472 664 553 729; x_wconf 83' lang='grc'>113,</span> <span class='ocrx_word' id='word_1_34' title='bbox 594 662 662 712; x_wconf 82' lang='grc' dir='ltr'>ὧν</span> <span class='ocrx_word' id='word_1_35' title='bbox 704 657 803 712; x_wconf 83' lang='grc' dir='ltr'>ἀνὰ</span> <span class='ocrx_word' id='word_1_36' title='bbox 845 661 994 730; x_wconf 82' lang='grc' dir='ltr'>μέσον</span> <span class='ocrx_word' id='word_1_37' title='bbox 1032 658 1175 713; x_wconf 83' lang='grc' dir='ltr'>ἔσται</span> <span class='ocrx_word' id='word_1_38' title='bbox 1210 662 1242 731; x_wconf 86' lang='grc' dir='ltr'>ἡ</span> <span class='ocrx_word' id='word_1_39' title='bbox 1286 661 1608 732; x_wconf 82' lang='grc' dir='ltr'>ἀσπιδοειδὴς</span> <span class='ocrx_word' id='word_1_40' title='bbox 1623 664 1688 698; x_wconf 82' lang='lat'>114</span> <span class='ocrx_word' id='word_1_41' title='bbox 1726 662 1975 734; x_wconf 86' lang='grc' dir='ltr'>βασιλεία,</span> <span class='ocrx_word' id='word_1_42' title='bbox 2023 663 2206 733; x_wconf 86' lang='grc' dir='ltr'>ταύτης</span> 
     </span>
     <span class='ocr_line' id='line_1_7' title="bbox 367 744 2206 818; baseline 0.001 -18"><span class='ocrx_word' id='word_1_43' title='bbox 367 744 413 800; x_wconf 85' lang='grc' dir='ltr'>δ’</span> <span class='ocrx_word' id='word_1_44' title='bbox 457 747 617 800; x_wconf 85' lang='grc' dir='ltr'>ὀπίσω</span> <span class='ocrx_word' id='word_1_45' title='bbox 656 746 932 818; x_wconf 91' lang='grc' dir='ltr'>σύμμετρον</span> <span class='ocrx_word' id='word_1_46' title='bbox 974 751 1223 818; x_wconf 84' lang='grc' dir='ltr'>σκῆπτρον</span> <span class='ocrx_word' id='word_1_47' title='bbox 1255 745 1261 818; x_wconf 86' lang='grc' dir='ltr'>Ι</span> <span class='ocrx_word' id='word_1_48' title='bbox 1289 748 1636 818; x_wconf 82' lang='grc' dir='ltr'>παπυροειδές,</span> <span class='ocrx_word' id='word_1_49' title='bbox 1678 749 1704 800; x_wconf 87' lang='grc' dir='ltr'>ὃ</span> <span class='ocrx_word' id='word_1_50' title='bbox 1732 749 1971 802; x_wconf 84' lang='grc' dir='ltr'>εἰώθασιν</span> <span class='ocrx_word' id='word_1_51' title='bbox 2011 751 2062 802; x_wconf 90' lang='grc' dir='ltr'>αἱ</span> <span class='ocrx_word' id='word_1_52' title='bbox 2090 749 2206 802; x_wconf 87' lang='grc' dir='ltr'>θεαὶ</span> 
     </span>
     <span class='ocr_line' id='line_1_8' title="bbox 364 830 2208 906; baseline 0.001 -20"><span class='ocrx_word' id='word_1_53' title='bbox 364 834 501 905; x_wconf 84' lang='grc' dir='ltr'>ἔχειν</span> <span class='ocrx_word' id='word_1_54' title='bbox 541 835 592 886; x_wconf 89' lang='grc' dir='ltr'>ἐν</span> <span class='ocrx_word' id='word_1_55' title='bbox 632 834 739 893; x_wconf 89' lang='grc' dir='ltr'>ταῖς</span> <span class='ocrx_word' id='word_1_56' title='bbox 777 833 966 905; x_wconf 89' lang='grc' dir='ltr'>χερσίν,</span> <span class='ocrx_word' id='word_1_57' title='bbox 1007 832 1120 905; x_wconf 88' lang='grc' dir='ltr'>περὶ</span> <span class='ocrx_word' id='word_1_58' title='bbox 1160 834 1268 886; x_wconf 73' lang='grc'>8115</span> <span class='ocrx_word' id='word_1_59' title='bbox 1305 831 1389 885; x_wconf 91' lang='grc' dir='ltr'>καὶ</span> <span class='ocrx_word' id='word_1_60' title='bbox 1425 836 1457 904; x_wconf 88' lang='grc' dir='ltr'>ἡ</span> <span class='ocrx_word' id='word_1_61' title='bbox 1487 830 1614 904; x_wconf 80' lang='grc' dir='ltr'>οὐρὰ</span> <span class='ocrx_word' id='word_1_62' title='bbox 1653 839 1742 904; x_wconf 82' lang='grc' dir='ltr'>τῆς</span> <span class='ocrx_word' id='word_1_63' title='bbox 1780 835 2039 906; x_wconf 86' lang='grc' dir='ltr'>βασιλείας</span> <span class='ocrx_word' id='word_1_64' title='bbox 2066 834 2208 888; x_wconf 84' lang='grc' dir='ltr'>ἔσται</span> 
     </span>
     <span class='ocr_line' id='line_1_9' title="bbox 362 919 2208 992; baseline 0.001 -20"><span class='ocrx_word' id='word_1_65' title='bbox 362 920 818 991; x_wconf 77' lang='grc' dir='ltr'>περιειλημένη116,</span> <span class='ocrx_word' id='word_1_66' title='bbox 858 922 986 972; x_wconf 79' lang='grc' dir='ltr'>ὥστε</span> <span class='ocrx_word' id='word_1_67' title='bbox 1024 919 1108 973; x_wconf 87' lang='grc' dir='ltr'>καὶ</span> <span class='ocrx_word' id='word_1_68' title='bbox 1149 922 1205 974; x_wconf 88' lang='grc' dir='ltr'>ἐκ</span> <span class='ocrx_word' id='word_1_69' title='bbox 1243 924 1330 990; x_wconf 85' lang='grc' dir='ltr'>τῆς</span> <span class='ocrx_word' id='word_1_70' title='bbox 1365 920 1643 980; x_wconf 71' lang='grc' dir='ltr'>διαθέσεως</span> <span class='ocrx_word' id='word_1_71' title='bbox 1675 926 1764 991; x_wconf 84' lang='grc' dir='ltr'>τῆς</span> <span class='ocrx_word' id='word_1_72' title='bbox 1794 921 2054 992; x_wconf 85' lang='grc' dir='ltr'>βασιλείας</span> <span class='ocrx_word' id='word_1_73' title='bbox 2083 921 2208 992; x_wconf 79' lang='grc' dir='ltr'>διαΙ-</span> 
     </span>
     <span class='ocr_line' id='line_1_10' title="bbox 366 1003 2207 1078; baseline 0.001 -19"><span class='ocrx_word' id='word_1_74' title='bbox 366 1007 645 1078; x_wconf 81' lang='grc' dir='ltr'>σαφεῖσθαι</span> <span class='ocrx_word' id='word_1_75' title='bbox 698 1005 752 1059; x_wconf 85' lang='grc' dir='ltr'>τὸ</span> <span class='ocrx_word' id='word_1_76' title='bbox 807 1004 1077 1078; x_wconf 86' lang='grc' dir='ltr'>Βερενίκης</span> <span class='ocrx_word' id='word_1_77' title='bbox 1145 1007 1303 1076; x_wconf 77' lang='grc' dir='ltr'>ὄνομα</span> <span class='ocrx_word' id='word_1_78' title='bbox 1359 1003 1490 1059; x_wconf 83' lang='grc' dir='ltr'>κατὰ</span> <span class='ocrx_word' id='word_1_79' title='bbox 1548 1004 1611 1058; x_wconf 83' lang='grc' dir='ltr'>τὰ</span> <span class='ocrx_word' id='word_1_80' title='bbox 1662 1008 1885 1077; x_wconf 83' lang='grc' dir='ltr'>ἐπίσημα</span> <span class='ocrx_word' id='word_1_81' title='bbox 1933 1013 2021 1078; x_wconf 83' lang='grc' dir='ltr'>τῆς</span> <span class='ocrx_word' id='word_1_82' title='bbox 2073 1009 2207 1078; x_wconf 86' lang='grc' dir='ltr'>ἱερᾶς</span> 
     </span>
     <span class='ocr_line' id='line_1_11' title="bbox 366 1090 2207 1165; baseline 0 -19"><span class='ocrx_word' id='word_1_83' title='bbox 366 1099 731 1165; x_wconf 79' lang='grc' dir='ltr'>γραμματικῆς.</span> <span class='ocrx_word' id='word_1_84' title='bbox 785 1092 871 1146; x_wconf 83' lang='grc' dir='ltr'>καὶ</span> <span class='ocrx_word' id='word_1_85' title='bbox 909 1097 1026 1147; x_wconf 80' lang='grc' dir='ltr'>ὅταν</span> <span class='ocrx_word' id='word_1_86' title='bbox 1053 1090 1116 1145; x_wconf 85' lang='grc' dir='ltr'>τὰ</span> <span class='ocrx_word' id='word_1_87' title='bbox 1148 1091 1403 1164; x_wconf 81' lang='grc' dir='ltr'>Κικήλλια</span> <span class='ocrx_word' id='word_1_88' title='bbox 1419 1096 1487 1130; x_wconf 85' lang='lat'>117</span> <span class='ocrx_word' id='word_1_89' title='bbox 1526 1092 1709 1163; x_wconf 78' lang='grc' dir='ltr'>ἄγηται</span> <span class='ocrx_word' id='word_1_90' title='bbox 1746 1095 1798 1146; x_wconf 85' lang='grc' dir='ltr'>ἐν</span> <span class='ocrx_word' id='word_1_91' title='bbox 1826 1097 1922 1147; x_wconf 88' lang='grc' dir='ltr'>τῶν</span> <span class='ocrx_word' id='word_1_92' title='bbox 1949 1091 2207 1165; x_wconf 68' lang='grc' dir='ltr'>Χοιιὲιχ118</span> 
     </span>
     <span class='ocr_line' id='line_1_12' title="bbox 283 1177 2209 1251; baseline -0.001 -17"><span class='ocrx_word' id='word_1_93' title='bbox 283 1194 337 1236; x_wconf 87' lang='grc'>65</span> <span class='ocrx_word' id='word_1_94' title='bbox 371 1179 488 1250; x_wconf 85' lang='grc' dir='ltr'>μηνὶ</span> <span class='ocrx_word' id='word_1_95' title='bbox 526 1177 620 1251; x_wconf 83' lang='grc' dir='ltr'>πρὸ</span> <span class='ocrx_word' id='word_1_96' title='bbox 660 1183 746 1233; x_wconf 77' lang='grc' dir='ltr'>τοῦ</span> <span class='ocrx_word' id='word_1_97' title='bbox 784 1179 1026 1251; x_wconf 85' lang='grc' dir='ltr'>περίπλου</span> <span class='ocrx_word' id='word_1_98' title='bbox 1064 1177 1412 1250; x_wconf 76' lang='grc' dir='ltr'>τοΰὈσείριος</span> <span class='ocrx_word' id='word_1_99' title='bbox 1426 1182 1508 1247; x_wconf 79' lang='grc'>119,</span> <span class='ocrx_word' id='word_1_100' title='bbox 1547 1178 1937 1251; x_wconf 77' lang='grc' dir='ltr'>κατοιΗσκευάσαι</span> <span class='ocrx_word' id='word_1_101' title='bbox 1963 1177 2054 1240; x_wconf 81' lang='grc' dir='ltr'>τὰς</span> <span class='ocrx_word' id='word_1_102' title='bbox 2080 1201 2209 1251; x_wconf 92' lang='grc' dir='ltr'>παρ-</span> 
     </span>
     <span class='ocr_line' id='line_1_13' title="bbox 366 1263 2204 1337; baseline 0.001 -19"><span class='ocrx_word' id='word_1_103' title='bbox 366 1267 543 1326; x_wconf 87' lang='grc' dir='ltr'>θένους</span> <span class='ocrx_word' id='word_1_104' title='bbox 568 1269 664 1319; x_wconf 86' lang='grc' dir='ltr'>τῶν</span> <span class='ocrx_word' id='word_1_105' title='bbox 696 1267 865 1337; x_wconf 86' lang='grc' dir='ltr'>ἱερέων</span> <span class='ocrx_word' id='word_1_106' title='bbox 883 1268 948 1303; x_wconf 86' lang='lat'>120</span> <span class='ocrx_word' id='word_1_107' title='bbox 987 1265 1111 1319; x_wconf 82' lang='grc' dir='ltr'>ἄλλο</span> <span class='ocrx_word' id='word_1_108' title='bbox 1140 1265 1347 1336; x_wconf 81' lang='grc' dir='ltr'>ἄγαλμα</span> <span class='ocrx_word' id='word_1_109' title='bbox 1374 1263 1646 1337; x_wconf 88' lang='grc' dir='ltr'>Βερενίκης</span> <span class='ocrx_word' id='word_1_110' title='bbox 1674 1265 1896 1336; x_wconf 87' lang='grc' dir='ltr'>ἀνάσσης</span> <span class='ocrx_word' id='word_1_111' title='bbox 1923 1267 2204 1336; x_wconf 88' lang='grc' dir='ltr'>παρθένων,</span> 
     </span>
     <span class='ocr_line' id='line_1_14' title="bbox 366 1349 2207 1423; baseline 0 -17"><span class='ocrx_word' id='word_1_112' title='bbox 366 1355 430 1406; x_wconf 87' lang='grc' dir='ltr'>ὧι</span> <span class='ocrx_word' id='word_1_113' title='bbox 486 1354 859 1406; x_wconf 86' lang='grc' dir='ltr'>συντελέσουσιν</span> <span class='ocrx_word' id='word_1_114' title='bbox 919 1352 1104 1422; x_wconf 88' lang='grc' dir='ltr'>ὁμοίως</span> <span class='ocrx_word' id='word_1_115' title='bbox 1150 1352 1331 1405; x_wconf 83' lang='grc' dir='ltr'>θυσίαν</span> <span class='ocrx_word' id='word_1_116' title='bbox 1380 1350 1463 1405; x_wconf 87' lang='grc' dir='ltr'>καὶ</span> <span class='ocrx_word' id='word_1_117' title='bbox 1511 1352 1671 1405; x_wconf 85' lang='grc' dir='ltr'>τᾶλλα</span> <span class='ocrx_word' id='word_1_118' title='bbox 1727 1349 1790 1405; x_wconf 87' lang='grc' dir='ltr'>τὰ</span> <span class='ocrx_word' id='word_1_119' title='bbox 1841 1353 2207 1423; x_wconf 81' lang='grc' dir='ltr'>συντελούμενα</span> 
     </span>
     <span class='ocr_line' id='line_1_15' title="bbox 366 1436 2207 1510; baseline 0.001 -19"><span class='ocrx_word' id='word_1_120' title='bbox 366 1438 569 1508; x_wconf 87' lang='grc' dir='ltr'>νόΙμιμα</span> <span class='ocrx_word' id='word_1_121' title='bbox 616 1444 700 1508; x_wconf 86' lang='grc' dir='ltr'>τῆι</span> <span class='ocrx_word' id='word_1_122' title='bbox 748 1439 920 1510; x_wconf 83' lang='grc' dir='ltr'>ἑορτῆι</span> <span class='ocrx_word' id='word_1_123' title='bbox 974 1439 1165 1509; x_wconf 89' lang='grc' dir='ltr'>ταύτηι.</span> <span class='ocrx_word' id='word_1_124' title='bbox 1226 1440 1422 1497; x_wconf 62' lang='grc' dir='ltr'>’ἐξεῖναι</span> <span class='ocrx_word' id='word_1_125' title='bbox 1472 1438 1526 1491; x_wconf 87' lang='grc' dir='ltr'>δὲ</span> <span class='ocrx_word' id='word_1_126' title='bbox 1575 1436 1706 1491; x_wconf 83' lang='grc' dir='ltr'>κατὰ</span> <span class='ocrx_word' id='word_1_127' title='bbox 1756 1436 1914 1492; x_wconf 82' lang='grc' dir='ltr'>ταύτὰ</span> <span class='ocrx_word' id='word_1_128' title='bbox 1965 1439 2052 1492; x_wconf 90' lang='grc' dir='ltr'>καὶ</span> <span class='ocrx_word' id='word_1_129' title='bbox 2098 1441 2207 1499; x_wconf 85' lang='grc' dir='ltr'>ταῖς</span> 
     </span>
     <span class='ocr_line' id='line_1_16' title="bbox 367 1522 2208 1596; baseline 0.001 -19"><span class='ocrx_word' id='word_1_130' title='bbox 367 1523 545 1584; x_wconf 80' lang='grc' dir='ltr'>ἄλλαις</span> <span class='ocrx_word' id='word_1_131' title='bbox 593 1525 864 1595; x_wconf 76' lang='grc' dir='ltr'>παρθένοις</span> <span class='ocrx_word' id='word_1_132' title='bbox 912 1526 1022 1584; x_wconf 89' lang='grc' dir='ltr'>ταῖς</span> <span class='ocrx_word' id='word_1_133' title='bbox 1073 1526 1400 1596; x_wconf 88' lang='grc' dir='ltr'>βουλομέναις</span> <span class='ocrx_word' id='word_1_134' title='bbox 1457 1526 1704 1578; x_wconf 86' lang='grc' dir='ltr'>συντελεῖν</span> <span class='ocrx_word' id='word_1_135' title='bbox 1761 1522 1822 1577; x_wconf 84' lang='grc' dir='ltr'>τὰ</span> <span class='ocrx_word' id='word_1_136' title='bbox 1882 1527 2070 1596; x_wconf 86' lang='grc' dir='ltr'>νόμιμα</span> <span class='ocrx_word' id='word_1_137' title='bbox 2124 1530 2208 1595; x_wconf 85' lang='grc' dir='ltr'>τῆι</span> 
     </span>
     <span class='ocr_line' id='line_1_17' title="bbox 367 1607 2207 1683; baseline 0.001 -20"><span class='ocrx_word' id='word_1_138' title='bbox 367 1611 516 1663; x_wconf 85' lang='grc' dir='ltr'>θεῶι·</span> <span class='ocrx_word' id='word_1_139' title='bbox 559 1610 824 1680; x_wconf 80' lang='grc' dir='ltr'>ὑμνεῖσθαι</span> <span class='ocrx_word' id='word_1_140' title='bbox 864 1607 909 1663; x_wconf 80' lang='grc' dir='ltr'>δ’</span> <span class='ocrx_word' id='word_1_141' title='bbox 956 1610 1110 1682; x_wconf 81' lang='grc' dir='ltr'>αὐτὴν</span> <span class='ocrx_word' id='word_1_142' title='bbox 1158 1610 1242 1664; x_wconf 89' lang='grc' dir='ltr'>καὶ</span> <span class='ocrx_word' id='word_1_143' title='bbox 1283 1610 1390 1682; x_wconf 85' lang='grc' dir='ltr'>ὑΙπὸ</span> <span class='ocrx_word' id='word_1_144' title='bbox 1429 1614 1525 1664; x_wconf 89' lang='grc' dir='ltr'>τῶν</span> <span class='ocrx_word' id='word_1_145' title='bbox 1573 1612 1937 1682; x_wconf 82' lang='grc' dir='ltr'>ἐπιλεγομένων</span> <span class='ocrx_word' id='word_1_146' title='bbox 1980 1613 2123 1683; x_wconf 84' lang='grc' dir='ltr'>ἱερῶν</span> <span class='ocrx_word' id='word_1_147' title='bbox 2141 1613 2207 1648; x_wconf 82' lang='lat'>1²¹</span> 
     </span>
     <span class='ocr_line' id='line_1_18' title="bbox 366 1694 2206 1770; baseline 0.002 -21"><span class='ocrx_word' id='word_1_148' title='bbox 366 1697 630 1767; x_wconf 90' lang='grc' dir='ltr'>παρθένων</span> <span class='ocrx_word' id='word_1_149' title='bbox 680 1697 767 1750; x_wconf 89' lang='grc' dir='ltr'>καὶ</span> <span class='ocrx_word' id='word_1_150' title='bbox 813 1694 905 1758; x_wconf 78' lang='grc' dir='ltr'>τὰς</span> <span class='ocrx_word' id='word_1_151' title='bbox 955 1698 1132 1769; x_wconf 89' lang='grc' dir='ltr'>χρείας</span> <span class='ocrx_word' id='word_1_152' title='bbox 1168 1699 1528 1770; x_wconf 86' lang='grc' dir='ltr'>παρεχομένων</span> <span class='ocrx_word' id='word_1_153' title='bbox 1545 1699 1611 1735; x_wconf 80' lang='lat'>¹²²</span> <span class='ocrx_word' id='word_1_154' title='bbox 1648 1699 1750 1758; x_wconf 89' lang='grc' dir='ltr'>τοῖς</span> <span class='ocrx_word' id='word_1_155' title='bbox 1789 1699 1944 1767; x_wconf 83' lang='grc' dir='ltr'>θεοῖς,</span> <span class='ocrx_word' id='word_1_156' title='bbox 1988 1718 2206 1769; x_wconf 87' lang='grc' dir='ltr'>περικει-</span> 
     </span>
    </p>
   </div>
   <div class='ocr_carea' id='block_1_4' title="bbox 219 1886 2208 2587">
    <p class='ocr_par' dir='ltr' id='par_1_4' title="bbox 219 1886 2208 2587">
     <span class='ocr_line' id='line_1_19' title="bbox 339 1886 2207 1940; baseline 0.001 -13"><span class='ocrx_word' id='word_1_157' title='bbox 339 1889 419 1927; x_wconf 78' lang='grc'>442</span> <span class='ocrx_word' id='word_1_158' title='bbox 461 1887 596 1939; x_wconf 80' lang='lat' dir='ltr'>Regni</span> <span class='ocrx_word' id='word_1_159' title='bbox 628 1887 801 1938; x_wconf 84' lang='lat' dir='ltr'>insigne</span> <span class='ocrx_word' id='word_1_160' title='bbox 831 1887 954 1938; x_wconf 90' lang='lat' dir='ltr'><strong>quod</strong></span> <span class='ocrx_word' id='word_1_161' title='bbox 985 1887 1123 1940; x_wconf 87' lang='lat' dir='ltr'><strong>capiti</strong></span> <span class='ocrx_word' id='word_1_162' title='bbox 1154 1887 1271 1939; x_wconf 83' lang='lat' dir='ltr'><strong>regis</strong></span> <span class='ocrx_word' id='word_1_163' title='bbox 1292 1887 1547 1939; x_wconf 83' lang='lat' dir='ltr'>imponitur</span> <span class='ocrx_word' id='word_1_164' title='bbox 1568 1887 1643 1928; x_wconf 89' lang='lat' dir='ltr'><strong>hic</strong></span> <span class='ocrx_word' id='word_1_165' title='bbox 1663 1886 1884 1939; x_wconf 83' lang='lat' dir='ltr'><strong>significat</strong></span> <span class='ocrx_word' id='word_1_166' title='bbox 1907 1886 2207 1940; x_wconf 89' lang='lat' dir='ltr'><strong>vocabulum;</strong></span> 
     </span>
     <span class='ocr_line' id='line_1_20' title="bbox 223 1958 2207 2011; baseline 0 -11"><span class='ocrx_word' id='word_1_167' title='bbox 223 1959 279 2000; x_wconf 86' lang='lat' dir='ltr'>ab</span> <span class='ocrx_word' id='word_1_168' title='bbox 311 1959 495 2011; x_wconf 86' lang='lat' dir='ltr'><strong>antiqua</strong></span> <span class='ocrx_word' id='word_1_169' title='bbox 527 1959 748 2000; x_wconf 91' lang='lat' dir='ltr'><strong>sermonis</strong></span> <span class='ocrx_word' id='word_1_170' title='bbox 771 1959 927 1999; x_wconf 88' lang='lat' dir='ltr'><strong>Graeci</strong></span> <span class='ocrx_word' id='word_1_171' title='bbox 958 1958 1285 1999; x_wconf 88' lang='lat' dir='ltr'><strong>consuetudine</strong></span> <span class='ocrx_word' id='word_1_172' title='bbox 1306 1959 1393 1999; x_wconf 90' lang='lat' dir='ltr'>hoc</span> <span class='ocrx_word' id='word_1_173' title='bbox 1415 1969 1521 2007; x_wconf 88' lang='lat' dir='ltr'><strong>sane</strong></span> <span class='ocrx_word' id='word_1_174' title='bbox 1542 1959 1738 2000; x_wconf 89' lang='lat' dir='ltr'><strong>alienum</strong></span> <span class='ocrx_word' id='word_1_175' title='bbox 1762 1961 1844 2011; x_wconf 89' lang='lat' dir='ltr'><strong>est,</strong></span> <span class='ocrx_word' id='word_1_176' title='bbox 1876 1959 1956 2000; x_wconf 87' lang='lat' dir='ltr'>sed</span> <span class='ocrx_word' id='word_1_177' title='bbox 1985 1960 2031 2000; x_wconf 89' lang='lat' dir='ltr'><strong>in</strong></span> <span class='ocrx_word' id='word_1_178' title='bbox 2053 1970 2207 2000; x_wconf 90' lang='lat' dir='ltr'><strong>rerum</strong></span> 
     </span>
     <span class='ocr_line' id='line_1_21' title="bbox 220 2028 2208 2084; baseline 0.001 -13"><span class='ocrx_word' id='word_1_179' title='bbox 220 2031 599 2084; x_wconf 81' lang='lat' dir='ltr'><strong>Aegyptiacarum</strong></span> <span class='ocrx_word' id='word_1_180' title='bbox 623 2030 924 2083; x_wconf 75' lang='lat' dir='ltr'><strong>descriptione</strong></span> <span class='ocrx_word' id='word_1_181' title='bbox 945 2031 1173 2071; x_wconf 89' lang='lat' dir='ltr'><strong>invenitur</strong></span> <span class='ocrx_word' id='word_1_182' title='bbox 1197 2031 1334 2071; x_wconf 90' lang='lat' dir='ltr'><strong>etiam</strong></span> <span class='ocrx_word' id='word_1_183' title='bbox 1356 2030 1478 2083; x_wconf 88' lang='lat' dir='ltr'><strong>apud</strong></span> <span class='ocrx_word' id='word_1_184' title='bbox 1509 2031 1767 2071; x_wconf 89' lang='lat' dir='ltr'><strong>Diodorum</strong></span> <span class='ocrx_word' id='word_1_185' title='bbox 1789 2031 1820 2084; x_wconf 91' lang='lat'>1,</span> <span class='ocrx_word' id='word_1_186' title='bbox 1843 2033 1911 2083; x_wconf 85' lang='grc'><strong>47,</strong></span> <span class='ocrx_word' id='word_1_187' title='bbox 1934 2035 1980 2072; x_wconf 89' lang='lat'>5:</span> <span class='ocrx_word' id='word_1_188' title='bbox 2023 2028 2129 2072; x_wconf 85' lang='grc' dir='ltr'>εἶναι</span> <span class='ocrx_word' id='word_1_189' title='bbox 2161 2029 2208 2072; x_wconf 88' lang='grc' dir='ltr'>δὲ</span> 
     </span>
     <span class='ocr_line' id='line_1_22' title="bbox 219 2097 2207 2160; baseline 0.001 -16"><span class='ocrx_word' id='word_1_190' title='bbox 219 2101 294 2144; x_wconf 87' lang='grc' dir='ltr'>καὶ</span> <span class='ocrx_word' id='word_1_191' title='bbox 324 2100 460 2159; x_wconf 80' lang='grc' dir='ltr'>ἄλλην</span> <span class='ocrx_word' id='word_1_192' title='bbox 492 2100 636 2144; x_wconf 84' lang='grc' dir='ltr'>εἰκόνα</span> <span class='ocrx_word' id='word_1_193' title='bbox 665 2106 743 2158; x_wconf 85' lang='grc' dir='ltr'>τῆς</span> <span class='ocrx_word' id='word_1_194' title='bbox 776 2101 933 2160; x_wconf 86' lang='grc' dir='ltr'>μητρὸς</span> <span class='ocrx_word' id='word_1_195' title='bbox 964 2100 1093 2144; x_wconf 81' lang='grc' dir='ltr'>αὐτοῦ</span> <span class='ocrx_word' id='word_1_196' title='bbox 1125 2099 1443 2158; x_wconf 81' lang='grc' dir='ltr'>(Ὀσυμανδύου)</span> <span class='ocrx_word' id='word_1_197' title='bbox 1484 2097 1578 2145; x_wconf 79' lang='grc' dir='ltr'>καθ’</span> <span class='ocrx_word' id='word_1_198' title='bbox 1605 2100 1737 2158; x_wconf 77' lang='grc' dir='ltr'>αὑτὴν</span> <span class='ocrx_word' id='word_1_199' title='bbox 1776 2108 1929 2160; x_wconf 82' lang='grc' dir='ltr'>πηχῶν</span> <span class='ocrx_word' id='word_1_200' title='bbox 1962 2100 2098 2144; x_wconf 84' lang='grc' dir='ltr'>ε’ίκοσι</span> <span class='ocrx_word' id='word_1_201' title='bbox 2130 2117 2207 2158; x_wconf 90' lang='grc' dir='ltr'>μο-</span> 
     </span>
     <span class='ocr_line' id='line_1_23' title="bbox 222 2171 2208 2233; baseline 0.001 -18"><span class='ocrx_word' id='word_1_202' title='bbox 222 2171 408 2228; x_wconf 82' lang='grc' dir='ltr'>νόλιθον,</span> <span class='ocrx_word' id='word_1_203' title='bbox 449 2173 630 2233; x_wconf 80' lang='grc' dir='ltr'>ἔχουσαν</span> <span class='ocrx_word' id='word_1_204' title='bbox 674 2172 721 2215; x_wconf 85' lang='grc' dir='ltr'>δὲ</span> <span class='ocrx_word' id='word_1_205' title='bbox 758 2177 872 2229; x_wconf 86' lang='grc' dir='ltr'>τρεῖς</span> <span class='ocrx_word' id='word_1_206' title='bbox 914 2171 1130 2229; x_wconf 82' lang='grc' dir='ltr'>βασιλείας</span> <span class='ocrx_word' id='word_1_207' title='bbox 1168 2172 1238 2216; x_wconf 86' lang='grc' dir='ltr'>ἐπὶ</span> <span class='ocrx_word' id='word_1_208' title='bbox 1267 2179 1344 2231; x_wconf 86' lang='grc' dir='ltr'>τῆς</span> <span class='ocrx_word' id='word_1_209' title='bbox 1380 2172 1589 2230; x_wconf 83' lang='grc' dir='ltr'>κεφαλῆς,</span> <span class='ocrx_word' id='word_1_210' title='bbox 1629 2171 1679 2220; x_wconf 83' lang='grc' dir='ltr'>ἃς</span> <span class='ocrx_word' id='word_1_211' title='bbox 1721 2172 2009 2231; x_wconf 78' lang='grc' dir='ltr'>διασημαίνειν</span> <span class='ocrx_word' id='word_1_212' title='bbox 2042 2172 2106 2216; x_wconf 84' lang='grc' dir='ltr'>ὅτι</span> <span class='ocrx_word' id='word_1_213' title='bbox 2134 2173 2208 2216; x_wconf 88' lang='grc' dir='ltr'>καὶ</span> 
     </span>
     <span class='ocr_line' id='line_1_24' title="bbox 222 2242 2206 2303; baseline 0 -15"><span class='ocrx_word' id='word_1_214' title='bbox 222 2243 415 2303; x_wconf 85' lang='grc' dir='ltr'>θυγάτηρ</span> <span class='ocrx_word' id='word_1_215' title='bbox 445 2244 518 2288; x_wconf 89' lang='grc' dir='ltr'>καὶ</span> <span class='ocrx_word' id='word_1_216' title='bbox 550 2245 693 2302; x_wconf 83' lang='grc' dir='ltr'>μήτηρ</span> <span class='ocrx_word' id='word_1_217' title='bbox 723 2243 795 2287; x_wconf 87' lang='grc' dir='ltr'>καὶ</span> <span class='ocrx_word' id='word_1_218' title='bbox 824 2243 930 2301; x_wconf 82' lang='grc' dir='ltr'>γυνὴ</span> <span class='ocrx_word' id='word_1_219' title='bbox 964 2243 1169 2300; x_wconf 85' lang='grc' dir='ltr'>βασιλέως</span> <span class='ocrx_word' id='word_1_220' title='bbox 1202 2242 1374 2301; x_wconf 79' lang='grc' dir='ltr'>ὑπῆρξε.</span> <span class='ocrx_word' id='word_1_221' title='bbox 1427 2246 1695 2288; x_wconf 81' lang='lat' dir='ltr'><strong>Plutarchus</strong></span> <span class='ocrx_word' id='word_1_222' title='bbox 1724 2248 1876 2288; x_wconf 84' lang='lat' dir='ltr'><strong>tamen</strong></span> <span class='ocrx_word' id='word_1_223' title='bbox 1907 2247 2068 2288; x_wconf 79' lang='lat' dir='ltr'><strong>maluit</strong></span> <span class='ocrx_word' id='word_1_224' title='bbox 2097 2258 2206 2288; x_wconf 84' lang='lat' dir='ltr'><strong>ncu-</strong></span> 
     </span>
     <span class='ocr_line' id='line_1_25' title="bbox 221 2309 2199 2376; baseline 0.001 -17"><span class='ocrx_word' id='word_1_225' title='bbox 221 2321 292 2360; x_wconf 91' lang='lat' dir='ltr'>tro</span> <span class='ocrx_word' id='word_1_226' title='bbox 324 2319 390 2359; x_wconf 86' lang='lat' dir='ltr'><strong>uti</strong></span> <span class='ocrx_word' id='word_1_227' title='bbox 423 2319 478 2359; x_wconf 85' lang='lat' dir='ltr'><strong>de</strong></span> <span class='ocrx_word' id='word_1_228' title='bbox 508 2319 626 2359; x_wconf 90' lang='lat' dir='ltr'><strong>Iside</strong></span> <span class='ocrx_word' id='word_1_229' title='bbox 657 2320 702 2359; x_wconf 91' lang='lat' dir='ltr'><strong>et</strong></span> <span class='ocrx_word' id='word_1_230' title='bbox 732 2317 905 2359; x_wconf 91' lang='lat' dir='ltr'><strong>Osiride</strong></span> <span class='ocrx_word' id='word_1_231' title='bbox 929 2321 981 2358; x_wconf 89' lang='grc'>49</span> <span class='ocrx_word' id='word_1_232' title='bbox 1004 2328 1048 2370; x_wconf 88' lang='lat' dir='ltr'>p.</span> <span class='ocrx_word' id='word_1_233' title='bbox 1073 2321 1152 2359; x_wconf 81' lang='lat'>358</span> <span class='ocrx_word' id='word_1_234' title='bbox 1175 2318 1234 2358; x_wconf 92' lang='lat' dir='ltr'>D:</span> <span class='ocrx_word' id='word_1_235' title='bbox 1267 2316 1338 2359; x_wconf 88' lang='grc' dir='ltr'>τὸν</span> <span class='ocrx_word' id='word_1_236' title='bbox 1371 2311 1400 2359; x_wconf 72' lang='grc' dir='ltr'>δ’</span> <span class='ocrx_word' id='word_1_237' title='bbox 1418 2309 1548 2374; x_wconf 83' lang='grc' dir='ltr'>Ὧρον</span> <span class='ocrx_word' id='word_1_238' title='bbox 1580 2315 1629 2359; x_wconf 86' lang='grc' dir='ltr'>οὐ</span> <span class='ocrx_word' id='word_1_239' title='bbox 1661 2316 1843 2374; x_wconf 85' lang='grc' dir='ltr'>μετρίως</span> <span class='ocrx_word' id='word_1_240' title='bbox 1875 2316 2079 2376; x_wconf 75' lang='grc' dir='ltr'>ἐνεγκεῖν,</span> <span class='ocrx_word' id='word_1_241' title='bbox 2110 2313 2199 2360; x_wconf 79' lang='grc' dir='ltr'>ἀλλ’</span> 
     </span>
     <span class='ocr_line' id='line_1_26' title="bbox 222 2387 2203 2448; baseline 0 -17"><span class='ocrx_word' id='word_1_242' title='bbox 222 2387 475 2445; x_wconf 80' lang='grc' dir='ltr'>ἐπιβαλόντα</span> <span class='ocrx_word' id='word_1_243' title='bbox 505 2388 558 2448; x_wconf 80' lang='grc' dir='ltr'>τῇ</span> <span class='ocrx_word' id='word_1_244' title='bbox 591 2388 717 2447; x_wconf 85' lang='grc' dir='ltr'>μητρὶ</span> <span class='ocrx_word' id='word_1_245' title='bbox 745 2388 821 2435; x_wconf 82' lang='grc' dir='ltr'>τὰς</span> <span class='ocrx_word' id='word_1_246' title='bbox 852 2392 1002 2446; x_wconf 83' lang='grc' dir='ltr'>χεῖρας</span> <span class='ocrx_word' id='word_1_247' title='bbox 1033 2387 1278 2431; x_wconf 81' lang='grc' dir='ltr'>ἀποσπάσαι</span> <span class='ocrx_word' id='word_1_248' title='bbox 1306 2391 1384 2446; x_wconf 80' lang='grc' dir='ltr'>τῆς</span> <span class='ocrx_word' id='word_1_249' title='bbox 1414 2387 1606 2446; x_wconf 84' lang='grc' dir='ltr'>κεφαλῆς</span> <span class='ocrx_word' id='word_1_250' title='bbox 1635 2388 1683 2432; x_wconf 89' lang='grc' dir='ltr'>τὸ</span> <span class='ocrx_word' id='word_1_251' title='bbox 1717 2387 1939 2445; x_wconf 87' lang='grc' dir='ltr'>βασίλειον.</span> <span class='ocrx_word' id='word_1_252' title='bbox 1992 2402 2034 2431; x_wconf 93' lang='lat' dir='ltr'>n.</span> <span class='ocrx_word' id='word_1_253' title='bbox 2060 2393 2128 2443; x_wconf 85' lang='lat'>90,</span> <span class='ocrx_word' id='word_1_254' title='bbox 2151 2392 2203 2431; x_wconf 75' lang='lat'>45</span> 
     </span>
     <span class='ocr_line' id='line_1_27' title="bbox 224 2459 2206 2516; baseline 0 -13"><span class='ocrx_word' id='word_1_255' title='bbox 224 2459 434 2516; x_wconf 83' lang='grc' dir='ltr'>βασίλειον</span> <span class='ocrx_word' id='word_1_256' title='bbox 466 2462 521 2503; x_wconf 90' lang='lat' dir='ltr'><strong>de</strong></span> <span class='ocrx_word' id='word_1_257' title='bbox 552 2463 648 2503; x_wconf 87' lang='lat' dir='ltr'><strong>toto</strong></span> <span class='ocrx_word' id='word_1_258' title='bbox 680 2462 840 2514; x_wconf 88' lang='lat' dir='ltr'><strong>capitis</strong></span> <span class='ocrx_word' id='word_1_259' title='bbox 863 2463 1129 2502; x_wconf 89' lang='lat' dir='ltr'><strong>ornamento</strong></span> <span class='ocrx_word' id='word_1_260' title='bbox 1160 2462 1299 2514; x_wconf 84' lang='lat' dir='ltr'><strong>regio,</strong></span> <span class='ocrx_word' id='word_1_261' title='bbox 1332 2462 1464 2502; x_wconf 90' lang='lat' dir='ltr'><strong>cuius</strong></span> <span class='ocrx_word' id='word_1_262' title='bbox 1496 2463 1648 2514; x_wconf 90' lang='lat' dir='ltr'><strong>partes</strong></span> <span class='ocrx_word' id='word_1_263' title='bbox 1679 2464 1786 2502; x_wconf 86' lang='lat' dir='ltr'><strong>sunt</strong></span> <span class='ocrx_word' id='word_1_264' title='bbox 1818 2459 2039 2516; x_wconf 80' lang='grc' dir='ltr'>βασιλεῖαι,</span> <span class='ocrx_word' id='word_1_265' title='bbox 2071 2473 2206 2503; x_wconf 92' lang='lat' dir='ltr'><strong>usur-</strong></span> 
     </span>
     <span class='ocr_line' id='line_1_28' title="bbox 223 2533 2206 2587; baseline 0.001 -12"><span class='ocrx_word' id='word_1_266' title='bbox 223 2537 376 2587; x_wconf 88' lang='lat' dir='ltr'><strong>patur;</strong></span> <span class='ocrx_word' id='word_1_267' title='bbox 410 2534 602 2575; x_wconf 83' lang='lat' dir='ltr'><strong>fortasse</strong></span> <span class='ocrx_word' id='word_1_268' title='bbox 632 2534 751 2575; x_wconf 90' lang='lat' dir='ltr'><strong>idem</strong></span> <span class='ocrx_word' id='word_1_269' title='bbox 784 2533 870 2574; x_wconf 88' lang='lat' dir='ltr'><strong>sibi</strong></span> <span class='ocrx_word' id='word_1_270' title='bbox 901 2533 1001 2575; x_wconf 90' lang='lat' dir='ltr'><strong>vult</strong></span> <span class='ocrx_word' id='word_1_271' title='bbox 1031 2533 1153 2586; x_wconf 92' lang='lat' dir='ltr'><strong>apud</strong></span> <span class='ocrx_word' id='word_1_272' title='bbox 1182 2534 1487 2575; x_wconf 82' lang='lat' dir='ltr'>Plutarchum.</span> <span class='ocrx_word' id='word_1_273' title='bbox 1536 2533 1649 2575; x_wconf 90' lang='lat' dir='ltr'>Cum</span> <span class='ocrx_word' id='word_1_274' title='bbox 1681 2535 1950 2587; x_wconf 80' lang='lat' dir='ltr'><strong>interpretes</strong></span> <span class='ocrx_word' id='word_1_275' title='bbox 1981 2534 2119 2586; x_wconf 84' lang='lat' dir='ltr'><strong>volgo</strong></span> <span class='ocrx_word' id='word_1_276' title='bbox 2151 2546 2206 2576; x_wconf 82' lang='lat' dir='ltr'><strong>ex</strong></span> 
     </span>
    </p>
   </div>
   <div class='ocr_carea' id='block_1_5' title="bbox 222 2606 2289 2658">
    <p class='ocr_par' dir='ltr' id='par_1_5' title="bbox 222 2606 2289 2658">
     <span class='ocr_line' id='line_1_29' title="bbox 222 2606 2289 2658; baseline 0 -12"><span class='ocrx_word' id='word_1_277' title='bbox 222 2606 489 2647; x_wconf 88' lang='lat' dir='ltr'><strong>recentioris</strong></span> <span class='ocrx_word' id='word_1_278' title='bbox 530 2606 689 2646; x_wconf 86' lang='lat' dir='ltr'><strong>aetatis</strong></span> <span class='ocrx_word' id='word_1_279' title='bbox 727 2616 817 2646; x_wconf 90' lang='lat' dir='ltr'><strong>usu</strong></span> <span class='ocrx_word' id='word_1_280' title='bbox 854 2617 1071 2648; x_wconf 74' lang='lat' dir='ltr'>coronam</span> <span class='ocrx_word' id='word_1_281' title='bbox 1108 2606 1344 2658; x_wconf 85' lang='lat' dir='ltr'><strong>appellent,</strong></span> <span class='ocrx_word' id='word_1_282' title='bbox 1387 2606 1657 2647; x_wconf 91' lang='lat' dir='ltr'><strong>Letronnius</strong></span> <span class='ocrx_word' id='word_1_283' title='bbox 1695 2606 1742 2647; x_wconf 89' lang='lat' dir='ltr'><strong>in</strong></span> <span class='ocrx_word' id='word_1_284' title='bbox 1778 2607 2109 2648; x_wconf 85' lang='lat' dir='ltr'><strong>commentario</strong></span> <span class='ocrx_word' id='word_1_285' title='bbox 2149 2606 2205 2648; x_wconf 85' lang='lat' dir='ltr'>ad</span> <span class='ocrx_word' id='word_1_286' title='bbox 2287 2644 2289 2646; x_wconf 82' lang='grc'>.</span> 
     </span>
    </p>
   </div>
   <div class='ocr_carea' id='block_1_6' title="bbox 220 2677 2210 3735">
    <p class='ocr_par' dir='ltr' id='par_1_6' title="bbox 220 2677 2210 3735">
     <span class='ocr_line' id='line_1_30' title="bbox 223 2677 2204 2731; baseline 0.001 -13"><span class='ocrx_word' id='word_1_287' title='bbox 223 2678 456 2718; x_wconf 89' lang='lat' dir='ltr'><strong>decretum</strong></span> <span class='ocrx_word' id='word_1_288' title='bbox 487 2678 781 2718; x_wconf 86' lang='lat' dir='ltr'><strong>Rosettanum</strong></span> <span class='ocrx_word' id='word_1_289' title='bbox 814 2677 869 2729; x_wconf 93' lang='lat' dir='ltr'>(n.</span> <span class='ocrx_word' id='word_1_290' title='bbox 893 2678 960 2728; x_wconf 87' lang='lat'>90)</span> <span class='ocrx_word' id='word_1_291' title='bbox 992 2689 1034 2730; x_wconf 90' lang='lat' dir='ltr'>p.</span> <span class='ocrx_word' id='word_1_292' title='bbox 1059 2680 1103 2717; x_wconf 84' lang='grc'>34</span> <span class='ocrx_word' id='word_1_293' title='bbox 1144 2681 1311 2730; x_wconf 87' lang='lat' dir='ltr'><strong>monet,</strong></span> <span class='ocrx_word' id='word_1_294' title='bbox 1351 2678 1520 2718; x_wconf 84' lang='lat' dir='ltr'><strong>nullam</strong></span> <span class='ocrx_word' id='word_1_295' title='bbox 1562 2677 1675 2719; x_wconf 92' lang='lat' dir='ltr'><strong>illud</strong></span> <span class='ocrx_word' id='word_1_296' title='bbox 1704 2677 2032 2731; x_wconf 84' lang='lat' dir='ltr'><strong>Aegyptiorum</strong></span> <span class='ocrx_word' id='word_1_297' title='bbox 2074 2679 2204 2719; x_wconf 80' lang='lat' dir='ltr'><strong>orna-</strong></span> 
     </span>
     <span class='ocr_line' id='line_1_31' title="bbox 222 2748 2203 2802; baseline 0.001 -13"><span class='ocrx_word' id='word_1_298' title='bbox 222 2751 426 2790; x_wconf 90' lang='lat' dir='ltr'><strong>mentum</strong></span> <span class='ocrx_word' id='word_1_299' title='bbox 453 2749 626 2800; x_wconf 83' lang='lat' dir='ltr'><strong>regium</strong></span> <span class='ocrx_word' id='word_1_300' title='bbox 648 2748 988 2790; x_wconf 86' lang='lat' dir='ltr'><strong>similitudinem</strong></span> <span class='ocrx_word' id='word_1_301' title='bbox 1010 2749 1177 2789; x_wconf 88' lang='lat' dir='ltr'><strong>habere</strong></span> <span class='ocrx_word' id='word_1_302' title='bbox 1197 2759 1302 2790; x_wconf 90' lang='lat' dir='ltr'>cum</span> <span class='ocrx_word' id='word_1_303' title='bbox 1325 2760 1505 2802; x_wconf 90' lang='lat' dir='ltr'><strong>corona,</strong></span> <span class='ocrx_word' id='word_1_304' title='bbox 1537 2749 1615 2790; x_wconf 91' lang='lat' dir='ltr'>sed</span> <span class='ocrx_word' id='word_1_305' title='bbox 1647 2750 1778 2801; x_wconf 86' lang='lat' dir='ltr'><strong>longe</strong></span> <span class='ocrx_word' id='word_1_306' title='bbox 1808 2750 1940 2791; x_wconf 86' lang='lat' dir='ltr'><strong>aliam</strong></span> <span class='ocrx_word' id='word_1_307' title='bbox 1973 2760 2073 2791; x_wconf 91' lang='lat' dir='ltr'><strong>esse</strong></span> <span class='ocrx_word' id='word_1_308' title='bbox 2105 2751 2203 2791; x_wconf 90' lang='lat' dir='ltr'><strong>eius</strong></span> 
     </span>
     <span class='ocr_line' id='line_1_32' title="bbox 222 2818 2204 2873; baseline 0.001 -12"><span class='ocrx_word' id='word_1_309' title='bbox 222 2821 429 2873; x_wconf 78' lang='lat' dir='ltr'><strong>figuram,</strong></span> <span class='ocrx_word' id='word_1_310' title='bbox 463 2831 601 2873; x_wconf 87' lang='lat' dir='ltr'><strong>quam</strong></span> <span class='ocrx_word' id='word_1_311' title='bbox 633 2822 844 2861; x_wconf 85' lang='lat' dir='ltr'><strong>accurata</strong></span> <span class='ocrx_word' id='word_1_312' title='bbox 865 2820 1162 2861; x_wconf 84' lang='lat' dir='ltr'><strong>delineatione</strong></span> <span class='ocrx_word' id='word_1_313' title='bbox 1182 2820 1389 2861; x_wconf 88' lang='lat' dir='ltr'><strong>illust-rat.</strong></span> <span class='ocrx_word' id='word_1_314' title='bbox 1525 2823 1604 2860; x_wconf 87' lang='grc'>443</span> <span class='ocrx_word' id='word_1_315' title='bbox 1646 2822 1787 2862; x_wconf 85' lang='grc' dir='ltr'>ΔΥΩΝ</span> <span class='ocrx_word' id='word_1_316' title='bbox 1819 2818 1874 2862; x_wconf 93' lang='lat' dir='ltr'>A.</span> <span class='ocrx_word' id='word_1_317' title='bbox 2021 2824 2101 2862; x_wconf 93' lang='grc'>444</span> <span class='ocrx_word' id='word_1_318' title='bbox 2143 2821 2204 2863; x_wconf 84' lang='lat' dir='ltr'>Cf.</span> 
     </span>
     <span class='ocr_line' id='line_1_33' title="bbox 221 2888 2204 2948; baseline 0.001 -16"><span class='ocrx_word' id='word_1_319' title='bbox 221 2904 263 2932; x_wconf 92' lang='lat' dir='ltr'>n.</span> <span class='ocrx_word' id='word_1_320' title='bbox 287 2896 355 2941; x_wconf 86' lang='grc'>90,</span> <span class='ocrx_word' id='word_1_321' title='bbox 378 2895 429 2932; x_wconf 89' lang='grc'>44</span> <span class='ocrx_word' id='word_1_322' title='bbox 472 2903 576 2933; x_wconf 90' lang='lat' dir='ltr'>cum</span> <span class='ocrx_word' id='word_1_323' title='bbox 619 2892 916 2933; x_wconf 84' lang='lat' dir='ltr'><strong>adnotatione.</strong></span> <span class='ocrx_word' id='word_1_324' title='bbox 1096 2895 1176 2932; x_wconf 85' lang='grc'>445</span> <span class='ocrx_word' id='word_1_325' title='bbox 1216 2890 1312 2946; x_wconf 90' lang='grc' dir='ltr'>περὶ</span> <span class='ocrx_word' id='word_1_326' title='bbox 1341 2888 1389 2933; x_wconf 82' lang='grc' dir='ltr'>οὗ</span> <span class='ocrx_word' id='word_1_327' title='bbox 1428 2889 1483 2933; x_wconf 90' lang='lat' dir='ltr'>A.</span> <span class='ocrx_word' id='word_1_328' title='bbox 1661 2895 1744 2933; x_wconf 87' lang='grc'>446</span> <span class='ocrx_word' id='word_1_329' title='bbox 1782 2890 2117 2948; x_wconf 83' lang='grc' dir='ltr'>περιειλημμένη</span> <span class='ocrx_word' id='word_1_330' title='bbox 2149 2890 2204 2934; x_wconf 90' lang='lat' dir='ltr'>A.</span> 
     </span>
     <span class='ocr_line' id='line_1_34' title="bbox 223 2954 2210 3016; baseline 0.001 -13"><span class='ocrx_word' id='word_1_331' title='bbox 223 2967 238 3003; x_wconf 98' lang='grc'><strong>4</strong></span> <span class='ocrx_word' id='word_1_332' title='bbox 257 2967 304 3004; x_wconf 82' lang='grc'>47</span> <span class='ocrx_word' id='word_1_333' title='bbox 346 2964 459 3005; x_wconf 90' lang='lat' dir='ltr'>Cum</span> <span class='ocrx_word' id='word_1_334' title='bbox 490 2964 652 3016; x_wconf 85' lang='lat' dir='ltr'><strong>reliqui</strong></span> <span class='ocrx_word' id='word_1_335' title='bbox 674 2974 831 3004; x_wconf 91' lang='lat' dir='ltr'><strong>omnes</strong></span> <span class='ocrx_word' id='word_1_336' title='bbox 863 2974 911 3004; x_wconf 90' lang='lat' dir='ltr'>se</span> <span class='ocrx_word' id='word_1_337' title='bbox 931 2963 1063 3016; x_wconf 88' lang='lat' dir='ltr'><strong>plane</strong></span> <span class='ocrx_word' id='word_1_338' title='bbox 1085 2964 1290 3015; x_wconf 86' lang='lat' dir='ltr'><strong>ignorare</strong></span> <span class='ocrx_word' id='word_1_339' title='bbox 1311 2962 1559 3005; x_wconf 82' lang='lat' dir='ltr'><strong>faterentur</strong></span> <span class='ocrx_word' id='word_1_340' title='bbox 1580 2963 1661 3004; x_wconf 82' lang='lat' dir='ltr'><strong>has</strong></span> <span class='ocrx_word' id='word_1_341' title='bbox 1683 2963 1831 3016; x_wconf 84' lang='lat' dir='ltr'><strong>ferias,</strong></span> <span class='ocrx_word' id='word_1_342' title='bbox 1864 2954 2210 3006; x_wconf 52' lang='lat' dir='ltr'><strong>Gutschmidius&#39;</strong></span> 
     </span>
     <span class='ocr_line' id='line_1_35' title="bbox 222 3033 2206 3094; baseline 0.001 -18"><span class='ocrx_word' id='word_1_343' title='bbox 222 3036 414 3089; x_wconf 88' lang='lat' dir='ltr'><strong>monuit,</strong></span> <span class='ocrx_word' id='word_1_344' title='bbox 460 3035 642 3077; x_wconf 89' lang='lat' dir='ltr'><strong>easdem</strong></span> <span class='ocrx_word' id='word_1_345' title='bbox 679 3036 1028 3077; x_wconf 87' lang='lat' dir='ltr'><strong>commemorari</strong></span> <span class='ocrx_word' id='word_1_346' title='bbox 1069 3035 1126 3077; x_wconf 85' lang='lat' dir='ltr'>ab</span> <span class='ocrx_word' id='word_1_347' title='bbox 1168 3035 1421 3088; x_wconf 87' lang='lat' dir='ltr'><strong>Epiphanio</strong></span> <span class='ocrx_word' id='word_1_348' title='bbox 1452 3036 1490 3076; x_wconf 94' lang='lat' dir='ltr'>II</span> <span class='ocrx_word' id='word_1_349' title='bbox 1521 3046 1563 3088; x_wconf 93' lang='lat' dir='ltr'>p.</span> <span class='ocrx_word' id='word_1_350' title='bbox 1589 3037 1670 3076; x_wconf 78' lang='grc'>482</span> <span class='ocrx_word' id='word_1_351' title='bbox 1709 3035 1915 3077; x_wconf 89' lang='lat' dir='ltr'><strong>Dindorf:</strong></span> <span class='ocrx_word' id='word_1_352' title='bbox 1961 3033 2119 3094; x_wconf 83' lang='grc' dir='ltr'>ταύτην</span> <span class='ocrx_word' id='word_1_353' title='bbox 2159 3034 2206 3077; x_wconf 88' lang='grc' dir='ltr'>δὲ</span> 
     </span>
     <span class='ocr_line' id='line_1_36' title="bbox 220 3097 2204 3163; baseline 0.002 -16"><span class='ocrx_word' id='word_1_354' title='bbox 220 3105 298 3163; x_wconf 77' lang='grc' dir='ltr'>τὴν</span> <span class='ocrx_word' id='word_1_355' title='bbox 329 3104 493 3162; x_wconf 78' lang='grc' dir='ltr'>ἡμέραν</span> <span class='ocrx_word' id='word_1_356' title='bbox 525 3104 791 3163; x_wconf 80' lang='grc' dir='ltr'>ἑορτάζουσιν</span> <span class='ocrx_word' id='word_1_357' title='bbox 815 3097 1040 3161; x_wconf 72' lang='grc' dir='ltr'>ζΈλληνες,</span> <span class='ocrx_word' id='word_1_358' title='bbox 1073 3105 1184 3163; x_wconf 84' lang='grc' dir='ltr'>φημὶ</span> <span class='ocrx_word' id='word_1_359' title='bbox 1214 3103 1261 3147; x_wconf 85' lang='grc' dir='ltr'>δὲ</span> <span class='ocrx_word' id='word_1_360' title='bbox 1292 3104 1333 3148; x_wconf 86' lang='grc' dir='ltr'>οἱ</span> <span class='ocrx_word' id='word_1_361' title='bbox 1363 3103 1680 3161; x_wconf 82' lang='grc' dir='ltr'>εἰδωλολάτραι,</span> <span class='ocrx_word' id='word_1_362' title='bbox 1712 3105 1767 3163; x_wconf 78' lang='grc' dir='ltr'>τῇ</span> <span class='ocrx_word' id='word_1_363' title='bbox 1795 3106 1876 3162; x_wconf 89' lang='grc' dir='ltr'>πρὸ</span> <span class='ocrx_word' id='word_1_364' title='bbox 1897 3105 2011 3150; x_wconf 85' lang='grc' dir='ltr'>ὀκτὼ</span> <span class='ocrx_word' id='word_1_365' title='bbox 2031 3102 2204 3150; x_wconf 89' lang='grc' dir='ltr'>Καλαν-</span> 
     </span>
     <span class='ocr_line' id='line_1_37' title="bbox 223 3172 2198 3234; baseline 0.002 -16"><span class='ocrx_word' id='word_1_366' title='bbox 223 3177 306 3219; x_wconf 84' lang='grc' dir='ltr'>δῶν</span> <span class='ocrx_word' id='word_1_367' title='bbox 346 3173 634 3234; x_wconf 86' lang='grc' dir='ltr'>Ἰανουαρίων,</span> <span class='ocrx_word' id='word_1_368' title='bbox 689 3177 767 3234; x_wconf 81' lang='grc' dir='ltr'>τὴν</span> <span class='ocrx_word' id='word_1_369' title='bbox 812 3176 926 3234; x_wconf 83' lang='grc' dir='ltr'>παρὰ</span> <span class='ocrx_word' id='word_1_370' title='bbox 964 3172 1203 3232; x_wconf 86' lang='grc' dir='ltr'>Ῥωμαίοις</span> <span class='ocrx_word' id='word_1_371' title='bbox 1247 3175 1521 3233; x_wconf 76' lang='grc' dir='ltr'>καλουμένην</span> <span class='ocrx_word' id='word_1_372' title='bbox 1570 3174 1885 3234; x_wconf 87' lang='grc' dir='ltr'>Σατουρναλίαν</span> <span class='ocrx_word' id='word_1_373' title='bbox 1933 3177 2060 3232; x_wconf 78' lang='lat' dir='ltr'><strong>(-ot‘?)‚</strong></span> <span class='ocrx_word' id='word_1_374' title='bbox 2107 3173 2198 3234; x_wconf 77' lang='grc' dir='ltr'>παρ’</span> 
     </span>
     <span class='ocr_line' id='line_1_38' title="bbox 224 3244 2203 3305; baseline 0 -14"><span class='ocrx_word' id='word_1_375' title='bbox 224 3247 469 3305; x_wconf 81' lang='grc' dir='ltr'>Αἰγυπτίοις</span> <span class='ocrx_word' id='word_1_376' title='bbox 512 3249 558 3291; x_wconf 82' lang='grc' dir='ltr'>δὲ</span> <span class='ocrx_word' id='word_1_377' title='bbox 589 3246 767 3305; x_wconf 86' lang='grc' dir='ltr'>Κρόνια,</span> <span class='ocrx_word' id='word_1_378' title='bbox 813 3248 927 3305; x_wconf 84' lang='grc' dir='ltr'>παρὰ</span> <span class='ocrx_word' id='word_1_379' title='bbox 963 3244 1271 3304; x_wconf 77' lang='grc' dir='ltr'>Ἀλεξανδρεῦσι</span> <span class='ocrx_word' id='word_1_380' title='bbox 1310 3248 1357 3291; x_wconf 87' lang='grc' dir='ltr'>δὲ</span> <span class='ocrx_word' id='word_1_381' title='bbox 1398 3245 1621 3291; x_wconf 84' lang='grc' dir='ltr'>Κικέλλια.</span> <span class='ocrx_word' id='word_1_382' title='bbox 1800 3253 1882 3292; x_wconf 89' lang='grc'>448</span> <span class='ocrx_word' id='word_1_383' title='bbox 1925 3251 1987 3293; x_wconf 82' lang='lat' dir='ltr'>Cf.</span> <span class='ocrx_word' id='word_1_384' title='bbox 2020 3253 2111 3292; x_wconf 84' lang='lat' dir='ltr'><strong>not.</strong></span> <span class='ocrx_word' id='word_1_385' title='bbox 2135 3253 2203 3292; x_wconf 88' lang='grc'>87.</span> 
     </span>
     <span class='ocr_line' id='line_1_39' title="bbox 224 3321 2204 3376; baseline 0.001 -15"><span class='ocrx_word' id='word_1_386' title='bbox 224 3324 305 3361; x_wconf 83' lang='grc'>449</span> <span class='ocrx_word' id='word_1_387' title='bbox 347 3322 408 3363; x_wconf 80' lang='lat' dir='ltr'>Cf.</span> <span class='ocrx_word' id='word_1_388' title='bbox 442 3334 483 3363; x_wconf 88' lang='lat' dir='ltr'>v.</span> <span class='ocrx_word' id='word_1_389' title='bbox 509 3326 575 3363; x_wconf 78' lang='grc'>54.</span> <span class='ocrx_word' id='word_1_390' title='bbox 725 3325 803 3362; x_wconf 78' lang='grc'>420</span> <span class='ocrx_word' id='word_1_391' title='bbox 845 3323 893 3362; x_wconf 91' lang='lat' dir='ltr'>In</span> <span class='ocrx_word' id='word_1_392' title='bbox 923 3322 1263 3374; x_wconf 83' lang='lat' dir='ltr'><strong>hieroglyphica</strong></span> <span class='ocrx_word' id='word_1_393' title='bbox 1294 3323 1338 3362; x_wconf 91' lang='lat' dir='ltr'><strong>et</strong></span> <span class='ocrx_word' id='word_1_394' title='bbox 1359 3321 1583 3363; x_wconf 81' lang='lat' dir='ltr'><strong>demotica</strong></span> <span class='ocrx_word' id='word_1_395' title='bbox 1604 3322 1891 3363; x_wconf 88' lang='lat' dir='ltr'><strong>versionibus</strong></span> <span class='ocrx_word' id='word_1_396' title='bbox 1912 3324 2093 3376; x_wconf 85' lang='lat' dir='ltr'><strong>praeter</strong></span> <span class='ocrx_word' id='word_1_397' title='bbox 2112 3323 2204 3363; x_wconf 90' lang='lat' dir='ltr'><strong>vir-</strong></span> 
     </span>
     <span class='ocr_line' id='line_1_40' title="bbox 224 3393 2203 3443; baseline 0.002 -11"><span class='ocrx_word' id='word_1_398' title='bbox 224 3393 349 3443; x_wconf 81' lang='lat' dir='ltr'><strong>gines</strong></span> <span class='ocrx_word' id='word_1_399' title='bbox 387 3393 524 3443; x_wconf 88' lang='lat' dir='ltr'><strong>(filias)</strong></span> <span class='ocrx_word' id='word_1_400' title='bbox 571 3394 860 3435; x_wconf 83' lang='lat' dir='ltr'><strong>sacerdotum</strong></span> <span class='ocrx_word' id='word_1_401' title='bbox 901 3394 1038 3434; x_wconf 89' lang='lat' dir='ltr'><strong>etiam</strong></span> <span class='ocrx_word' id='word_1_402' title='bbox 1078 3404 1243 3435; x_wconf 85' lang='lat' dir='ltr'><strong>uxores</strong></span> <span class='ocrx_word' id='word_1_403' title='bbox 1300 3393 1549 3434; x_wconf 87' lang='lat' dir='ltr'><strong>eorundem</strong></span> <span class='ocrx_word' id='word_1_404' title='bbox 1595 3395 1942 3435; x_wconf 87' lang='lat' dir='ltr'><strong>commemorari</strong></span> <span class='ocrx_word' id='word_1_405' title='bbox 1989 3394 2203 3435; x_wconf 83' lang='lat' dir='ltr'><strong>observat</strong></span> 
     </span>
     <span class='ocr_line' id='line_1_41' title="bbox 224 3461 2201 3522; baseline 0.002 -19"><span class='ocrx_word' id='word_1_406' title='bbox 224 3464 407 3504; x_wconf 87' lang='lat' dir='ltr'><strong>Pierret.</strong></span> <span class='ocrx_word' id='word_1_407' title='bbox 574 3468 647 3505; x_wconf 82' lang='grc'>424</span> <span class='ocrx_word' id='word_1_408' title='bbox 696 3463 857 3522; x_wconf 80' lang='grc' dir='ltr'>ἱερειῶν</span> <span class='ocrx_word' id='word_1_409' title='bbox 887 3462 943 3507; x_wconf 88' lang='lat' dir='ltr'>A.</span> <span class='ocrx_word' id='word_1_410' title='bbox 1111 3467 1191 3504; x_wconf 77' lang='grc'>422</span> <span class='ocrx_word' id='word_1_411' title='bbox 1229 3468 1314 3505; x_wconf 80' lang='grc' dir='ltr'>τῶν</span> <span class='ocrx_word' id='word_1_412' title='bbox 1355 3461 1667 3521; x_wconf 80' lang='grc' dir='ltr'>ἐπιλεγομένων</span> <span class='ocrx_word' id='word_1_413' title='bbox 1698 3488 1756 3494; x_wconf 95' lang='grc'>-</span> <span class='ocrx_word' id='word_1_414' title='bbox 1784 3463 1857 3506; x_wconf 85' lang='grc' dir='ltr'>καὶ</span> <span class='ocrx_word' id='word_1_415' title='bbox 1895 3463 2201 3522; x_wconf 87' lang='grc' dir='ltr'>παρεχομένων</span> 
     </span>
     <span class='ocr_line' id='line_1_42' title="bbox 225 3534 2201 3590; baseline 0.001 -14"><span class='ocrx_word' id='word_1_416' title='bbox 225 3534 281 3576; x_wconf 89' lang='lat' dir='ltr'>ad</span> <span class='ocrx_word' id='word_1_417' title='bbox 304 3534 484 3575; x_wconf 90' lang='lat' dir='ltr'><strong>easdem</strong></span> <span class='ocrx_word' id='word_1_418' title='bbox 506 3536 702 3588; x_wconf 83' lang='lat' dir='ltr'><strong>virgines</strong></span> <span class='ocrx_word' id='word_1_419' title='bbox 724 3539 929 3590; x_wconf 87' lang='lat' dir='ltr'><strong>spectare</strong></span> <span class='ocrx_word' id='word_1_420' title='bbox 950 3536 1065 3578; x_wconf 86' lang='lat' dir='ltr'><strong>vidit</strong></span> <span class='ocrx_word' id='word_1_421' title='bbox 1085 3536 1364 3589; x_wconf 87' lang='lat' dir='ltr'><strong>Gutschmid,</strong></span> <span class='ocrx_word' id='word_1_422' title='bbox 1388 3547 1492 3577; x_wconf 93' lang='lat' dir='ltr'>cum</span> <span class='ocrx_word' id='word_1_423' title='bbox 1513 3537 1928 3578; x_wconf 85' lang='lat' dir='ltr'><strong>Reinisch-Roesler</strong></span> <span class='ocrx_word' id='word_1_424' title='bbox 1949 3539 1993 3578; x_wconf 91' lang='lat' dir='ltr'><strong>et</strong></span> <span class='ocrx_word' id='word_1_425' title='bbox 2014 3537 2201 3590; x_wconf 84' lang='lat' dir='ltr'><strong>Lepsius</strong></span> 
     </span>
     <span class='ocr_line' id='line_1_43' title="bbox 225 3606 2202 3662; baseline 0.004 -16"><span class='ocrx_word' id='word_1_426' title='bbox 225 3606 420 3647; x_wconf 90' lang='lat' dir='ltr'><strong>duohic</strong></span> <span class='ocrx_word' id='word_1_427' title='bbox 451 3617 612 3658; x_wconf 84' lang='lat' dir='ltr'><strong>genera</strong></span> <span class='ocrx_word' id='word_1_428' title='bbox 643 3608 858 3661; x_wconf 85' lang='lat' dir='ltr'><strong>distingui</strong></span> <span class='ocrx_word' id='word_1_429' title='bbox 889 3608 976 3650; x_wconf 86' lang='lat' dir='ltr'><strong>sibi</strong></span> <span class='ocrx_word' id='word_1_430' title='bbox 1006 3609 1351 3662; x_wconf 86' lang='lat' dir='ltr'><strong>persuasissent.</strong></span> <span class='ocrx_word' id='word_1_431' title='bbox 1410 3607 1524 3650; x_wconf 84' lang='lat' dir='ltr'>Nam</span> <span class='ocrx_word' id='word_1_432' title='bbox 1555 3610 1592 3649; x_wconf 90' lang='lat' dir='ltr'>si</span> <span class='ocrx_word' id='word_1_433' title='bbox 1623 3610 1685 3650; x_wconf 84' lang='lat' dir='ltr'><strong>ita</strong></span> <span class='ocrx_word' id='word_1_434' title='bbox 1715 3612 1849 3660; x_wconf 82' lang='lat' dir='ltr'><strong>esset,</strong></span> <span class='ocrx_word' id='word_1_435' title='bbox 1889 3607 1961 3650; x_wconf 88' lang='grc' dir='ltr'>καὶ</span> <span class='ocrx_word' id='word_1_436' title='bbox 1998 3613 2096 3649; x_wconf 80' lang='grc' dir='ltr'>τῶν</span> <span class='ocrx_word' id='word_1_437' title='bbox 2127 3606 2202 3653; x_wconf 81' lang='grc' dir='ltr'>τὰς</span> 
     </span>
     <span class='ocr_line' id='line_1_44' title="bbox 223 3675 1471 3735; baseline 0.003 -18"><span class='ocrx_word' id='word_1_438' title='bbox 223 3675 368 3734; x_wconf 85' lang='grc' dir='ltr'>χρείας</span> <span class='ocrx_word' id='word_1_439' title='bbox 400 3676 705 3735; x_wconf 75' lang='grc' dir='ltr'>παρεχομένων</span> <span class='ocrx_word' id='word_1_440' title='bbox 738 3679 978 3721; x_wconf 87' lang='lat' dir='ltr'><strong>dicendum</strong></span> <span class='ocrx_word' id='word_1_441' title='bbox 1010 3679 1105 3721; x_wconf 77' lang='lat' dir='ltr'><strong>ruit.</strong></span> <span class='ocrx_word' id='word_1_442' title='bbox 1168 3679 1228 3720; x_wconf 82' lang='lat' dir='ltr'>Cf.</span> <span class='ocrx_word' id='word_1_443' title='bbox 1261 3680 1352 3721; x_wconf 86' lang='lat' dir='ltr'><strong>not.</strong></span> <span class='ocrx_word' id='word_1_444' title='bbox 1375 3683 1471 3721; x_wconf 83' lang='grc'><strong>435.</strong></span> 
     </span>
    </p>
   </div>
   <div class='ocr_carea' id='block_1_7' title="bbox 2294 3520 2314 3970">
    <p class='ocr_par' dir='ltr' id='par_1_7' title="bbox 2294 3520 2314 3970">
     <span class='ocr_line' id='line_1_45' title="bbox 2294 3520 2314 3970; baseline 0 0"><span class='ocrx_word' id='word_1_445' title='bbox 2294 3520 2314 3970; x_wconf 95' lang='lat' dir='ltr'> </span> 
     </span>
    </p>
   </div>
  </div>
 </body>
</html>
