2314 3970
278 200 381 251 218
960 199 1007 237 ll.
1043 198 1254 275 Regnum
1289 197 1565 276 Lagidarum.
2093 199 2247 251 [437.-

275 373 431 423 Philis
469 374 520 422 in
558 373 721 422 insula
758 375 874 421 ante
910 372 1184 437 propylum
1221 373 1396 438 templi
1432 372 1602 435 Isidis;
1642 387 1775 422 nunc
1801 376 1877 422 est
1914 374 1965 422 in
1991 374 2249 423 Britannia

278 457 695 526 (Kinyston-Hall,
736 456 1072 523 Dorsetshire).
1139 459 1357 508 Titulum
1390 458 1563 509 infimo
1600 461 1709 510 loco
1749 462 1992 526 scriptum
2032 460 2096 525 (n.
2129 461 2247 527 439)

276 548 351 597 ed.
396 546 616 596 Caillaud
661 546 866 610 Voyage
923 546 954 594 a
998 542 1178 595 l’Oasis
1235 546 1296 595 de
1348 546 1542 596 Thebes
1588 547 1688 596 tab.
1729 548 1853 613 VIII,
1893 545 1922 595 7
1983 548 2250 612 (Letronne

273 634 479 683 Journal
506 633 594 682 des
621 634 828 682 savants
859 631 994 683 4820
1034 648 1083 698 p.
1117 630 1235 682 748.
1287 632 1412 682 4824
1462 649 1512 698 p.
1543 633 1661 683 659.
1713 634 1848 683 ⁴822
1888 649 1938 699 p.
1970 634 2088 683 244.
2154 635 2251 683 Re-

275 718 516 769 cherches
553 733 685 784 pour
723 719 886 768 servir
922 719 953 767 a
989 715 1233 769 l’histoire
1267 719 1328 768 de
1361 707 1591 785 l’Egypte
1627 735 1677 786 p.
1708 717 1811 769 297
1833 717 1979 787 sqq).
2045 721 2251 770 Interim

274 807 324 853 in
369 805 631 854 Britannia
674 805 841 872 lapide
888 808 1107 871 purgato
1156 806 1390 855 inventae
1441 810 1559 855 sunt
1603 806 1866 856 titulorum
1919 804 2019 855 437
2060 811 2110 856 et
2150 807 2249 856 438

274 893 529 957 reliquiae,
594 892 699 941 Has
738 907 802 942 ex
838 892 1072 942 Bankesii
1117 891 1417 958 apographo
1457 907 1487 941 a
1524 892 1713 942 Leakio
1751 894 2051 943 transmisso
2098 894 2253 943 edidit

273 980 526 1029 Letronne
551 980 751 1029 Recueil
778 981 866 1030 des
892 980 1042 1030 inscr.
1067 980 1150 1030 Gr.
1180 984 1230 1029 et
1255 980 1361 1029 Lat.
1394 979 1455 1029 de
1479 967 1713 1045 l’Egypte
1738 981 1758 1028 I
1795 996 1845 1046 p.
1877 980 1977 1029 333
2008 996 2055 1030 n.
2078 981 2248 1032 XXVI.

273 1067 466 1116 XXVII.
538 1067 728 1116 Deinde
766 1068 823 1116 R.
861 1067 1072 1134 Lepsius
1117 1066 1303 1116 horum
1343 1066 1560 1116 duorum
1597 1067 1859 1116 titulorum
1898 1068 2253 1133 apographum

273 1154 646 1203 Bankesianum
685 1155 848 1204 denuo
889 1169 1003 1204 cum
1039 1154 1206 1220 lapide
1245 1154 1467 1218 contulit,
1519 1168 1673 1219 quam
1711 1154 2028 1204 collationem
2066 1155 2253 1221 publici

272 1241 396 1290 iuris
423 1240 540 1290 fecit
564 1242 817 1290 Letronne
842 1241 893 1289 in
917 1241 1174 1291 Addendis
1211 1257 1261 1307 p.
1287 1241 1387 1290 469
1411 1257 1520 1306 sqq.
1563 1238 1621 1307 (J.
1651 1241 1814 1290 Franz
1854 1241 1903 1291 C.
1927 1242 1963 1290 Ι.
1988 1241 2043 1291 G.
2076 1239 2247 1308 4896).

273 1328 464 1394 Lapide
488 1328 671 1378 iterum
699 1329 987 1378 examinato
1012 1329 1183 1378 titulos
1209 1328 1503 1378 retractavit
1527 1328 1586 1377 U.
1609 1328 1835 1378 Wilcken
1874 1329 2092 1378 Hermae
2118 1329 2298 1377 XXII

271 1430 321 1480 p
355 1415 470 1480 lsq.
521 1411 600 1481 (M.
630 1416 684 1464 L
715 1415 894 1464 Strack
940 1416 1031 1464 Die
1068 1415 1312 1480 Dynastie
1349 1415 1439 1464 der
1475 1415 1760 1488 Ptolemaer
1808 1431 1859 1482 p.
1890 1416 1990 1464 253
2032 1431 2080 1465 n.
2113 1413 2247 1482 403).
2299 1461 2301 1463 ,

275 1501 346 1551 Cf.
399 1516 529 1566 quae
579 1502 843 1552 adnotavit
887 1503 930 1551 J.
969 1503 1023 1551 P.
1063 1501 1286 1567 Mahaffy
1333 1502 1440 1551 The
1485 1503 1678 1569 empire
1735 1503 1793 1552 of
1842 1503 1930 1552 the
1981 1494 2300 1561 Ptolemies,

272 1603 322 1652 p.
355 1588 458 1637 398
497 1593 602 1638 not.
636 1588 679 1637 4.

1198 1709 1336 1779 (437)

419 1807 685 1878 [Βασιλεὺς
726 1809 1038 1880 Πτολεμαῖος
1075 1808 1161 1863 καὶ
1200 1810 1469 1881 βασιλισσα
1501 1809 1820 1882 ΚλεοΙπάτρα
1855 1813 1888 1881 ἡ
1930 1811 2125 1882 ἀδελφὴ
2165 1796 2314 1920 nai}

422 1895 687 1966 βασίλισσα
727 1894 1030 1967 Κλεοπάτρα
1074 1899 1106 1968 ἡ
1151 1899 1292 1967 γυνή,
1337 1896 1342 1966 Ι
1383 1895 1495 1950 θεοὶ
1544 1895 1869 1968 ΕὐεργέταιῙ,
1916 1898 2017 1957 τοῖς
2069 1899 2290 1981 ἱερεῦσιξ

418 1988 506 2052 τῆς
545 1984 596 2035 ἐν
634 1986 725 2035 τῶι
755 1981 968 2054 Ἀβάτωι
1008 1983 1013 2052 Ι
1054 1981 1139 2037 καὶ
1187 1985 1238 2037 ἐν
1278 1984 1456 2044 Φίλαις
1481 1977 1670 2043 Ἴσιδος
1714 1984 1839 2044 θεᾶς
1888 1985 2122 2055 μεγίστης
2166 1983 2314 2043 καὶς

366 2084 389 2124 5
423 2070 552 2122 θεῶν
579 2069 596 2140 ΙΙ
616 2065 898 2141 Ἀδελφῶν2
934 2069 1020 2123 καὶ
1046 2071 1202 2137 θε]ῶν
1230 2069 1536 2141 Εὔεργετ[ῶν
1577 2069 1663 2124 καὶ
1689 2071 1820 2124 θεῶν
1849 2072 2211 2143 Φιλοπατόρων
2241 2070 2314 2168 Ιζ
2312 2142 2314 2147 Ι

419 2155 504 2208 καὶ
542 2156 692 2225 θε]ῶν
726 2153 1011 2228 Ἐπιφανῶν
1050 2157 1136 2210 καὶ
1174 2158 1296 2210 θεοῦ
1333 2156 1657 2229 Εὐπάτορος3
1695 2155 1795 2226 [καὶ
1832 2158 1954 2211 θεοῦ
1994 2156 2314 2230 Φιλο]Ιμή-·’ζξ

387 2369 579 2410 Litterae
610 2370 819 2421 ΑΞΓΙΠΣ;
863 2371 904 2410 0
935 2371 979 2409 et
1010 2372 1048 2411 Θ
1081 2369 1221 2410 modo
1255 2369 1459 2410 eiusdem
1483 2380 1588 2410 cum
1617 2370 1802 2422 reliquis
1823 2381 2075 2422 mensurae,
2109 2306 2314 2432 modoipi

273 2442 484 2482 minores.
663 2445 678 2481 4
727 2442 858 2494 Regis
905 2443 950 2482 et
988 2442 1167 2494 reginae
1208 2442 1289 2483 has
1330 2441 1503 2482 litteras
1543 2452 1642 2482 esse
1688 2442 2018 2483 demonstravit
2057 2443 2306 2505 ἰᾱοοᾳιιθμ

271 2526 433 2555 eorum
466 2515 650 2555 nomina
688 2514 762 2555 hic
800 2515 1008 2567 reposuit
1039 2514 1256 2568 Wilcken,
1297 2526 1402 2556 cum
1438 2515 1708 2556 Letronnius
1740 2517 1932 2568 propter
1963 2518 2058 2567 439,
2083 2518 2134 2556 44
2175 2526 2270 2574 eas
2302 2519 2305 2539 ²

271 2599 296 2627 a
326 2586 550 2627 Numenio
590 2587 647 2627 ad
686 2586 945 2628 sacerdotes
977 2586 1104 2628 datas
1137 2588 1348 2639 opinatus
1386 2588 1452 2628 sic
1483 2587 1693 2640 supplere
1729 2589 1920 2628 conatus
1951 2589 2089 2629 esset:
2108 2579 2269 2696 [Τοῐςζ
2300 2601 2303 2609 ·

274 2656 424 2714 ἱερεῦσι
453 2661 530 2712 τῆς
561 2657 605 2700 ἐν
635 2657 696 2715 τῶ
722 2653 881 2713 Ἀβάτῳ
922 2657 997 2700 καὶ
1034 2657 1076 2700 ἐν
1110 2655 1260 2705 Φίλαις
1281 2650 1437 2704 Ἴσιδος
1468 2655 1718 2715 Νουμήνιος
1756 2658 1777 2702 ὁ
1812 2658 2014 2717 συγγενὴς
2050 2658 2124 2701 καὶ
2163 2658 2231 2701 ἐπι

273 2727 559 2786 στολογράφος
590 2729 663 2771 καὶ
696 2728 829 2784 ἱερεὺς
858 2725 1127 2788 Ἀλεξάνδρου
1160 2729 1235 2771 καὶ
1275 2728 1385 2772 θεῶν
1419 2728 1633 2786 Σωτήρων
1673 2729 1747 2772 ’καὶ
1787 2729 1899 2773 θεῶν
1929 2726 2140 2787 Ἀδελφῶν
2179 2708 2266 2781 zali)
2297 2730 2300 2744 ⁵

272 2798 398 2853 θε]ῶν
429 2797 690 2859 Εὐεργετ[ῶν
720 2800 841 2854 κτλη]
901 2802 958 2843 At
994 2803 1049 2843 de
1078 2803 1154 2843 illa
1182 2802 1393 2843 Numenii
1425 2804 1656 2844 mentione
1687 2803 1739 2844 cf.
1773 2806 1867 2845 not.
1890 2807 1957 2856 20,
1990 2804 2105 2844 ratio
2138 2792 2261 2861 vero}

272 2884 388 2925 quae
419 2874 534 2913 inter
566 2875 657 2914 tres
689 2873 906 2926 epistulas
937 2874 1175 2915 intercedit
1205 2874 1442 2915 manifesto
1475 2875 1587 2915 haec
1617 2877 1704 2916 est:
1753 2875 1865 2916 Cum
1905 2876 2163 2917 sacerdotes
2192 2867 2257 2943 aq„

271 2956 422 2997 regem
453 2947 498 2985 et
527 2946 704 2997 reginas
736 2946 908 2986 litteras
940 2958 980 2986 n.
1006 2949 1087 2986 439
1120 2946 1361 2999 dedissent,
1403 2947 1467 2987 illi
1497 2948 1719 3000 rescripto
1753 2959 1793 2988 n.
1819 2951 1899 2988 438
1933 2948 2086 2988 Locho
2124 2958 2258 3006 manfr-

274 3018 496 3058 daverunt
526 3019 578 3058 ut
608 3028 770 3058 eorum
801 3017 1015 3070 precibus
1047 3030 1223 3059 morem
1255 3020 1441 3072 gereret,
1473 3021 1518 3060 et
1538 3019 1673 3060 huius
1695 3020 1915 3072 epistulae
1936 3010 2257 3077 apographum&

273 3089 409 3130 simul
440 3100 546 3129 cum
577 3100 799 3142 responso
833 3100 917 3130 suo
952 3089 1006 3141 (n.
1031 3090 1126 3141 437)
1159 3090 1215 3131 ad
1237 3090 1496 3132 sacerdotes
1524 3092 1809 3132 remiserunt.
1860 3092 2069 3132 Ceterum
2091 3077 2253 3158 tituloq‘⁴

272 3174 313 3202 n.
341 3164 416 3200 437
459 3163 504 3202 et
543 3164 640 3215 438,
687 3162 767 3214 qui
805 3173 897 3202 non
935 3162 1077 3214 incisi,
1125 3162 1202 3202 sed
1241 3162 1381 3203 rubro
1430 3163 1587 3204 colore
1627 3164 1737 3216 picti
1779 3166 1919 3216 erant,
1965 3175 2086 3204 nunc
2123 3159 2251 3228 totoq

272 3235 512 3274 evanuisse
543 3234 678 3274 refert
707 3234 911 3275 Wilcken
950 3235 1079 3275 testis
1112 3234 1331 3276 oculatus.
1479 3239 1503 3275 2
1547 3236 1686 3288 Reges
1724 3237 1769 3276 et
1805 3237 1983 3287 reginae
2025 3247 2140 3288 quae
2174 3234 2249 3306 hiq'

273 3308 594 3346 enumerantur
615 3307 660 3346 in
681 3317 871 3346 numero
896 3303 1009 3348 θεῶν
1039 3304 1224 3347 συνναίων
1248 3307 1378 3348 Isidis
1400 3319 1515 3359 quae
1536 3308 1672 3348 Philis
1695 3307 1932 3348 colebatur
1952 3307 2145 3348 fuerunt.
2176 3305 2249 3377 W&

275 3381 296 3416 3
337 3379 399 3418 De
431 3378 687 3418 Ptolemaeo
711 3378 788 3418 VII
821 3378 1063 3431 Eupatore,
1095 3379 1174 3430 qui
1205 3389 1322 3418 anno
1358 3382 1438 3418 446
1462 3391 1499 3419 a.
1524 3380 1624 3421 Chr.
1648 3392 1689 3421 n.
1722 3381 1828 3432 post
1859 3380 2000 3432 patris
2024 3380 2245 3420 Philome-

273 3450 386 3489 toris
419 3451 614 3490 mortem
645 3461 727 3502 per
756 3450 895 3491 breve
916 3452 1097 3503 tempus
1120 3461 1234 3503 puer
1254 3461 1358 3491 cum
1382 3453 1526 3491 matre
1548 3452 1786 3504 Cleopatra
1806 3453 2022 3504 regnavit,
2055 3451 2107 3492 cf.
2131 3446 2241 3491 4251.

274 3521 354 3560 Hic
385 3524 436 3562 ut
467 3522 572 3562 alibi
605 3521 671 3572 (cf.
697 3526 793 3575 468,
816 3523 884 3574 46)
925 3523 971 3563 in
1002 3523 1116 3563 serie
1157 3533 1315 3574 regum
1356 3523 1517 3564 divinis
1556 3523 1810 3564 honoribus
1850 3522 2118 3564 affectorum
2154 3530 2241 3562 non

276 3603 359 3632 suo
392 3593 494 3632 loco
528 3596 801 3646 recensetur,
834 3596 934 3635 ante
966 3596 1154 3647 patrem,
1191 3596 1300 3646 post
1330 3606 1467 3646 quem
1506 3606 1645 3648 regno
1688 3596 1862 3648 potitus
1900 3597 1981 3636 est.
2031 3594 2087 3636 Ni
2117 3593 2241 3635 fallor

276 3674 397 3707 mera
427 3664 703 3716 neglegentia
735 3670 971 3718 peccatum
1004 3669 1083 3707 est.
