2314 3970
86 237 156 290 26]
481 236 763 278 Ptolemaeus
794 235 831 276 11
863 235 1179 288 Philadelphus
1212 236 1453 285 (285—247
1477 245 1515 274 a.
1539 232 1669 283 Chr.).
2000 234 2067 284 53

83 411 139 450 111
163 414 177 449 4
219 421 261 462 p.
285 413 366 450 275
399 411 490 450 not.
515 411 552 448 4.
614 409 659 450 Β.
681 408 816 450 Niese
847 409 1010 449 Gesch.
1029 408 1109 449 der
1138 419 1201 460 gr.
1224 408 1318 449 und
1349 407 1586 449 makedon.
1609 407 1790 448 Staaten
1820 407 1858 446 11
1889 417 1931 459 p.
1958 408 2069 458 442).

83 481 292 522 Ceterum
324 492 460 534 quem
493 481 601 522 olim
634 481 858 534 (Olympia
878 480 916 520 V
947 492 990 534 p.
1016 483 1097 521 438
1132 492 1172 521 n.
1199 482 1294 532 344)
1326 482 1515 534 propter
1554 479 1791 532 genetivos
1833 480 1878 519 in
1910 495 1965 520 -ω
1998 491 2069 520 ca-

81 553 237 594 dentes
267 554 377 594 item
407 553 707 605 Cyrenaicum
738 553 993 594 existimavi
1023 552 1209 593 titulum
1240 554 1358 605 regis
1380 553 1624 594 Ptolemaei
1653 552 1805 593 nescio
1837 552 1982 605 cuius,
2015 551 2070 592 de

81 636 134 666 eo
166 636 286 666 nunc
318 626 468 666 minus
498 623 773 665 confidenter
803 624 970 665 iudico.
1022 624 1176 665 Potest
1200 625 1321 664 enim
1343 625 1479 666 etiam
1502 624 1691 666 Lesbius
1714 635 1813 666 esse
1835 623 1903 676 (cf.
1928 636 1967 665 n.
1988 624 2069 675 78).

82 702 105 738 2
149 698 406 750 Cyrenaeus
438 697 534 738 sine
565 695 721 738 dubio.
784 696 844 738 Cf.
877 708 919 737 n.
942 694 1037 737 242.

192 918 265 973 23
319 922 584 987 Templum
622 921 861 971 Doricum
888 920 1252 970 Samothracae
1292 925 1508 987 erutum,
1550 923 1688 987 quod
1726 937 1756 971 a
1795 922 2070 972 conditoris

81 1009 283 1058 nomine
319 1009 656 1058 Ptolemaium
694 1008 866 1058 vocari
904 1008 1047 1073 solet,
1095 1011 1145 1057 et
1182 1007 1247 1056 ah
1295 1008 1524 1057 orientali
1570 1012 1619 1057 et
1664 1009 1727 1057 ab
1775 1009 2070 1059 occidentali

79 1099 227 1160 parte
262 1095 314 1144 in
353 1095 585 1161 epistylio
622 1095 824 1145 titulum
850 1094 1214 1144 dedicatorium
1251 1094 1474 1144 habebat
1510 1110 1603 1160 per
1636 1095 1816 1160 quinos
1853 1097 2071 1161 epistylii

79 1181 272 1247 lapides
333 1182 403 1231 ita
451 1182 686 1246 divisum,
750 1186 807 1231 ut
862 1181 1059 1247 primus
1112 1196 1292 1231 versus
1347 1196 1441 1247 per
1497 1196 1672 1231 omnes
1727 1188 2066 1248 percurreret,

80 1268 206 1318 alter
241 1268 449 1318 tertium
473 1268 708 1334 lapidem,
749 1268 834 1333 qui
870 1267 1068 1317 medius
1095 1272 1218 1332 erat,
1259 1271 1425 1317 totum
1451 1271 1740 1334 occuparet.
1803 1269 1884 1319 Sic
1921 1284 2072 1335 prae-

79 1358 157 1404 ter
193 1354 389 1405 initium
428 1359 478 1405 et
513 1354 667 1404 finem
706 1369 886 1405 versus
923 1354 1111 1421 prioris
1148 1355 1336 1420 ubique
1382 1355 1649 1405 duodenae
1686 1356 1883 1406 litterae
1920 1357 2069 1406 unius

79 1441 259 1507 lapidis
295 1441 612 1491 latitudinem
659 1441 944 1507 explebant.
1023 1441 1099 1490 Ex
1145 1442 1439 1491 occidentali
1488 1443 1721 1508 epistylio
1768 1443 1868 1492 duo
1915 1443 2070 1509 primi

79 1527 272 1593 lapides
322 1541 354 1576 a
399 1528 605 1578 sinistra
659 1543 774 1578 cum
824 1528 1170 1593 duodeviginti
1213 1529 1390 1578 litteris
1437 1533 1657 1578 aetatem
1706 1530 1945 1595 tulerunt,
2006 1545 2070 1579 ex

84 1613 313 1664 orientali
351 1615 522 1664 omnia
560 1618 762 1665 exstant
799 1619 1004 1680 praeter
1040 1615 1261 1681 lapidem
1296 1616 1536 1681 primum,
1579 1617 1650 1665 ita
1686 1620 1743 1666 ut
1782 1632 1846 1666 ex
1881 1618 2070 1667 utrius-

18 1730 21 1731 ν
83 1715 181 1765 que
227 1701 464 1766 relliquiis
507 1704 645 1752 totus
684 1702 858 1751 titulus
907 1702 1014 1752 sine
1059 1702 1205 1751 ullius
1251 1702 1446 1752 litterae
1484 1704 1679 1752 iactura
1717 1706 2067 1768 componatur.

82 1787 369 1838 Minusculis
406 1788 607 1837 titulum
647 1788 886 1838 exhibent
921 1788 977 1837 A.
1009 1788 1172 1838 Conze
1218 1789 1274 1838 A.
1303 1789 1501 1838 Hauser
1548 1789 1604 1838 O.
1635 1790 1901 1839 Benndorf
1932 1791 2070 1840 Neue

78 1873 296 1932 archiiol.
338 1874 790 1939 Untersuchungen
838 1875 931 1924 auf
971 1874 1309 1924 Samothrake
1345 1891 1396 1941 p.
1437 1875 1519 1942 Μ,
1567 1881 1804 1926 accurate
1850 1877 2070 1926 delinea-

76 1965 158 2012 tas
213 1961 478 2027 utriusque
531 1962 748 2027 epistylii
795 1961 1037 2026 imagines
1092 1965 1473 2028 proposuerunt
1519 1963 1682 2012 eidem
1738 1964 1839 2013 tab.
1889 1965 2071 2013 XXXV

78 2046 159 2112 fig.
194 2047 238 2105 1.
277 2047 307 2098 2
359 2044 438 2115 (Μ.
476 2049 530 2098 L.
568 2048 750 2098 Strack
795 2048 885 2098 Die
922 2048 1163 2114 Dynastie
1201 2049 1290 2098 der
1328 2050 1614 2100 Ptolemaer
1650 2066 1700 2116 p.
1740 2051 1833 2101 224
1884 2066 1932 2100 n.
1967 2049 2064 2117 ⁴3).

223 2186 473 2250 Βασιλεὺς
523 2189 874 2260 Πτολεμαῖος1
922 2189 1236 2261 Πτολεμαίου
1282 2189 1367 2244 καὶ
1414 2189 1689 2263 Βερενίκης
1728 2192 2018 2264 Σωτήρων2
2060 2194 2063 2261 ξ

227 2275 366 2336 θεοῖς
407 2274 662 2348 μεγάλοις.

193 2445 386 2486 Litterae
407 2445 614 2497 volgares
636 2447 815 2498 praeter
844 2447 903 2487 Π.
1052 2449 1067 2485 4
1118 2446 1402 2487 Ptolemaeus
1423 2447 1460 2486 ΙΙ
1482 2446 1799 2499 Philadelphus
1824 2447 2065 2498 (285—247

0 2532 1 2552 ι
37 2519 116 2575 ſsa·
139 2515 239 2557 Chr.
262 2516 333 2567 n.).
381 2516 475 2558 Hoc
515 2517 737 2570 templum
778 2528 867 2558 non
900 2517 1080 2559 videtur
1120 2518 1352 2560 dedicasse
1397 2520 1499 2560 ante
1539 2519 1720 2572 nuptias
1759 2520 1931 2560 sororis
1971 2530 2068 2571 ger-

0 2553 5 2714 ἱ
56 2599 238 2639 ¹manae
266 2588 480 2630 Arsinoes
513 2589 607 2641 (274
641 2600 678 2630 a.
703 2589 802 2630 Chr.
827 2601 883 2643 n.‚
924 2589 976 2633 cf.
1010 2601 1050 2631 n.
1075 2589 1183 2645 273),
1224 2602 1313 2643 qua
1352 2601 1457 2631 cum
1498 2591 1687 2632 deorum
1720 2592 2067 2633 Samothracum

36 2661 219 2718 sacris
250 2661 503 2702 arctissima
535 2661 842 2702 intercedebat
871 2662 1158 2704 necessitudo
1192 2662 1259 2714 (cf.
1289 2675 1331 2704 n.
1355 2662 1465 2715 453).
1516 2663 1673 2716 Neque
1695 2664 1953 2705 mirandum
1986 2665 2066 2716 est,

3 2720 6 2783 ἒ
59 2732 201 2791 ,quod
233 2744 323 2774 non
352 2744 482 2786 uxor,
514 2744 631 2786 quae
663 2735 765 2775 ante
795 2733 965 2775 ibidem
993 2735 1115 2775 aliud
1146 2735 1366 2788 templum
1392 2738 1691 2789 exstruxerat,
1724 2736 1811 2777 hoc
1842 2747 1932 2777 una
1963 2747 2067 2776 cum

80 2804 245 2846 marito
269 2804 505 2847 dedicavit.
557 2806 701 2847 Immo
733 2817 786 2847 ea
816 2806 916 2860 ipsa
946 2817 995 2847 re
1026 2806 1265 2860 indicatur,
1302 2819 1456 2860 regem
1477 2807 1562 2849 hac
1584 2808 1864 2850 dedicatione
1886 2809 2067 2858 coniugi

47 2859 399 2924 ‘dilectissimae
429 2877 671 2930 gratificari
700 2878 916 2920 voluisse.
1069 2884 1092 2918 2
1134 2879 1193 2920 Cf.
1228 2891 1268 2920 n.
1294 2880 1387 2923 221.

9 2969 15 3097 ἱ
91 3006 2062 3017 „ms—W,-

12 3112 17 3174 ¹:
55 3086 63 3094 ’
188 3096 262 3153 24
309 3103 639 3167 Horologium
696 3104 937 3153 solarium
995 3104 1237 3154 effossum
1293 3120 1426 3154 anno
1478 3103 1611 3153 ⁴873
1672 3106 1942 3153 Heracleae
2002 3105 2066 3152 ad

14 3178 19 3291 }
57 3186 330 3254 5³Latmum‚
370 3189 591 3238 delatum
622 3189 844 3239 Parisios
883 3190 932 3238 in
971 3206 1205 3240 museum
1233 3187 1491 3258 (Louvre).
1558 3191 1682 3240 Edd.
1726 3191 1786 3238 M.
1818 3190 1875 3239 G.
1904 3190 2067 3254 Rayet

18 3296 21 3345 ξ
60 3273 204 3326 eAun.
239 3276 301 3324 de
339 3274 487 3324 chim.
531 3279 580 3324 et
618 3276 680 3324 de
717 3275 865 3340 phys.
897 3275 1002 3326 Ser.
1033 3280 1075 3327 V
1112 3279 1164 3326 T.
1195 3278 1260 3327 VI
1299 3277 1434 3343 Sept.
1469 3275 1603 3325 ⁴875
1642 3292 1691 3340 p.
1718 3276 1870 3340 525q.
1904 3276 1968 3324 60
1988 3291 2063 3341 sq.

19 3349 24 3462 ι
58 3355 151 3426 ἕω.
175 3359 374 3410 Curtius
400 3361 642 3411 Bursians
668 3361 954 3412 Jahresher.
984 3363 1049 3413 IV
1079 3361 1274 3430 4874s5
1314 3380 1364 3429 p.
1390 3363 1507 3413 294.
1573 3362 1626 3410 Ε.
1657 3363 1846 3426 Loewy
1873 3362 2062 3411 Inschr.

22 3469 26 3510 2
61 3434 154 3509 igr.
181 3446 340 3496 Bildh.
368 3463 419 3513 p.
444 3448 547 3496 298
575 3447 640 3496 ad
666 3462 713 3496 n.
739 3446 860 3515 450)
899 3449 954 3497 B.
985 3449 1330 3499 Haussounier
1355 3450 1529 3497 Revue
1557 3447 1618 3496 de
1644 3447 1881 3513 philolog.
1909 3449 2066 3497 xxm

24 3518 220 3583 *sisae
257 3549 308 3598 p.
338 3534 440 3582 275
481 3531 655 3602 (XXIV
691 3549 740 3599 p.
772 3535 892 3584 323.
958 3524 1148 3585 Etudes
1183 3551 1269 3584 sur
1294 3532 1442 3582 rhist.
1476 3533 1537 3582 de
1565 3534 1700 3582 Milet
1731 3550 1781 3600 p.
1815 3534 1917 3602 67).

24 3567 89 3736 a,

77 3620 84 3649 ι

198 3696 386 3757 Litterae
420 3698 624 3750 volgares
656 3701 836 3751 praeter
868 3701 907 3740 Θ
941 3701 985 3739 et
1015 3700 1062 3740 Ξ.
