2314 3970
66 187 162 239 274]
668 183 844 226 Attalus
874 185 893 224 1
923 184 1098 237 (244-4
1111 188 1162 226 97
1185 196 1223 226 a.
1246 184 1347 226 Chr.
1370 185 1442 237 n.).
1933 187 2036 236 449

62 362 133 414 ΙΙΙ,
157 363 224 413 45,
247 363 271 401 5
302 370 345 412 p.
369 362 466 411 567,
489 362 514 399 6
544 354 730 401 Μινώια.
780 360 1061 402 Stadiasmus
1092 371 1204 401 mar.
1226 361 1368 412 Magn.
1391 360 1417 410 ἓ
1441 361 1520 401 344
1553 371 1598 413 p.
1622 362 1717 412 542,
1743 362 1787 400 6:
1832 355 1914 399 ἀπὸ
1947 353 2038 401 Κυ-

63 429 214 478 δωνίας
243 428 303 478 εἰς
322 425 520 487 Ἀπτέραν
551 429 824 490 περιπλέεται
855 430 1037 479 σταδίοις
1071 420 1146 487 ρν’·
1174 431 1283 490 πεζῇ
1314 429 1360 473 δὲ
1387 430 1550 473 στάδιοι
1582 419 1658 487 ρκ’.
1691 428 1712 472 ὁ
1742 429 1873 478 τόπος
1892 425 2041 476 Μίνως

61 501 270 557 καλεῖται,
315 499 376 549 εἰς
421 500 466 543 ὃν
506 506 670 545 ’κεῖνται
708 507 830 560 νῆσοι
866 507 994 560 τρεῖς,
1042 501 1087 545 αἳ
1129 501 1360 546 ’καλοῦνται
1397 499 1574 546 Λευκαί.
1635 503 1788 554 ἓ345ῑ
1834 499 1918 544 ἀπὸ
1960 506 2039 559 τῆς

62 572 236 621 Μίνωος
266 572 326 621 εἰς
354 569 655 632 Ἀμφιμάτριον
688 574 847 618 στάδιοι
879 564 950 634 ρν’.
1009 575 1170 616 Strabo
1199 575 1256 629 X,
1285 578 1323 629 4,
1353 578 1406 615 43
1439 586 1483 628 p.
1507 578 1610 617 479:
1651 570 1850 631 Ἀπτέρας
1892 571 1927 616 δ’
1949 571 2041 616 ἐπί-

3 667 5 678 ι
58 646 171 691 νειόν
202 646 290 690 ἐστι
321 641 530 704 Κὶσαμος.
584 648 775 690 Bursian
807 649 966 700 Geogr.
990 660 1032 689 v.
1056 647 1382 689 Griechenland
1403 648 1441 687 II
1471 658 1515 700 p.
1540 650 1636 689 544.

169 860 277 918 271
331 865 634 932 Fragmenta
670 868 770 915 tria
805 867 938 916 inter
974 880 1028 915 se
1067 865 1410 929 contingentia
1456 865 1595 914 basis
1639 866 1853 930 exiguae
1902 880 2043 915 mar-

61 953 218 1003 moris
262 953 476 1003 caerulei
518 953 726 1004 inventa
773 954 825 1002 in
872 967 1020 1002 muro
1058 966 1090 1001 a
1127 953 1304 1001 Turcis
1343 956 1602 1006 exstructo
1648 953 1715 1001 ad
1758 953 2041 1017 marginem

8 1051 9 1073 l
61 1039 440 1089 meridionalem
513 1041 708 1090 delubri
770 1041 1026 1090 Minervae
1097 1039 1149 1087 in
1219 1053 1336 1088 arce
1398 1039 1846 1103 Pergamenorum.
1948 1039 2039 1089 Ed.

62 1126 124 1175 M.
152 1125 369 1175 Frankel
394 1126 739 1177 Alterthiimer
763 1141 866 1176 von
892 1126 1180 1190 Pergamon
1205 1125 1332 1191 VIII,
1357 1125 1375 1173 4
1411 1141 1462 1191 p.
1488 1125 1552 1174 46
1583 1140 1631 1174 n.
1657 1125 1740 1175 58.
1807 1125 1879 1175 Cf.
1910 1140 2040 1190 quae

9 1238 12 1261 l
62 1213 450 1279 disputaverunt
486 1213 542 1263 Ο.
565 1213 817 1264 Meischke
854 1211 1125 1278 Symbolae
1163 1212 1229 1261 ad
1266 1212 1503 1262 Eumenis
1529 1213 1574 1261 II
1611 1213 2041 1277 Pergamenorum

11 1319 13 1347 ι
61 1300 194 1364 regis
243 1298 510 1350 historiam
553 1316 604 1366 p.
640 1301 704 1350 69
727 1315 802 1366 sq.
874 1300 929 1350 F.
959 1299 1216 1349 Staehelin
1267 1298 1568 1349 Geschiehte
1614 1299 1706 1349 der
1750 1299 2038 1349 Kleinasiat.

12 1391 13 1402 ¹
62 1384 262 1436 Galater
297 1402 347 1453 p.
379 1387 445 1435 35
487 1400 602 1436 cum
639 1389 742 1436 not.
774 1387 822 1437 2.

204 1526 473 1597 Βασιλε[υς
495 1524 782 1599 Ἄτταλος1]
813 1527 818 1600 Ι
848 1527 928 1582 Διὶ
966 1528 1053 1582 καὶ
1086 1524 1288 1599 Ἀθην[
1239 1529 1344 1598 [αι2
1343 1527 1450 1600 ]{’
1427 1527 1522 1581 απὸ
1561 1533 1650 1599 τῆς
1687 1525 1845 1600 πα[ρὰ
1885 1527 1985 1598 τὸν]
2031 1528 2037 1599 Ι

188 1606 473 1686 (Ἀρπασον3
509 1615 584 1687 ἐ[γ
621 1613 850 1687 Καρίαι4
884 1612 901 1685 ΙΙ
937 1614 1078 1687 π]ρὸς
1116 1611 1454 1688 [Ἀ]ντ[ίοχον5
1492 1613 1698 1686 μάχης].

175 1775 368 1818 Litterae
397 1776 605 1829 volgares
635 1778 816 1830 praeter
844 1778 941 1819 ΠΣ.
1002 1776 1242 1818 Extremae
1273 1777 1429 1817 hastae
1459 1775 1636 1817 lineolis
1666 1776 1937 1817 transversis
1970 1787 2043 1816 or-

17 1847 21 1885 Ι
61 1849 204 1890 natae.
350 1852 366 1888 4
406 1845 607 1904 Εὐμένης
643 1848 829 1890 Frankel
868 1848 1140 1890 dubitanter.
1201 1850 1244 1890 Is
1276 1849 1397 1890 enim
1436 1849 1683 1890 certamina
1711 1848 1850 1889 Attali
1880 1849 1898 1889 1
1936 1859 2043 1889 cum

18 1892 22 1983 'l
60 1919 279 1962 Antiocho
301 1920 486 1962 Hierace
515 1921 590 1962 hic
619 1922 666 1962 in
695 1932 884 1963 censum
913 1933 1006 1962 non
1029 1922 1183 1963 venire
1205 1921 1293 1963 sibi
1323 1922 1564 1975 persuasu,
1597 1922 1704 1974 quia
1734 1921 1913 1962 illarum
1944 1922 2046 1974 qui-

62 1991 165 2034 dem
194 1993 491 2035 victoriarum
521 1993 633 2034 illud
664 2004 880 2046 magnum
911 1996 1260 2035 monumentum
1293 1993 1467 2047 fuisset,
1510 1993 1635 2046 quod
1666 1993 1854 2035 haberet
1882 1994 2044 2035 titulos

21 2080 24 2109 ε
61 2075 103 2106 n.
126 2067 365 2106 273-279.
426 2065 574 2114 Quare
603 2065 701 2106 fieri
733 2077 823 2107 non
853 2076 990 2119 posse
1021 2067 1132 2119 quin
1163 2078 1206 2108 v.
1231 2070 1253 2106 3
1284 2066 1535 2108 Antiochus
1566 2066 1624 2105 111
1655 2066 1842 2118 Magnus
1872 2066 2045 2107 intelle-

59 2138 253 2190 geretur.
310 2137 368 2178 At
397 2137 453 2179 de
483 2138 582 2180 eius
612 2138 732 2180 bello
765 2151 802 2181 a.
829 2142 908 2180 490
943 2151 980 2180 a.
1004 2139 1107 2180 Chr.
1130 2151 1171 2180 n.
1205 2140 1331 2192 gesto
1363 2139 1451 2180 loci
1475 2137 1850 2190 significationem
1874 2138 1979 2190 (not.
2004 2139 2041 2191 3)

22 2223 25 2253 ι
59 2210 256 2262 cogitare
286 2221 376 2251 non
406 2211 567 2252 sinere.
625 2211 747 2253 Nihil
784 2211 924 2264 igitur
954 2213 1125 2253 restare
1154 2212 1243 2253 nisi
1275 2213 1326 2253 ut
1355 2211 1414 2253 ad
1444 2211 1549 2253 anni
1582 2214 1663 2252 497
1695 2223 1732 2252 a.
1763 2211 1865 2252 Chr.
1897 2223 1940 2252 n.
1971 2222 2044 2252 res

59 2282 207 2334 gestas
247 2284 594 2324 monumentum
631 2282 890 2337 referretur,
929 2295 1021 2336 quo
1066 2283 1316 2324 Antiochus
1356 2283 1722 2325 Ptolemaeorum
1769 2283 1951 2336 oppidis
1997 2283 2045 2324 in

24 2386 27 2412 Ι
59 2352 212 2395 Cilicia
242 2354 379 2408 Lycia
409 2355 540 2396 Caria
570 2355 669 2396 sitis
700 2355 842 2408 potiri
873 2359 1063 2398 conatus
1094 2358 1226 2409 esset,
1259 2356 1390 2397 cuius
1421 2357 1643 2409 impetum
1676 2358 1829 2397 tamen
1849 2355 2044 2398 Rhodio-

25 2413 29 2480 ἰ
57 2437 163 2468 rum
193 2427 360 2468 auxilio
391 2428 718 2480 repressissent
748 2428 969 2470 civitates.
1031 2428 1093 2470 Cf.
1126 2430 1220 2470 Liv.
1250 2429 1450 2482 XXXIII,
1474 2432 1542 2482 49,
1573 2432 1641 2469 44;
1680 2426 1824 2470 simul
1850 2451 1908 2459 —
1934 2425 2044 2470 Oili-

27 2514 30 2552 ς
60 2495 158 2541 ciae
183 2495 435 2553 Lyciaeque
463 2501 504 2541 et
529 2496 695 2542 Cariae
723 2502 978 2543 tentaturus
1006 2499 1150 2555 urbes,
1180 2513 1294 2556 quae
1322 2498 1378 2542 in
1406 2497 1585 2543 dicione
1612 2498 1862 2543 Ptolemaei
1888 2503 2043 2543 essent.

28 2566 32 2628 J
62 2572 130 2624 20,
153 2573 204 2611 40
224 2582 342 2624 sqq.:
374 2570 456 2614 hoc
482 2569 646 2614 nuntio
677 2573 746 2625 (de
773 2574 947 2627 proelio
977 2573 1034 2615 ad
1056 2573 1436 2627 Cynoscephalas)
1469 2575 1643 2628 accepto
1673 2570 1845 2615 Rhodii
1871 2572 2043 2628 dempto

28 2630 32 2683 ζ
61 2644 182 2685 metu
209 2655 241 2685 a
267 2641 484 2699 Philippo
513 2642 765 2688 omiserunt
793 2642 1040 2688 consilium
1079 2643 1255 2688 obviam
1293 2643 1436 2688 ewndi
1470 2643 1611 2688 classe
1639 2642 1874 2700 Antiocho,
1912 2643 2045 2688 illam

30 2731 34 2758 ι
62 2711 252 2759 alteram
280 2728 443 2758 cumam
471 2729 567 2759 non
593 2715 845 2760 omiserunt
874 2717 1064 2761 tuendae
1102 2715 1323 2761 libertatis
1352 2715 1589 2760 civitatmn
1625 2715 1862 2760 sociarum
1900 2715 2045 2761 Ptole-

31 2795 35 2834 0
64 2784 197 2842 maci,
228 2786 391 2843 quibus
420 2787 582 2832 bellum
618 2788 674 2832 ab
703 2787 925 2833 Antiocho
954 2788 1254 2834 imminebat.
1275 2803 1390 2833 nam
1426 2788 1548 2833 alias
1586 2787 1780 2833 auxiliis
1817 2788 2044 2845 iuverunt,

32 2862 37 2888 l
63 2856 184 2902 alias
205 2858 482 2915 providendo
510 2874 566 2904 ac
588 2861 924 2916 praemonendo
954 2865 1142 2906 conatus
1181 2860 1322 2905 bostis
1352 2875 1581 2917 causaque
1608 2860 1828 2905 libertatis
1856 2860 2044 2917 fuerunt

70 2926 254 2987 Gawnis,
284 2930 483 2988 Myndis,
515 2931 1004 2978 Halicarnassensibus
1034 2932 1307 2990 Samiisque.
1357 2935 1414 2976 At
1444 2947 1592 2989 neque
1623 2935 1698 2976 hic
1727 2936 1818 2976 ulla
1849 2937 1919 2976 est
1949 2947 2043 2976 me-

34 3018 39 3044 1
66 3005 208 3046 moria
238 3006 393 3047 auxilii
423 3006 686 3048 civitatibus
717 3019 743 3049 a
771 3007 954 3060 regibus
985 3009 1272 3061 Pergamenis
1312 3008 1534 3050 adversus
1563 3007 1834 3048 Antiochum
1867 3008 1960 3061 lati,
1998 3009 2045 3048 et

65 3076 240 3118 nullum
268 3080 369 3119 tum
396 3077 539 3120 fuisse
568 3079 686 3120 inter
713 3079 930 3122 Attalidas
969 3082 1015 3122 et
1043 3081 1300 3122 Seleucidas
1337 3080 1508 3122 bellum
1549 3091 1606 3120 ex
1635 3081 1748 3121 Livii
1786 3081 2043 3121 narratione

37 3149 41 3174 ¹
67 3145 254 3204 (XXXII,
277 3153 345 3204 27,
370 3151 407 3203 4)
439 3151 619 3204 collegit
646 3152 885 3195 Meischke‚
945 3152 1032 3202 Qui
1061 3155 1185 3195 recte
1216 3153 1271 3194 de
1300 3152 1523 3194 Antiocho
1548 3152 1734 3193 Hierace
1765 3152 1877 3193 haec
1907 3153 2044 3194 inter-

66 3222 284 3277 pretatur,
318 3234 424 3265 nam
455 3235 595 3276 quam
624 3224 886 3266 Frankelius
914 3237 1053 3267 unam
1084 3226 1192 3267 huic
1223 3225 1471 3266 sententiae
1508 3224 1692 3266 obstare
1731 3225 1944 3278 opinatur
1972 3237 2043 3266 ra·

68 3290 250 3348 tionem,
288 3305 341 3336 ea
370 3296 418 3336 in
446 3307 600 3337 errore
630 3296 685 3337 de
715 3299 1012 3339 monumento
1051 3298 1128 3339 illo
1167 3297 1406 3350 magnifico
1443 3297 1594 3350 posita
1630 3298 1700 3338 est
1737 3296 1806 3349 (cf.
1838 3308 1880 3338 n.
1903 3296 2044 3350 2732).

68 3361 340 3408 Antiochum
355 3368 591 3410 Hieracem
611 3379 720 3410 vero
741 3370 789 3410 in
804 3370 931 3412 Caria
953 3370 1009 3412 ab
1025 3370 1174 3412 Attalo
1195 3372 1462 3423 superatum
1483 3380 1583 3410 esse
1603 3370 1797 3410 testatur
1818 3369 2044 3412 Eusebius

43 3439 47 3474 ᾳ
71 3434 267 3479 Chron.1
296 3450 341 3493 p.
363 3443 461 3494 253,
485 3444 509 3482 5
529 3451 626 3494 sqq.
673 3441 893 3484 Schoene:
933 3454 1057 3485 aomo
1089 3440 1247 3497 primo
1277 3439 1543 3484 centesimae
1581 3438 1839 3484 tricesimae
1867 3444 2043 3486 octavae

43 3507 47 3541 ἶ
70 3504 348 3566 olompiadis,
387 3510 443 3554 in
475 3510 723 3556 Wrakiam
758 3510 911 3569 fuyere
943 3513 1000 3558 ab
1028 3512 1177 3557 Attalo
1214 3516 1392 3557 coactus
1421 3516 1525 3569 post
1546 3511 1776 3569 proelium
1804 3512 1860 3557 in
1889 3511 2044 3558 Karia

44 3577 252 3636 *factatam
295 3582 506 3627 moritur.
573 3585 642 3626 Ad
685 3586 773 3628 hoc
817 3588 921 3628 anni
961 3591 1042 3629 228
1082 3600 1122 3629 a.
1154 3588 1254 3629 Chr.
1287 3600 1330 3629 n.
1374 3587 1601 3640 proelium
1647 3589 1823 3641 spectat
1867 3589 2040 3629 titulus.

73 3653 103 3692 2
134 3650 388 3715 Νικηφόρωι
419 3657 617 3711 Frankel,
658 3658 782 3711 quod
822 3661 1008 3700 retinuit
1048 3661 1289 3714 Meischke‚
1330 3659 1408 3701 sed
1446 3661 1568 3701 recte
1608 3661 1765 3702 reiecit
1803 3661 2040 3714 Staehelin,

156 3736 207 3770 Di
194 3738 505 3784 Mttenberger
533 3742 592 3775 Ori
561 3752 638 3775 nen
617 3741 689 3774 nist
714 3741 772 3775 Gr.
810 3752 902 3777 unse
940 3744 1698 3787 129
