2314 3970
142 150 240 203 345]
707 148 977 191 Nicomedes
1007 149 1065 189 111
1097 148 1280 200 (92—74
1304 160 1342 190 a.
1364 149 1464 190 Chr.
1487 147 1559 199 n.).
2014 152 2107 200 551

282 341 336 373 τε
373 322 500 373 θεῶι
537 319 623 373 καὶ
660 325 743 374 τᾶι
778 323 939 391 πόλει,
972 317 1311 392 Ἀριστοκλέος
1347 324 1436 374 τοῦ
1462 317 1778 392 ζΗρ[οἰκωνος
1793 323 1850 390 11,
1879 317 2061 391 εΥβρία
2076 323 2119 357 12

200 422 251 462 10
281 407 388 476 τοῦ]
421 407 438 478 ΙΙ
475 407 718 473 Ξένωνος,
762 407 877 467 ἄξια
902 406 1210 479 πράσσοντες
1243 409 1561 461 αὖτοσαυτῶν
1601 429 1654 460 τε
1690 407 1777 460 καὶ
1813 410 1911 460 τῶν
1937 409 2119 478 προγό-

280 514 376 547 νων
403 494 778 564 ἐπαγ[γείλαντο
796 497 835 531 13
874 495 1125 564 σώματα,]
1167 494 1172 564 l
1215 495 1247 547 ἃ
1280 493 1366 547 καὶ
1393 496 1759 563 ἐξαπέστειλαν,
1803 495 2120 553 συνθέντες14

134 666 241 696 cum
272 654 664 707 simplicissimum
696 656 817 695 esset
844 664 1221 706 unumquemque
1258 654 1305 694 in
1336 665 1442 694 eum
1472 654 1623 694 locum
1656 655 1837 695 restitui
1867 654 1947 695 ubi
1988 655 2119 694 antea

132 727 305 768 fuisset.
367 726 492 767 Adde
523 726 660 779 quod,
693 727 730 767 si
761 737 814 766 ea
844 727 964 767 esset
993 725 1215 766 sententia
1245 725 1414 765 decreti
1444 737 1583 777 quam
1615 726 1814 767 Couvius
1845 726 1956 779 vult,
1996 737 2119 767 com-

127 800 283 852 'posito
315 795 504 839 ἀπαιτὲω
537 798 756 839 utendum
787 798 891 850 fuit;
924 797 1049 850 quod
1079 797 1154 837 hic
1184 797 1387 849 suppleri
1408 808 1497 837 non
1527 797 1632 838 licet
1662 809 1767 838 cum
1799 800 1988 851 propter
2017 809 2119 839 ver-

134 882 270 912 suum
302 870 538 912 divisionis
569 871 688 922 leges
721 881 837 923 quae
868 870 914 909 in
945 870 1032 910 hoc
1061 869 1194 909 titulo
1227 868 1543 922 observantur,
1585 872 1684 909 tum
1723 871 1830 921 quia
1859 870 1905 910 id
1944 881 2036 910 non
2067 871 2120 910 ut

132 943 327 995 simplex
365 943 514 983 medio
546 953 707 994 genere
737 942 950 995 usurpari
981 942 1109 982 solet.
1259 944 1310 980 40
1351 941 1551 982 Articulo
1591 942 1735 982 careri
1765 954 1854 983 non
1891 953 2041 995 posse,
2081 942 2119 982 si

131 1026 240 1056 vera
271 1016 391 1055 esset
420 1014 578 1055 Couvii
610 1014 832 1054 sententia
862 1013 917 1054 de
948 1013 1093 1054 servis
1115 1012 1323 1053 abductis
1355 1014 1399 1053 et
1420 1013 1643 1054 restitutis
1666 1014 1770 1065 (not.
1796 1014 1848 1066 9),
1880 1016 2120 1055 verissime

131 1087 313 1127 monuit
343 1086 561 1126 Pomtow.
622 1086 702 1126 Illa
731 1096 840 1127 vero
871 1085 1133 1126 coniectura
1161 1084 1356 1125 refutata
1385 1085 1523 1125 etiam
1544 1086 1741 1126 rationes
1763 1085 1932 1137 quibus
1954 1086 2120 1127 ductus

129 1158 204 1199 ille
234 1157 324 1198 fere
355 1169 392 1198 a.
430 1160 482 1198 84
515 1169 553 1198 a.
584 1157 684 1198 Chr.
716 1157 828 1198 haec
859 1157 1040 1198 decreta
1071 1157 1243 1209 statuit,
1284 1157 1392 1209 quia
1422 1168 1504 1209 per
1534 1168 1612 1197 eos
1653 1157 1946 1209 potissimum
1979 1168 2120 1199 annos

46 1267 48 1270 ,
128 1229 296 1271 talibus
327 1228 666 1270 incursionibus
698 1230 743 1270 et
770 1230 942 1282 rapinis
963 1229 1123 1281 Delphi
1153 1230 1306 1270 vexati
1336 1230 1502 1280 essent,
1532 1229 1766 1269 tolluntur.
1818 1230 1952 1270 Recte
1982 1230 2120 1281 igitur

33 1342 37 1347 ,
127 1304 349 1355 Pomtow,
380 1312 488 1342 cum
519 1302 647 1342 initio
685 1301 928 1354 ambiguus
966 1302 1200 1354 haesisset,
1240 1303 1476 1353 postremo
1514 1301 1571 1342 ad
1608 1313 1777 1342 annum
1810 1298 1902 1356 92s4
1944 1314 1981 1342 a.
2015 1302 2117 1343 Chr.

30 1373 50 1424 ,s
128 1377 323 1416 aetatem
368 1373 538 1415 decreti
576 1374 734 1414 reiecit
775 1375 880 1425 (not.
919 1374 957 1425 7)
999 1373 1143 1426 probe
1183 1373 1458 1426 intellegens,
1500 1384 1659 1426 preces
1699 1374 1983 1427 Delphorum
2024 1386 2118 1415 non

32 1444 37 1454 '
127 1447 282 1499 inopia
311 1455 550 1498 expressas
581 1456 694 1499 esse,
726 1445 806 1486 sed
834 1445 967 1498 plane
988 1445 1146 1486 eadem
1176 1446 1354 1486 ratione
1385 1445 1614 1498 supplices
1637 1447 1682 1486 et
1709 1445 1941 1487 mendicos
1964 1457 2118 1498 regem

129 1519 307 1571 adiisse,
349 1529 439 1570 qua
470 1519 602 1559 antea
632 1517 689 1558 ab
719 1518 867 1558 Attalo
898 1518 937 1557 II
967 1518 1209 1570 pecuniam
1241 1518 1569 1570 expetivissent
1599 1529 1690 1570 qua
1721 1520 1932 1571 sumptus
1965 1518 2022 1559 ad
2051 1519 2117 1559 in-

127 1591 414 1632 stitutionem
444 1601 695 1643 puerorum
726 1590 1010 1631 necessarios
1041 1590 1287 1631 tolerarent
1317 1588 1460 1642 (ΞΥΙΙ.2
1482 1590 1592 1641 306).
1652 1589 1782 1637 Quod
1814 1602 1838 1631 a
1866 1590 2118 1632 Nicomede

127 1663 348 1716 homines,
380 1674 468 1704 non
499 1663 742 1715 pecuniam
768 1663 1040 1715 petiverunt,
1074 1662 1119 1703 id
1139 1662 1320 1704 Niesius
1351 1662 1475 1715 apud
1495 1663 1799 1703 Pomtowium
1830 1662 2030 1715 perbene
2061 1674 2115 1703 eo

127 1735 302 1776 rettulit
350 1734 473 1787 quod
523 1735 645 1775 servi
689 1734 873 1787 Bithyni
922 1737 1103 1787 praeter
1147 1735 1261 1775 alios
1311 1735 1447 1776 utiles
1496 1734 1764 1776 habebatur.
1827 1734 1887 1775 Cf.
1932 1735 2116 1775 Diodor.

38 1784 47 1823 ²
126 1806 327 1861 XXXVI,
351 1810 388 1860 3,
413 1810 452 1846 4:
494 1804 515 1847 ὁ
548 1804 594 1847 δὲ
626 1806 908 1858 (Nicomedes
939 1806 1034 1859 rex)
1065 1804 1286 1862 ἀπόκρισιν
1318 1804 1453 1848 ἔδωκε
1483 1805 1581 1853 τοὺς
1612 1804 1783 1851 πλείους
1811 1812 1895 1847 τῶν
1917 1803 2115 1848 Βιθυνῶν

126 1877 210 1920 ὑπὸ
241 1884 325 1920 τῶν
348 1876 627 1933 ὃημοσιωνῶν
649 1876 956 1935 διαρπαγέντας
979 1875 1193 1919 δουλεύειν
1215 1876 1259 1920 ἐν
1280 1881 1375 1924 ταῖς
1397 1875 1634 1935 ἐπαρχίαις.
1677 1877 1834 1918 Catuli.
1858 1880 1926 1931 40,
1951 1880 2002 1918 44
2016 1888 2115 1930 sqq.

42 1942 47 1976 ²
127 1953 175 1994 at
203 1953 316 1993 certe
345 1952 499 1992 tamen
527 1973 583 1980 -
613 1949 732 2006 quod
758 1947 858 1993 illic
889 1951 947 2001 (in
969 1950 1194 2003 Bithynia)
1224 1952 1388 1992 natum
1418 1947 1590 1992 dicitur
1616 1962 1707 1991 csse
1736 1947 2025 2004 comparasti,
2056 1948 2120 1993 ad

126 2021 330 2065 lecticam
358 2020 578 2065 homines.
726 2026 773 2063 44
814 2023 1051 2076 Supplevit
1070 2023 1283 2064 Pomtow
1315 2023 1414 2063 coll.
1440 2023 1511 2063 Gr.
1534 2022 1877 2075 Dialektinschr.
1900 2023 1938 2062 II
1970 2033 2012 2075 p.
2033 2025 2115 2064 548

32 2133 44 2154 n.
125 2107 169 2137 n.
193 2099 317 2148 2⁴80,
342 2099 364 2136 3
383 2106 506 2148 sqq.:
546 2092 752 2137 ἀπέδοντο
785 2091 984 2141 Σωτύλος
1020 2093 1094 2137 καὶ
1122 2090 1392 2152 Ἀριστοκλῆς
1425 2093 1465 2137 οἱ
1499 2087 1746 2154 Ἡράκωνος
1775 2100 1855 2136 τῶι
1883 2089 2117 2137 Ἀπόλλωνι

124 2173 204 2209 τῶι
235 2164 404 2210 Πυθίωι
437 2168 613 2222 σώματα
642 2170 864 2225 γυναικεῖα
894 2165 987 2209 κτλ.
1038 2167 1332 2209 Accuratiora
1363 2168 1418 2208 de
1449 2168 1547 2208 eius
1578 2167 1747 2208 familia
1778 2179 1820 2208 v.
1854 2167 1976 2219 apud
2007 2178 2116 2207 eun-

127 2240 232 2280 dem
253 2240 408 2281 Philol.
425 2239 518 2280 LIV
549 2251 593 2292 p.
617 2243 712 2281 236.
862 2243 913 2280 42
955 2239 1192 2292 Supplevit
1213 2240 1432 2292 Pomtow,
1465 2240 1545 2292 qui
1567 2241 1722 2280 monet
1742 2240 1863 2280 hunc
1883 2239 2115 2280 hominem

36 2314 43 2320 ”
126 2313 231 2365 plus
269 2323 407 2364 quam
449 2311 724 2354 duodeciens
759 2313 807 2353 in
838 2312 982 2353 titulis
1013 2312 1218 2353 eiusdem
1250 2313 1423 2365 aetatis,
1466 2313 1596 2353 cuius
1639 2313 1729 2352 hoc
1767 2313 1826 2352 sit
1866 2311 2114 2365 decretum,

126 2385 492 2425 commemorari.
552 2385 734 2425 Praeter
774 2384 896 2425 hunc
923 2396 1069 2425 unum
1107 2384 1161 2425 de
1192 2396 1283 2437 quo
1316 2385 1507 2436 cogitari
1545 2385 1692 2436 possit
1729 2395 1828 2424 esse
1859 2384 2114 2424 Sostratum

125 2456 328 2498 Xenonis
365 2456 407 2510 f.‚
453 2457 584 2498 cuius
626 2467 718 2497 non
766 2457 854 2498 nisi
894 2457 1035 2498 semel
1073 2458 1243 2498 mentio
1288 2457 1366 2498 fiat
1411 2457 1483 2498 Gr.
1520 2457 1863 2498 Dialektinschr.
1895 2457 2006 2509 Hyp.
2031 2459 2112 2497 544

127 2541 168 2569 n.
194 2532 267 2569 224
283 2533 321 2582 9,
350 2532 417 2570 40.
450 2532 517 2570 44;
561 2526 770 2584 παρόντος
808 2526 930 2570 αὐτᾶι
971 2525 1224 2584 Σωστράτου
1255 2531 1330 2570 τοῦ
1365 2525 1570 2574 Ξένωνος.
1633 2529 1794 2581 Utique
1832 2528 2115 2569 reiciendum

127 2601 288 2642 Couvii
330 2601 700 2654 supplementum
739 2597 932 2652 [Βίαντος
970 2601 1060 2654 τοῦ]
1096 2599 1102 2655 Ι
1139 2597 1344 2654 Ξένωνος,
1389 2602 1496 2654 quia
1533 2603 1579 2642 et
1616 2597 1722 2646 Βίας
1759 2612 1928 2642 nomen
1965 2612 2114 2654 neque

125 2674 311 2726 Delphis
343 2684 489 2726 neque
522 2674 707 2714 omnino
737 2684 934 2726 usquam
964 2674 1011 2714 in
1042 2674 1290 2715 continenti
1313 2674 1497 2715 Graecia
1527 2675 1572 2714 et
1593 2674 1902 2726 Peloponneso
1936 2675 2115 2726 praeter

125 2745 463 2786 Lacedaemona
500 2744 648 2798 fuerit,
689 2747 735 2786 et
770 2745 908 2786 homo
940 2757 982 2786 v.
1007 2748 1052 2785 44
1093 2747 1484 2786 commemoratus
1523 2745 1760 2786 manifesto
1797 2756 1890 2786 non
1919 2745 2114 2798 Delpho-

127 2829 230 2858 rum
261 2818 317 2858 ad
349 2828 516 2869 regem,
555 2817 635 2858 sed
665 2818 783 2870 regis
817 2817 873 2858 ad
903 2818 1099 2870 Delphos
1129 2818 1304 2870 legatus
1335 2818 1407 2871 sit,
1446 2818 1521 2858 cui
1549 2818 1622 2858 ille
1658 2818 1884 2870 mancipia
1916 2818 2114 2870 Delphos

124 2890 404 2931 traducenda
425 2889 720 2931 mandaverit.
777 2926 780 2929 ,
854 2893 906 2930 43
950 2890 1187 2943 Supplevit
1209 2891 1430 2931 Pomtow.
1483 2887 1828 2946 ἐπαγ[γέλλονται
1849 2887 1902 2929 τὰ
1922 2889 2114 2943 σώματα]

126 2962 293 3004 Couve.
353 2962 582 3002 Articulus
628 2963 674 3002 et
713 2963 865 3003 omitti
901 2963 1066 3015 potuit,
1115 2964 1223 3015 quia
1262 2974 1352 3004 non
1392 2963 1505 3004 certi
1543 2963 1752 3003 homines
1795 2963 2026 3015 petuntur,
2069 2964 2114 3002 et

124 3035 245 3087 poni,
278 3035 386 3087 quia
415 3046 458 3075 v.
483 3038 505 3075 8
539 3033 595 3074 de
615 3034 893 3086 Delphorum
925 3035 1143 3087 petitione
1173 3035 1265 3076 iam
1285 3034 1458 3076 dictum
1489 3036 1606 3086 erat3
1639 3034 1719 3075 sed
1748 3034 1881 3086 spatii
1913 3035 2113 3075 rationes

126 3107 366 3148 Pomtowii
398 3107 766 3159 supplementum
797 3107 1129 3148 commendant.
1307 3109 1358 3148 44
1400 3107 1623 3148 Tradendi
1654 3107 1748 3147 vim
1779 3106 2000 3147 vocabulo
2032 3107 2112 3146 tri-

124 3178 226 3220 buit
255 3179 480 3231 Baunack,
521 3179 584 3219 ita
621 3180 674 3219 ut
711 3178 942 3220 obiectum
974 3180 1033 3220 sit
1063 3177 1116 3220 τὰ
1147 3179 1336 3234 σώματα,
1377 3179 1627 3220 infinitivus
1658 3190 1769 3219 vero
1813 3178 1991 3219 finalem
2032 3190 2111 3219 no-

124 3251 294 3291 tionem
326 3251 502 3292 habeat.
562 3250 670 3291 Mihi
708 3252 863 3303 potius
901 3251 1156 3304 imperandi
1194 3250 1520 3303 significatione
1560 3250 1649 3291 dici
1680 3250 1875 3291 videtur.
1937 3249 2034 3297 Qua
2065 3251 2111 3290 vi

125 3333 209 3375 pro
241 3323 498 3376 antiquiore
528 3319 750 3377 ἐπιτάττω,
780 3322 1024 3378 προστάττω
1057 3324 1268 3365 inferiore
1290 3325 1435 3364 aetate
1456 3323 1577 3364 haud
1598 3334 1701 3363 raro
1723 3323 1861 3363 etiam
1893 3320 2110 3364 συντάσσω

125 3396 340 3448 usurpari
370 3406 443 3436 res
482 3396 589 3436 nota
618 3397 699 3436 est:
760 3395 822 3437 Cf.
853 3407 896 3436 n.
918 3399 1016 3450 468,
1040 3399 1113 3437 29:
1152 3394 1298 3442 καλῶς
1340 3393 1413 3437 οὖν
1452 3394 1645 3450 ποιήσεις
1688 3391 1888 3443 συντάξας
1926 3396 2112 3451 προνοῆ-

128 3463 275 3522 θῆν[αι
305 3465 420 3514 ὅπως
439 3464 652 3520 τεύξονται
674 3467 731 3508 ὧν
753 3465 939 3521 ἀξιοῦσι].
981 3467 1111 3521 syll.2
1132 3472 1229 3520 209,
1253 3472 1297 3509 8:
1330 3465 1539 3524 [καθάπερ
1562 3466 1583 3509 ὁ
1609 3464 1807 3522 βασιλεὺς
1828 3463 2111 3521 Π]τολεμαῖος

128 3537 363 3589 συνέταξεν.
396 3542 493 3592 477,
525 3542 591 3580 76.
625 3542 691 3580 87.
731 3543 828 3592 523,
858 3543 924 3581 43.
984 3542 1041 3581 At
1073 3541 1193 3581 idem
1223 3541 1269 3580 in
1301 3539 1496 3581 verbum
1528 3550 1842 3592 synonymum
1875 3535 2111 3580 συντιθέναι

128 3611 289 3652 cadere
320 3611 452 3652 docet
482 3611 594 3651 Plut.
617 3612 735 3664 Sept.
767 3622 861 3664 sap.
893 3613 1158 3654 convivium
1181 3615 1204 3652 6
1237 3623 1280 3665 p.
1305 3615 1377 3653 454
1396 3612 1451 3652 Β;
1492 3609 1736 3666 ἡττώμενος
1769 3609 1816 3652 δὲ
1844 3613 1933 3657 τοῖς
1965 3607 2110 3656 ἄλλοις
