2314 3970
229 157 332 207 520
899 154 948 229 Υ.
998 154 1197 230 Regnum
1228 152 1542 231 Attalidarum.
2055 159 2212 210 [333-

373 322 641 393 ὑμεῖν<ν>3,
695 319 777 391 ἐφ’
834 319 875 391 ᾧ
926 321 1118 390 μ[ηὸὲν]
1160 321 1164 391 Ι
1209 323 1259 373 ἐν
1309 327 1393 392 τῆι
1431 326 1598 393 δωρεᾷ
1644 322 1857 395 ταύτηι4
1909 327 2207 396 ἀλλα·(ῆνα[ι

318 426 341 464 5
374 411 483 479 τὴν]
524 409 528 477 Ι
573 407 841 477 συνήθειαν
881 408 942 476 ἢν
982 406 1140 477 ἔχετε,
1191 405 1331 478 εἴπερ
1379 408 1566 478 ἀληθ[ῆ
1610 411 1740 463 ἐστιν
1782 412 1864 480 ἃ5]
1901 412 1916 482 Η
1954 414 2209 482 γραφέντα

368 496 602 564 λαβόντες
647 491 786 563 παρά
839 513 892 545 τε
947 493 1061 560 τ[ῶν
1109 493 1380 563 πρόσθενθ]
1423 494 1427 564 Ι
1469 492 1553 546 καὶ
1609 499 1706 547 τῶν
1765 499 1898 566 ἐμῶν
1956 499 2208 568 προγόνων

368 580 565 648 ταύτη[ι
602 579 869 650 χρῆσθε7.]
901 579 906 648 Ι
938 579 1026 631 δύο
1068 578 1122 631 δὲ
1161 580 1313 632 ὄντων
1354 579 1692 651 ψηφισμάτων
1733 582 1766 634 ἅ
1807 583 1908 652 μ[οι
1946 583 2162 652 ἔδωκαν]
2205 604 2207 639 ;

368 667 414 717 οἱ
455 665 686 735 ὑμέτεροι
722 665 954 735 πρέσβεις
993 663 1078 717 καὶ
1116 664 1296 736 σχεδὸν
1333 665 1553 735 [ὁμοίων]
1583 666 1588 736 l
1621 668 1737 736 μίαν
1764 667 1888 739 πρὸς
1916 669 2044 722 αὐτὰ
2087 669 2214 738 ὑπη-

222 868 474 909 vocabatur
495 867 699 918 (Hierocl.
724 867 912 920 Synecd.
940 870 1034 920 670,
1059 871 1096 908 8.
1147 865 1555 921 Apollonihieritae
1585 868 1692 909 Plin.
1715 868 1768 909 N.
1791 870 1893 910 hist.
1917 870 1967 923 V,
1994 871 2101 922 444).
2148 872 2211 911 De

222 941 363 981 sacris
395 940 504 980 deae
536 939 741 980 Persicae
773 939 894 992 apud
926 939 1368 980 Hierocaesarienses
1401 939 1454 980 cf.
1487 940 1623 981 etiam
1655 941 1843 982 Pausan.
1867 942 1918 994 V,
1942 945 2009 995 27,
2033 946 2081 983 5:
2125 940 2212 983 ἔστι

221 1012 298 1067 γὰρ
330 1008 490 1056 Λυδοῖς
522 1008 744 1066 ἐπίκλησιν
768 1007 979 1067 Περσικῆς
1014 1008 1103 1068 ἱερὰ
1135 1009 1178 1051 ἕν
1208 1024 1254 1051 τε
1278 1003 1602 1067 Ἱεροκαισαρείᾳ
1631 1009 1705 1053 καὶ
1737 1009 1780 1053 ἐν
1805 1005 2035 1059 Ὑπαίποις.
2096 1013 2210 1055 Nam

221 1084 299 1136 sic,
333 1094 422 1124 non
443 1079 667 1137 Περσικοῖς
698 1082 939 1134 legendum
971 1093 1071 1123 esse
1102 1082 1214 1122 mihi
1236 1082 1421 1135 quidem
1445 1084 1755 1124 certissimum
1779 1084 1974 1126 videtur.
2024 1084 2212 1126 Nummi

222 1154 711 1196 Hierocaesariensium
755 1155 1025 1206 inscriptum
1066 1153 1234 1195 habent
1273 1156 1523 1196 ΠΕΡΣΙΚΗ.
1584 1155 1645 1196 Cf.
1684 1156 1892 1208 Droysen
1934 1157 2091 1197 Gesch.
2134 1157 2212 1198 des

221 1227 522 1267 Hellenismus
553 1227 624 1279 III,
658 1229 682 1265 2
723 1237 765 1278 p.
797 1229 878 1266 277
899 1236 996 1278 sqq.
1175 1229 1199 1265 2
1239 1226 1446 1278 Aliquem
1489 1237 1544 1267 ex
1586 1227 1832 1269 Seleucidis
1871 1227 2056 1280 regibus
2096 1229 2212 1269 hanc

220 1299 463 1351 epistulam
506 1298 746 1350 scripsisse
788 1298 1082 1338 consentiunt
1111 1298 1305 1339 Foucart
1335 1300 1379 1338 et
1410 1298 1733 1339 Haussoullier.
1797 1298 1928 1347 Quod
1970 1300 2007 1340 si
2047 1300 2213 1352 proba-

220 1371 353 1423 veris,
394 1382 485 1412 non
515 1371 684 1423 poterit
724 1380 839 1410 anno
871 1372 951 1409 490
986 1381 1023 1410 a.
1055 1369 1155 1410 Chr.
1198 1371 1424 1411 recentior
1454 1370 1624 1411 haberi.
1685 1371 1742 1411 At
1779 1383 1926 1423 neque
1957 1372 2213 1413 litteratura

219 1453 366 1494 neque
398 1441 722 1495 orthographia
752 1441 872 1483 tituli
903 1441 1039 1481 tertio
1073 1453 1112 1482 a.
1134 1441 1235 1482 Chr.
1258 1453 1299 1482 n.
1334 1442 1515 1483 saeculo
1542 1443 1776 1494 convenit3
1809 1444 1951 1484 immo
1983 1445 2088 1496 post
2118 1455 2213 1484 me-

219 1514 344 1554 dium
385 1515 578 1555 alterum
617 1513 851 1554 saeculum
891 1515 1103 1554 exaratus
1145 1514 1340 1555 videtur.
1401 1513 1549 1562 Quare
1588 1515 1740 1555 nullus
1780 1514 1953 1568 dubito,
1996 1516 2107 1567 quin
2137 1517 2215 1556 At-

218 1587 297 1627 tali
318 1587 355 1626 11
386 1588 478 1638 aut,
511 1585 634 1638 quod
666 1586 762 1626 veri
793 1585 987 1626 similius
1019 1586 1155 1626 etiam
1189 1586 1414 1639 existimo,
1447 1586 1584 1627 Attali
1605 1587 1661 1626 III
1694 1587 1937 1638 (438-433
1968 1598 2006 1627 a.
2029 1587 2130 1628 Chr.
2155 1589 2210 1638 n.)

220 1659 290 1698 sit.
441 1662 462 1697 3
503 1658 567 1698 De
599 1668 799 1698 consona
832 1660 864 1698 Ν
908 1658 1135 1709 geminata
1177 1657 1230 1698 cf.
1263 1669 1304 1698 n.
1330 1656 1466 1698 20134.
1616 1660 1639 1698 4
1681 1658 1773 1699 Le.
1806 1670 1887 1712 per
1916 1659 2034 1700 hanc
2063 1661 2213 1699 muni-

218 1730 458 1771 ficentiam.
512 1730 573 1770 Cf.
606 1730 743 1770 Thuc.
766 1729 857 1782 VII,
884 1733 922 1782 8,
946 1732 990 1770 2.
1031 1727 1189 1786 ἔγραψε
1192 1745 1213 1770 ν
1256 1727 1499 1786 ἐπιστολήν,
1539 1729 1726 1785 νομίζων
1769 1727 1906 1777 οὕτως
1946 1727 1995 1771 ἂν
2029 1729 2212 1785 μάλιστα

217 1802 293 1858 τὴν
327 1800 455 1843 αὑτοῦ
486 1801 659 1858 γνώμην
703 1800 837 1859 μηδὲν
880 1800 923 1843 ἐν
964 1800 1030 1856 τῷ
1060 1799 1226 1859 ἀγγέλῳ
1266 1802 1415 1855 (culpa
1454 1803 1615 1855 nuntii)
1655 1800 1960 1858 ἀφανισθεῖσαν
1999 1799 2212 1858 μαθόντας

217 1873 315 1921 τοὺς
343 1869 591 1929 Ἀθηναίους
624 1871 935 1928 βουλεύσασθαι
964 1873 1061 1929 περὶ
1088 1878 1166 1929 τῆς
1197 1871 1418 1930 ἀληθείας.
1576 1879 1598 1915 5
1640 1875 1869 1928 Supplevi.
1921 1872 2153 1932 ἀληθ[ινῶς
2155 1875 2168 1927 ]
2202 1874 2208 1930 1

218 1944 431 2003 γραφέντα
460 1947 665 1999 Foucart,
707 1945 832 1998 quod
862 1947 914 1985 ut
945 1945 1043 1986 aliis
1074 1946 1337 1987 nominibus
1370 1957 1478 1988 sane
1509 1947 1670 1999 placet,
1710 1948 1776 1988 sic
1806 1958 1896 1988 non
1927 1947 2075 2000 video,
2119 1959 2210 1999 quo

216 2015 429 2075 γραφέντα
459 2019 647 2070 spectet.
705 2017 820 2059 Nam
852 2018 940 2058 hoc
969 2018 1262 2070 participium
1295 2019 1391 2059 sine
1431 2020 1624 2059 articulo
1659 2018 1945 2060 substantive
1982 2021 2211 2072 usurpari,

215 2092 267 2130 ut
307 2089 399 2130 fere
430 2090 551 2130 idem
591 2090 650 2129 sit
691 2101 742 2130 ac
781 2088 1025 2146 γράμματα,
1066 2090 1103 2130 si
1135 2090 1249 2142 quid
1285 2090 1414 2131 video
1463 2101 1545 2143 per
1582 2091 1761 2142 linguae
1799 2091 1920 2143 leges
1961 2103 2048 2132 non
2090 2092 2207 2132 licet.

218 2161 602 2202 Consuetudinem
634 2172 772 2213 quam
805 2162 904 2201 tum
937 2161 1132 2202 habeant
1152 2162 1321 2202 mutari
1344 2173 1432 2202 non
1454 2162 1555 2202 vult
1577 2173 1655 2203 rex
1686 2162 1904 2203 beneficio
1937 2174 2034 2216 suo,
2068 2163 2208 2215 siqui-

216 2234 319 2274 dem
351 2233 572 2285 genuinae
603 2233 694 2272 sint
722 2232 914 2285 litterae,
947 2244 1064 2284 quas
1096 2243 1199 2273 cum
1239 2233 1497 2286 acceperint
1527 2245 1552 2274 a
1582 2233 1815 2286 prioribus
1850 2234 2034 2286 regibus
2066 2236 2209 2287 scrip-

215 2308 285 2346 tas
317 2316 370 2345 ea
399 2306 600 2345 utantur.
651 2304 876 2345 Particula
907 2301 1027 2362 εἴπερ
1059 2305 1133 2345 hic
1165 2316 1254 2345 non
1285 2305 1599 2346 condicionem
1626 2306 1699 2346 vel
1730 2306 2040 2359 sumptionem
2071 2305 2209 2347 habet

216 2371 288 2428 (‘si
320 2370 506 2428 modo'),
539 2375 619 2416 sed
651 2375 706 2417 de
737 2387 786 2416 re
817 2376 1071 2416 certissima
1102 2376 1268 2416 dicitur
1297 2378 1350 2417 ut
1371 2377 1635 2418 Latinorum
1658 2372 1925 2430 ‘siquidem'.
1979 2377 2040 2419 Cf.
2071 2379 2207 2431 Soph.

212 2448 333 2489 Aiac.
358 2450 439 2489 542
472 2445 590 2503 εἴπερ
623 2445 796 2493 δικαίως
828 2441 911 2488 ἔστ’
933 2445 1036 2502 ἐμὸς
1065 2447 1118 2489 τὰ
1148 2445 1376 2506 πατρόθεν,
1408 2448 1488 2489 ubi
1519 2448 1722 2502 profecto
1755 2461 1844 2490 non
1876 2450 2020 2502 magis
2042 2449 2097 2490 de
2127 2449 2207 2490 filii

215 2532 352 2572 quam
384 2521 459 2561 hic
500 2519 556 2560 de
593 2520 848 2561 litterarum
888 2521 1082 2572 genuina
1121 2520 1294 2572 origine
1333 2520 1581 2562 dubitatur.
1761 2525 1784 2562 6
1825 2521 2054 2574 Supplevi.
2115 2521 2207 2574 τ[οῦ

214 2590 388 2647 πατρός]
417 2593 625 2644 Foucart,
657 2592 780 2644 quod
812 2592 851 2633 si
881 2592 991 2644 quid
1012 2592 1144 2633 video
1167 2592 1322 2633 verbis
1352 2591 1423 2633 καὶ
1452 2598 1535 2634 τῶν
1569 2591 1684 2648 ἐμῶν
1717 2592 1936 2650 προγόνων
1968 2593 2204 2634 refutatur.

213 2663 328 2704 Nam
361 2664 427 2704 sic
457 2663 582 2715 loqui
614 2675 703 2704 non
733 2665 885 2716 potest
914 2665 1002 2704 nisi
1033 2665 1111 2716 qui
1143 2675 1285 2705 suos
1318 2665 1514 2705 maiores
1538 2663 1774 2716 distinguit
1805 2664 1862 2705 ab
1893 2664 1992 2705 aliis
2015 2665 2204 2717 quibus-

214 2734 324 2776 libet
352 2734 615 2776 hominibus
647 2736 725 2787 qui
757 2747 845 2776 non
878 2737 984 2776 sunt
1015 2737 1099 2788 sui,
1139 2736 1186 2776 id
1216 2736 1341 2788 quod
1380 2736 1531 2777 hercle
1567 2737 1613 2776 in
1651 2737 1878 2777 neminem
1910 2737 2065 2777 minus
2095 2749 2205 2789 qua·

214 2807 315 2847 drat
345 2818 483 2859 quam
515 2807 560 2846 in
591 2808 782 2858 patrem.
844 2806 992 2854 Quare
1024 2807 1061 2847 si
1094 2818 1223 2848 mens
1254 2808 1373 2859 regis
1405 2819 1457 2848 ea
1487 2809 1609 2848 esset
1639 2818 1778 2860 quam
1809 2808 1942 2849 Fou0.
1974 2808 2086 2860 vult,
2127 2811 2205 2848 aut

214 2878 482 2931 simpliciter
510 2876 583 2919 καὶ
612 2882 697 2918 τῶν
728 2876 947 2934 προγόνων
979 2879 1058 2918 aut
1096 2880 1218 2919 certe
1255 2877 1328 2920 καὶ
1362 2883 1448 2920 τῶν
1480 2877 1700 2936 προγόνων
1739 2892 1837 2935 μου,
1875 2881 1928 2920 ut
1968 2881 2203 2932 genetivus

212 2950 498 3002 pronominis
529 2949 724 2990 enclitici
756 2949 811 2990 ad
843 2951 1020 3002 patrem
1052 2951 1095 2990 et
1126 2951 1322 2991 maiores
1353 2962 1444 2992 una
1473 2950 1732 3003 referretur,
1766 2950 1967 2992 scribere
1994 2950 2200 2992 debebat.

212 3022 336 3063 Adde
367 3011 494 3074 quod
534 3033 588 3062 ex
620 3021 801 3062 duobus
839 3022 1083 3074 postremis
1123 3021 1329 3063 Attalidis
1368 3024 1529 3064 neuter
1567 3023 1685 3076 patri
1723 3023 1812 3076 ipsi
1850 3024 2084 3076 successit,
2123 3024 2203 3064 sed

212 3093 388 3134 Attalus
405 3094 442 3132 ΙΙ
461 3093 602 3146 fratri,
626 3092 802 3134 Attalus
818 3093 875 3132 ΙΙΙ
893 3094 1069 3145 patruo.
1107 3093 1223 3134 Nam
1250 3094 1375 3146 quod
1401 3094 1638 3147 probabile
1661 3096 1743 3147 est,
1765 3094 1965 3135 Attalum
1982 3095 2019 3134 lI
2041 3097 2202 3135 natura

212 3168 387 3217 patrem
420 3165 559 3206 fuisse
586 3165 722 3206 Attali
754 3165 824 3218 Ill,
866 3164 914 3206 id
943 3165 1018 3205 hic
1049 3165 1095 3206 in
1127 3176 1314 3206 censum
1348 3178 1442 3207 non
1473 3167 1610 3220 venit,
1644 3166 1751 3219 quia
1783 3167 1828 3206 in
1859 3166 2021 3207 litteris
2052 3166 2201 3219 publi-

214 3237 277 3277 cis
309 3238 570 3289 postremus
601 3248 682 3277 rex
713 3248 894 3289 semper
925 3239 971 3277 et
1001 3236 1172 3289 ubique
1195 3237 1409 3278 Eumenis
1441 3238 1559 3279 filius
1591 3238 1800 3279 habetur.
1850 3238 2027 3279 Priores
2057 3249 2199 3290 reges,

213 3309 292 3360 qui
323 3310 426 3349 ante
448 3309 642 3350 maiores
664 3309 775 3362 eius,
807 3310 885 3361 qui
906 3309 1018 3350 haec
1039 3309 1234 3362 scripsit,
1266 3309 1439 3350 litteras
1461 3310 1518 3351 ad
1544 3310 1777 3351 civitatem
1799 3309 2016 3363 dederint,
2049 3310 2199 3351 Seleu-

213 3380 336 3420 cidas
358 3391 457 3421 esse
478 3380 580 3421 inde
603 3392 628 3421 a
650 3381 836 3422 Seleuco
854 3382 871 3420 I
892 3380 1106 3422 Nicatore
1128 3391 1274 3433 usque
1295 3381 1349 3422 ad
1367 3381 1643 3423 Antiochum
1659 3382 1715 3422 III
1737 3382 1947 3434 Magnum
1971 3381 2131 3433 (284-4
2146 3385 2195 3423 90

213 3463 251 3492 a.
292 3451 392 3492 Chr.
432 3452 488 3503 n.)
535 3453 611 3492 vix
651 3454 718 3492 est
764 3452 886 3504 quod
933 3464 1156 3494 moneam.
1218 3453 1424 3506 Cogitavi
1467 3454 1604 3494 etiam
1645 3453 1700 3494 de
1741 3453 2058 3506 supplemento
2100 3454 2199 3506 τ[ῶν

212 3519 384 3574 ἄλλων],
417 3523 494 3564 sed
527 3525 614 3565 hoc
645 3525 756 3564 mihi
787 3536 949 3576 parum
984 3524 1164 3565 definite
1195 3524 1367 3565 dictum
1401 3525 1593 3566 videtur.
1760 3529 1781 3564 7
1820 3525 2048 3577 Supplevi.
2099 3523 2198 3566 ταῦ-

212 3593 303 3648 τη[ν
339 3591 473 3650 ἔχετε]
505 3596 708 3637 Foucart.
