2314 3970
192 199 259 248 94
868 199 915 240 Π.
964 200 1162 251 Regnum
1194 200 1473 252 Lagidarum.
2094 203 2164 255 [56

337 390 484 440 μονος
500 373 533 439 ⁷,
585 368 736 439 μηνὸς
780 365 1108 421 Ἀπελλαίου8
1155 369 1386 440 ἑβδόμηι,
1436 370 1717 441 Αἰγυπτίων
1765 371 1820 425 δὲ
1858 370 1980 442 Τυβὶ
2018 374 2165 425 ἑπτα-

333 454 693 524 καιδεκάτηι9·
743 456 1003 525 ψήφισμα·
1043 455 1090 507 οἱ
1129 454 1382 526 ἀρχιερεῖς
1398 458 1442 492 ¹⁰
1481 457 1486 526 Ι
1527 455 1612 509 καὶ
1650 464 1910 529 προφῆται
1927 461 1968 494 ¹¹
2005 457 2091 510 καὶ
2118 459 2165 510 οἱ

190 630 382 671 alterum
414 640 525 682 esse,
570 626 943 681 praescribuntur
987 629 1269 670 testamentis
1306 640 1421 682 quae
1466 629 1585 671 edita
1630 633 1736 671 sunt
1779 631 1980 672 Flinders
2023 631 2165 671 Petrie

189 703 351 755 papyri
382 703 399 740 I
430 713 471 753 p.
498 702 548 740 43
590 712 632 740 n.
660 699 775 753 XIV,
805 702 930 740 2—4.
977 711 1019 753 p.
1045 702 1096 741 47
1132 713 1173 741 n.
1194 700 1295 741 XVI
1317 704 1355 754 4,
1390 705 1427 741 9.
1465 704 1531 742 40.
1577 713 1620 754 p.
1645 706 1689 743 54
1731 715 1771 743 n.
1803 703 1942 743 XVIII
1968 707 2005 755 2,
2040 706 2163 744 3-5.

189 774 326 814 Cuius
358 772 607 813 iterationis
639 782 742 812 cum
782 771 957 812 nullum
988 773 1134 812 exstet
1172 772 1294 813 aliud
1331 773 1605 826 exemplum,
1644 774 1765 815 haud
1806 773 2167 827 improbabiliter

187 844 381 896 Mahaffy
423 855 522 885 eam
563 844 619 885 ad
657 844 802 897 ipsam
841 854 958 896 quae
996 844 1083 884 hoc
1124 843 1304 885 decreto
1346 844 1461 885 facta
1491 846 1560 885 est
1591 855 1828 887 sacrorum
1869 849 1914 886 et
1944 846 2165 887 fastorum

189 917 483 957 mutationem
515 915 701 957 rettulit.
849 919 870 954 7
913 911 1202 970 Φιλάμμωνος
1233 916 1402 968 Strack‚
1449 927 1602 958 errore
1638 918 1734 958 sine
1771 917 1925 971 dubio,
1964 929 2067 958 nam
2101 919 2165 970 Ο,

188 999 276 1028 non
306 988 347 1028 Ω
387 988 434 1028 in
473 986 622 1040 lapide
657 989 854 1040 utroque
894 997 993 1028 esse
1031 987 1179 1039 Lepsii
1220 987 1516 1029 delineatione
1555 989 1601 1028 et
1637 988 1795 1029 Milleri
1835 989 2167 1042 photographia

185 1059 418 1111 probatur.
470 1059 589 1100 Cave
619 1058 675 1100 de
702 1069 855 1100 errore
886 1058 1104 1111 lapicidae
1131 1059 1415 1112 cogitaveris,
1446 1070 1551 1101 nam
1583 1060 1721 1100 etiam
1750 1060 1915 1113 papyri
1946 1060 2025 1112 qui
2045 1061 2167 1101 hunc

185 1131 482 1172 Menecratiae
512 1130 759 1172 sacerdotis
791 1132 964 1184 patrem
993 1132 1368 1183 commemorant,
1401 1133 1659 1173 constanter
1681 1132 1884 1173 vocalem
1907 1133 2163 1184 correptam

185 1203 374 1256 habent3
405 1202 459 1244 cf.
491 1203 690 1244 Flinders
721 1203 867 1244 Petrie
897 1203 1054 1255 paryri
1083 1203 1101 1242 Ι
1131 1213 1174 1255 p.
1200 1205 1250 1243 40
1284 1214 1325 1243 n.
1346 1202 1462 1255 XIII,
1486 1206 1524 1256 4,
1548 1207 1587 1244 4.
1618 1215 1662 1256 p.
1686 1205 1738 1244 43
1770 1214 1812 1244 n.
1834 1202 1949 1256 XIV,
1973 1205 2011 1245 4.
2042 1215 2087 1256 p.
2112 1206 2163 1245 45

185 1286 227 1315 n.
249 1275 343 1328 XV,
367 1278 435 1319 40.
473 1286 517 1328 p.
542 1276 593 1315 ‘07
625 1287 666 1316 n.
689 1274 789 1314 XVI
821 1277 860 1327 4,
891 1277 958 1315 44.
997 1285 1042 1327 p.
1065 1275 1118 1315 49
1149 1285 1191 1315 n.
1213 1273 1345 1328 XVII,
1370 1278 1408 1328 3,
1438 1278 1474 1315 4.
1516 1286 1560 1328 p.
1584 1278 1629 1316 54
1670 1286 1711 1315 n.
1733 1275 1874 1316 XVIII
1896 1278 1935 1327 2,
1967 1279 2006 1316 6.
2044 1286 2088 1328 p.
2111 1278 2164 1316 59

186 1358 227 1387 n.
250 1347 365 1400 XXI,
389 1350 427 1388 8.
484 1346 641 1399 Neque
678 1347 723 1387 in
763 1346 861 1388 aliis
901 1345 1165 1388 hominibus
1210 1346 1414 1388 inaudita
1458 1349 1528 1388 est
1571 1347 1683 1388 haec
1720 1347 2062 1399 orthographia;
2109 1346 2164 1388 cf.

185 1430 226 1458 n.
250 1421 346 1471 430,
370 1421 424 1458 22
446 1413 684 1473 Φιλάμμων
707 1412 997 1472 Φιλάμμονος.
1136 1421 1158 1458 8
1200 1418 1341 1459 Alteri
1361 1418 1582 1460 fastorum
1604 1418 1998 1460 Macedonicorum
2021 1419 2165 1459 mensi

184 1490 271 1530 hoc
301 1500 466 1530 nomen
495 1488 635 1530 fuisse
664 1489 971 1530 certissimum
1001 1491 1082 1542 est,
1120 1500 1172 1530 ac
1203 1501 1258 1531 ne
1289 1490 1399 1531 illud
1429 1490 1614 1543 quidem
1647 1490 1840 1532 dubium
1871 1501 1971 1532 esse
2000 1492 2164 1543 potest,

184 1562 292 1614 quin
314 1561 435 1614 apud
453 1561 721 1602 Macedones
743 1572 888 1602 annus
908 1561 1056 1602 civilis
1085 1561 1143 1602 ab
1172 1563 1458 1615 aequinoctio
1480 1563 1758 1604 auctumnali
1778 1563 1958 1604 initium
1980 1563 2164 1616 ceperit.

185 1634 255 1674 Sic
283 1633 522 1686 Apellaeus
551 1632 893 1674 Atheniensium
922 1634 1299 1687 Maemacterioni‚
1337 1634 1647 1675 Romanorum
1685 1634 1777 1675 fere
1806 1634 2055 1676 Novembri
2095 1646 2165 1675 re-

185 1706 441 1758 sponderet.
500 1705 557 1746 At
587 1705 819 1757 quomodo
849 1705 896 1745 id
926 1706 1156 1747 conciliari
1193 1708 1351 1759 posset
1391 1718 1497 1748 cum
1538 1706 1743 1747 eiusdem
1782 1706 1871 1747 diei
1912 1706 2164 1748 secundum

183 1777 322 1819 fastos
352 1777 601 1830 Aegyptios
633 1777 891 1818 definitione
922 1778 1027 1829 (not.
1051 1778 1103 1831 9),
1146 1778 1314 1820 frustra
1354 1778 1591 1820 enucleare
1628 1779 1777 1820 conati
1818 1780 1926 1820 sunt
1955 1779 2166 1821 homines

184 1849 319 1890 docti.
467 1853 490 1889 9
533 1848 649 1901 Tybi
679 1848 866 1902 quintus
898 1851 967 1890 est
1005 1850 1109 1891 anni
1145 1849 1357 1903 Aegyptii
1400 1851 1583 1891 mensis.
1643 1851 1738 1891 Iam
1776 1862 1832 1891 ex
1871 1861 1987 1892 anno
2029 1851 2165 1892 solari

184 1921 343 1962 mobili
373 1933 511 1974 quem
541 1921 712 1974 dicunt,
751 1922 1060 1962 trecentorum
1092 1922 1324 1974 sexaginta
1361 1923 1563 1975 quinque
1594 1922 1771 1963 dierum
1803 1923 1900 1963 sine
1930 1923 2165 1964 intercala-

183 1994 316 2047 tione,
347 1994 525 2047 primus
557 1993 652 2034 dies
682 1994 852 2035 mensis
875 1993 1034 2046 Thoth‚
1066 2005 1090 2035 a
1121 2005 1213 2046 quo
1242 2005 1387 2035 annus
1418 1994 1597 2035 initium
1619 1993 1838 2047 capiebat,
1876 2006 1995 2036 nono
2025 1994 2163 2035 Euer-

183 2067 311 2118 getae
342 2077 457 2107 anno
488 2065 716 2107 incidebat
746 2066 791 2106 in
823 2065 943 2106 diem
975 2068 1042 2106 22.
1074 2066 1243 2106 mensis
1275 2065 1482 2107 Octobris
1513 2067 1617 2107 anni
1649 2069 1730 2107 239
1764 2078 1802 2107 a.
1833 2066 1934 2107 Chr.
1966 2077 2007 2107 n.
2058 2067 2163 2107 Dies

183 2140 251 2178 47.
283 2149 343 2178 m.
376 2137 492 2190 Tybi
521 2137 625 2178 Inde
656 2138 930 2178 centesimus
962 2137 1222 2189 trigesimus
1254 2139 1410 2178 sextus
1441 2139 1523 2191 est,
1555 2139 1583 2179 i.
1604 2149 1640 2178 e.
1675 2137 1771 2179 dies
1803 2140 1841 2178 7.
1864 2150 1924 2179 m.
1947 2139 2094 2179 Martii
2124 2150 2161 2179 a.

185 2211 266 2250 238
299 2221 338 2250 a.
361 2209 461 2250 Chr.
484 2220 526 2250 n.
586 2209 643 2249 At
673 2209 900 2262 quomodo
932 2209 971 2249 is
1010 2209 1130 2250 idem
1170 2220 1270 2251 esse
1299 2211 1455 2263 posset
1485 2221 1538 2250 ac
1568 2210 1664 2251 dies
1699 2214 1736 2250 7.
1765 2210 1935 2251 mensis
1966 2210 2162 2263 Apellaei

184 2280 290 2331 (not.
314 2281 351 2332 8)
374 2281 577 2322 nondum
597 2282 650 2321 ut
669 2281 985 2333 exploraretur
1006 2281 1207 2333 contigit.
1257 2281 1415 2334 Neque
1435 2282 1554 2323 enim
1577 2282 1877 2323 Gutschmidii
1908 2284 1953 2322 et
1973 2282 2162 2322 Strackii

182 2353 393 2406 rationes,
426 2354 477 2394 ut
507 2354 614 2394 sunt
634 2353 896 2394 acutissime
917 2354 1208 2406 excogitatae,
1240 2353 1426 2406 probari
1447 2355 1652 2406 possunt.
1704 2353 1768 2394 Ex
1789 2353 1957 2406 quibus
1978 2353 2051 2394 ille
2070 2364 2161 2394 non

184 2424 412 2478 mobilem,
445 2424 525 2466 sed
555 2425 775 2465 Siriacum
807 2424 879 2465 vel
908 2424 1050 2465 fixum
1082 2436 1250 2466 annum
1282 2426 1356 2466 hic
1386 2425 1600 2478 agnoscit,
1643 2436 1735 2477 quo
1773 2425 2032 2466 sacerdotes
2069 2425 2159 2466 iam

181 2497 254 2536 usi
292 2498 443 2537 essent
480 2497 526 2537 in
566 2496 748 2549 decreti,
794 2507 886 2549 quo
924 2495 1144 2538 fastorum
1176 2497 1367 2539 mutatio
1409 2497 1773 2550 constitueretur,
1818 2501 2023 2549 tempore
2054 2496 2160 2538 defi-

183 2567 365 2619 niendo;
397 2579 537 2619 quare
567 2579 657 2609 non
686 2568 807 2608 diem
839 2571 877 2608 7.
898 2579 958 2609 m.
981 2569 1129 2610 Martii
1159 2571 1241 2610 238
1273 2580 1310 2609 a.
1335 2569 1451 2622 Chr„
1482 2569 1562 2609 sed
1592 2568 1712 2609 dIem
1743 2571 1783 2609 2.
1806 2579 1865 2608 m.
1895 2567 2160 2608 Decembris

183 2639 386 2679 eiusdem
416 2640 520 2680 anni
551 2639 752 2680 indicari.
802 2638 1010 2692 Namque
1041 2652 1066 2680 a
1097 2640 1168 2680 die
1190 2643 1258 2681 2ο.
1281 2652 1341 2680 m.
1363 2640 1477 2693 Iulii,
1509 2652 1602 2693 quo
1634 2641 1776 2681 Sirius
1807 2642 2025 2694 oreretur,
2058 2651 2160 2682 cen-

182 2711 396 2751 tesimum
417 2711 701 2763 trigesimum
731 2714 910 2752 sextum
940 2712 1063 2752 hunc
1092 2715 1245 2764 ipsum
1275 2722 1386 2753 esse.
1433 2713 1600 2753 Similis
1622 2714 1692 2753 est
1712 2712 1900 2753 Strackii
1925 2713 2158 2764 sententia,

181 2783 268 2823 nisi
299 2782 422 2835 quod
451 2783 490 2823 Is
527 2784 662 2824 etiam
693 2783 969 2824 Macedonici
1005 2784 1109 2824 anni
1149 2795 1231 2836 per
1261 2783 1335 2825 illa
1365 2785 1572 2836 tempora
1602 2784 1716 2825 duas
1746 2784 1929 2836 formas,
1971 2784 2156 2824 alteram

183 2854 240 2895 ab
271 2855 559 2907 aequinoctio
580 2865 736 2908 verno,
769 2854 962 2895 alterum
993 2854 1050 2895 ab
1072 2843 1350 2895 auctumnali
1371 2855 1675 2907 incipientem,
1707 2856 1752 2895 in
1782 2856 1987 2908 Aegypto
2018 2857 2158 2896 usita-

182 2927 251 2965 tas
281 2925 419 2966 fuisse
449 2926 619 2967 statuit.
669 2925 726 2966 At
756 2927 956 2978 primum
987 2925 1171 2978 quIdem
1193 2937 1331 2978 quam
1361 2927 1554 2978 uterque
1575 2926 1831 2967 sacerdotes
1857 2929 2037 2967 secutos
2058 2937 2158 2967 esse

183 2997 395 3049 opinatur
423 2997 644 3038 ratIOnem
673 2997 720 3037 in
750 2997 822 3037 die
853 2997 1022 3038 decreti
1052 2997 1358 3050 significando,
1399 2999 1492 3038 tam
1530 3008 1747 3051 perversa
1786 3000 1871 3048 est,
1911 3000 1963 3038 ut
1999 3009 2157 3051 quem-

182 3079 320 3120 quam
352 3069 431 3121 qui
462 3080 595 3110 sanae
625 3068 789 3109 mentis
819 3071 938 3110 esset
968 3080 1020 3109 ea
1049 3079 1187 3110 usum
1219 3079 1318 3110 esse
1348 3070 1400 3109 ut
1429 3069 1611 3110 credam
1643 3081 1669 3110 a
1699 3081 1772 3110 me
1792 3070 2037 3122 impetrare
2067 3081 2157 3111 non

181 3141 367 3192 possim.
428 3140 596 3182 Deinde
632 3151 740 3181 vero
779 3141 844 3181 eis
882 3151 998 3192 quae
1037 3140 1150 3182 Infra
1190 3152 1231 3181 v.
1267 3143 1317 3181 37
1360 3141 1530 3193 scripta
1560 3143 1667 3182 sunt
1695 3142 1879 3183 omnino
1921 3141 2155 3182 refutatur.

180 3210 386 3263 Namque
416 3213 462 3252 in
491 3212 745 3253 calendario
775 3212 943 3253 Siriaco
974 3212 1158 3264 quidem
1191 3211 1286 3253 dies
1317 3215 1384 3253 20.
1407 3223 1467 3254 m.
1499 3213 1599 3253 Iulii
1628 3213 1848 3254 fastorum
1879 3213 2154 3254 Iulianorum

182 3282 361 3322 initium
399 3284 502 3323 anni
538 3285 619 3337 est,
662 3285 688 3324 i.
711 3295 747 3324 e.
779 3284 956 3337 primus
995 3283 1090 3324 dies
1130 3284 1299 3324 mensis
1338 3283 1502 3336 Thoth;
1543 3284 1610 3325 sic
1647 3285 1782 3325 etiam
1816 3284 2155 3326 Gutschmidius

182 3354 352 3406 statuit,
384 3365 488 3395 cum
511 3355 631 3396 diem
653 3356 898 3408 septimum
922 3355 1149 3396 decimum
1170 3355 1339 3395 mensis
1360 3355 1474 3407 Tybi
1506 3367 1610 3396 cum
1643 3356 1841 3397 secundo
1873 3357 2041 3397 mensis
2071 3357 2153 3396 De-

183 3424 378 3465 cembris
399 3427 589 3467 eundem
613 3438 711 3468 esse
733 3428 914 3469 diceret.
963 3426 1020 3467 At
1048 3426 1161 3467 infra
1181 3438 1296 3468 anno
1319 3427 1564 3479 Euergetae
1585 3440 1705 3469 nono
1738 3429 1783 3469 in
1804 3429 2003 3480 primum
2034 3428 2153 3468 diem

184 3497 351 3537 mensis
383 3497 522 3549 Payni
553 3500 704 3550 potius
736 3501 887 3540 ortum
917 3499 1018 3539 Sirii
1047 3498 1244 3539 incIdere
1274 3500 1548 3540 enuntiatur.
1601 3500 1695 3541 Hoc
1725 3511 1815 3541 non
1845 3499 2039 3551 quadrat
2067 3499 2153 3540 nisi

184 3568 229 3607 in
260 3579 427 3609 annum
449 3570 687 3621 antiquum
707 3571 1033 3624 Aegyptiacum
1056 3570 1393 3612 intercalatione
1415 3573 1641 3611 carentem
1674 3571 1740 3623 (cf.
1772 3572 1863 3612 not.
1888 3570 1969 3622 62).
2021 3569 2152 3618 Quod

186 3651 293 3682 vero
327 3641 555 3682 Strackius
586 3642 695 3682 dicit
724 3655 766 3684 v.
792 3646 844 3683 36
876 3654 1044 3684 annum
1074 3643 1132 3684 ab
1163 3644 1267 3684 ortu
1296 3643 1397 3683 Sirii
1426 3643 1716 3695 incipientem
1742 3641 1923 3683 definite
1951 3642 2150 3695 indicari,
