2314 3970
95 192 189 244 288]
694 187 869 228 Attalus
901 187 919 226 I
949 186 1187 238 (244-497
1212 197 1249 227 a.
1273 185 1373 226 Chr.
1395 184 1466 236 n.).
1959 185 2052 235 461

198 359 303 414 287
356 363 578 412 Marmor
615 363 788 412 album
835 362 1220 412 subcaeruleum
1257 360 1577 427 quadratum,
1630 360 1768 426 quod
1805 361 2065 425 quondam

90 455 290 519 partem
325 450 462 499 basis
500 449 764 500 efficiebat.
835 450 891 498 In
939 448 1205 515 superficie
1250 448 1465 513 vestigia
1509 449 1707 497 statuae
1754 446 1978 497 aheneae
2016 451 2066 497 et

93 539 192 589 duo
230 537 495 587 foramina.
559 538 643 586 Vs.
676 537 721 586 4.
762 537 793 587 2
832 537 884 585 in
911 536 1094 602 fronte,
1133 552 1182 586 v.
1212 535 1240 583 3
1282 535 1334 583 in
1369 536 1524 584 latere
1564 535 1760 584 dextr0.
1824 535 2066 585 Inventus

4 647 9 686 ¹2
91 625 218 691 lapis
254 624 491 688 Pergami
527 623 579 671 in
614 623 898 688 gymnasio.
963 622 1052 671 Ed.
1094 623 1156 670 M.
1185 621 1401 671 Frankel
1438 621 1780 671 Alterthiimer
1816 636 1920 671 von
1945 623 2067 671 Per-

8 726 9 732 *
91 725 276 776 gamon
300 711 424 775 VIII,
455 710 474 758 4
522 726 571 776 p.
604 710 660 759 4⁴
708 726 757 760 n.
789 710 871 759 49.

649 850 828 923 Θήρων
867 848 1146 909 Βοιώτιος1
1186 850 1192 920 Ι
1232 849 1481 920 ἐποίησεν.

867 939 917 997 ἐξ
953 935 1209 1007 Αἰγίνηςῖ.

205 1084 398 1125 Litterae
438 1085 648 1137 volgares
689 1085 870 1138 praeter
899 1085 1032 1125 ΞΠΣ.
1092 1084 1286 1124 Litterae
1325 1091 1361 1124 Ο
1388 1096 1429 1125 v.
1455 1086 1479 1123 2
1518 1086 1564 1124 et
1594 1085 1620 1121 Σ
1658 1097 1699 1125 v.
1726 1087 1747 1124 3
1776 1084 1850 1125 fin.
1883 1085 2070 1138 reliquis

93 1157 311 1209 minores;
350 1157 579 1198 extremae
608 1157 763 1198 hastae
794 1157 1019 1197 cuneatim
1051 1155 1273 1197 dilatatae.
1451 1159 1467 1196 4
1509 1155 1569 1197 Cf.
1602 1156 1790 1198 Pausan.
1813 1157 1885 1210 VI,
1910 1160 1977 1210 44,
2001 1161 2067 1197 44;

12 1234 15 1256 ¹
95 1226 250 1286 Γόργον
281 1226 328 1270 δὲ
356 1227 428 1270 τὸν
458 1225 684 1284 Εὐκλήτου
715 1225 959 1285 Μεσσήνιον
990 1225 1249 1284 ἀνελόμενον
1290 1223 1527 1270 πεντάθλου
1559 1226 1679 1285 νίκην
1718 1227 1791 1270 καὶ
1821 1224 2069 1284 Δαμάρετον

14 1336 17 1362 3
91 1300 165 1344 ’καὶ
191 1303 339 1343 τοῦτον
359 1297 603 1357 Μεσσήνιον
632 1299 903 1360 ’κρατήσαντα
922 1299 1070 1359 πυγμῇ
1101 1299 1270 1355 παῖδας,
1300 1299 1373 1343 τὸν
1406 1299 1483 1356 μὲν
1516 1298 1653 1342 αὐτῶν
1674 1298 1883 1348 Βοιώτιος
1905 1298 2071 1358 Θήρων,

16 1388 17 1423 3
94 1370 343 1431 Δαμαρέτου
374 1371 422 1416 δὲ
450 1372 527 1430 τὴν
558 1371 706 1416 εἰκόνα
733 1368 955 1431 Ἀθηναῖος
976 1370 1183 1415 Σιλανίων
1215 1370 1424 1429 ἐποίησεν.
1476 1374 1610 1427 Gorgi
1639 1375 1883 1415 victoriam
1913 1375 2074 1427 utique

16 1480 18 1495 2
95 1446 359 1500 Olympiade
381 1449 462 1487 403
495 1446 591 1499 (368
614 1459 651 1489 a.
675 1447 776 1488 Chr.
799 1447 856 1499 n.)
887 1447 1188 1487 recentiorem
1209 1457 1321 1500 esse,
1353 1447 1460 1499 quia
1480 1458 1562 1500 per
1592 1447 1713 1487 exilii
1743 1447 2071 1488 Messeniorum

16 1523 19 1577 f
95 1521 300 1572 tempora
341 1530 473 1560 nemo
514 1530 570 1560 ex
610 1520 675 1560 eis
708 1519 943 1573 Olympiae
975 1519 1160 1575 vicisset
1197 1519 1396 1571 (Pausan.
1421 1519 1492 1573 VI,
1527 1522 1565 1572 2,
1589 1518 1671 1572 40),
1712 1521 1892 1561 monuit
1921 1521 2074 1562 Brunn

17 1607 20 1625 ι
97 1591 252 1633 Gesch.
276 1591 356 1632 der
375 1603 440 1644 gr.
460 1592 673 1633 Kiinstler
693 1592 711 1632 I
741 1603 783 1645 p.
807 1595 911 1644 296;
948 1592 1069 1633 idem
1089 1594 1240 1633 tamen
1272 1591 1507 1645 probabile
1532 1593 1774 1646 existimat,
1806 1604 1895 1634 non
1916 1594 2074 1634 multis

97 1663 223 1705 annis
261 1664 367 1716 post
405 1664 532 1704 illum
574 1675 787 1706 coronam
820 1665 1079 1705 certaminis
1110 1664 1336 1717 Olympici
1366 1665 1635 1717 reportasse,
1674 1666 1781 1717 quia
1825 1676 1907 1718 per
1950 1666 2074 1706 illam

20 1744 21 1812 ]
97 1736 387 1790 potissimum
426 1738 634 1791 aetatem,
672 1749 762 1790 qua
802 1738 919 1778 inter
953 1737 1199 1778 Messenios
1238 1738 1283 1777 et
1316 1736 1555 1778 Thebanos
1594 1748 1754 1789 magna
1795 1737 2076 1778 familiaritas

20 1820 22 1879 Ξ
97 1806 415 1862 intercedebat,
454 1809 726 1850 Messenium
768 1809 991 1850 victorem
1021 1809 1207 1850 Boeotio
1239 1808 1410 1850 artifice
1440 1819 1578 1849 usum
1618 1819 1717 1850 esse
1749 1810 1947 1850 maxime
1978 1810 2076 1851 veri

22 1930 23 1942 χ
99 1879 243 1920 simile
273 1880 345 1921 sit.
492 1885 516 1922 2
556 1881 617 1923 Cf.
648 1893 690 1922 n.
715 1880 838 1922 2862.

207 2097 316 2152 288
374 2101 680 2166 Fragmenta
722 2102 822 2151 tria
869 2099 921 2169 (a
952 2098 982 2150 b
1014 2098 1058 2168 c)
1107 2101 1326 2166 epistylii
1370 2101 1538 2166 exigui
1574 2101 1728 2151 Ionici
1779 2117 1843 2150 ex
1880 2102 2077 2151 duobus

24 2221 27 2242 l
97 2187 348 2255 lapidibus
379 2189 666 2255 compositi.
730 2191 979 2239 Versuum
1010 2189 1054 2238 4.
1085 2189 1114 2237 2
1156 2189 1396 2254 reliquiae
1432 2190 1485 2236 in
1511 2188 1797 2252 fragmento
1821 2189 2078 2254 utrimque

26 2267 27 2302 ³
99 2275 289 2340 mutil0,
331 2275 467 2340 quod
503 2276 554 2324 in
592 2275 858 2342 superficie
897 2275 1128 2325 foramen
1166 2275 1472 2340 quadratum
1509 2274 1677 2325 habet.
1743 2276 1930 2325 Versus
1956 2277 1984 2324 3
2027 2276 2078 2324 in

27 2412 29 2421 ,
100 2363 434 2412 commissura
471 2362 871 2427 fragmentorum
921 2359 951 2411 b
990 2365 1040 2412 et
1075 2377 1118 2427 c,
1168 2377 1390 2428 quorum
1434 2363 1555 2412 illud
1593 2362 1818 2412 eiusdem
1856 2367 2008 2428 atque
2044 2377 2080 2411 a

27 2434 29 2464 ³
100 2449 279 2514 lapidis
306 2448 462 2499 fuisse
486 2450 701 2515 videtur,
733 2450 967 2499 mutilum
992 2465 1022 2498 a
1048 2450 1265 2514 sinistra,
1306 2450 1560 2514 integrum
1588 2464 1619 2498 a
1646 2450 1841 2514 dextra,
1881 2451 1969 2499 ubi
1995 2464 2079 2499 ac-

28 2531 30 2548 ‘
101 2538 274 2585 curate
319 2536 645 2586 commissum
690 2541 767 2586 est
813 2551 928 2586 cum
974 2537 1179 2586 alterius
1223 2537 1406 2602 lapidis
1451 2536 1738 2600 fragmento
1789 2551 1817 2586 c
1865 2537 1928 2585 ab
1981 2536 2079 2585 hac

30 2651 32 2686 ᾖ
100 2625 247 2691 parte
283 2622 404 2672 item
440 2623 651 2687 integro,
719 2623 982 2689 Scriptura
1005 2624 1076 2673 ita
1101 2623 1363 2689 disposita,
1402 2626 1459 2672 ut
1482 2627 1587 2673 tres
1616 2624 1813 2689 priores
1839 2638 2019 2673 versus
2047 2623 2076 2671 3

32 2743 33 2756 ,
101 2710 296 2760 litterae
340 2710 391 2758 in
433 2710 598 2776 lapide
640 2706 671 2759 b
716 2710 831 2776 sint,
879 2714 1120 2776 quattuor
1169 2713 1461 2776 postremae
1509 2711 1561 2758 in
1606 2725 1646 2760 c.
1718 2711 1774 2759 In
1814 2710 2080 2776 superficie

106 2797 204 2846 duo
233 2796 423 2863 pedum
452 2797 679 2863 vestigia,
716 2797 768 2846 in
804 2802 1022 2863 utroque
1057 2798 1226 2864 lapide
1262 2798 1406 2847 iuxta
1444 2799 1829 2847 commissuram
1868 2798 2077 2862 singula.

33 2902 35 2910 ’
104 2884 297 2934 Inventi
333 2884 527 2949 lapides
563 2884 796 2949 Pergami
832 2884 899 2934 ad
936 2885 1121 2934 clivum
1160 2885 1541 2934 meridionalem
1580 2885 1774 2934 delubri
1807 2885 2077 2934 Minervae.

34 3020 35 3025 ,
106 2970 193 3020 Ed.
234 2971 296 3021 M.
329 2970 543 3020 Frankel
579 2970 788 3021 Alterth.
829 2986 932 3022 von
969 2972 1254 3037 Pergamon
1280 2973 1403 3037 VIII,
1437 2972 1455 3020 4
1503 2988 1553 3037 p.
1586 2972 1641 3020 44
1691 2987 1739 3020 n.
1771 2972 1853 3020 50.

1069 3116 1105 3151 a

435 3185 698 3255 Σιλανίω[ν
730 3181 996 3257 Ἀθηναῖος
1033 3186 1327 3257 ἐποίησεν.1]
1370 3185 1375 3256 Ι
1419 3187 1467 3244 ἐξ
1504 3216 1750 3224 --------

825 3286 856 3339 b
1035 3304 1063 3340 c

815 3373 865 3432 ἐξ
895 3370 1166 3445 ὨΙ[ρ]εοΰ2.

223 3518 414 3560 Litterae
434 3518 642 3570 volgares
672 3519 850 3571 praeter
878 3521 971 3561 ΞΣ.
1032 3520 1272 3561 Extremae
1302 3519 1458 3560 hastae
1488 3518 1662 3559 lineolis
1692 3517 1906 3559 tenuibus
1936 3519 2082 3560 trans-

43 3591 44 3596 ’
113 3590 256 3631 versis
294 3593 490 3632 ornatae.
645 3593 660 3630 4
699 3590 760 3632 Cf.
795 3592 1034 3633 Pausanias
1054 3592 1125 3645 VI,
1151 3595 1188 3645 4,
1213 3595 1259 3632 5:
1302 3587 1491 3646 Σάτυρος
1523 3588 1570 3631 δὲ
1589 3584 1761 3636 Ἠλεῖος
1790 3588 2082 3636 Λυσιάνακτος

113 3659 283 3718 πατρός,
313 3661 458 3720 γένους
491 3660 538 3704 δὲ
565 3664 642 3704 τοῦ
660 3658 872 3718 Ἰαμιδῶν,
906 3661 949 3705 ἐν
981 3661 1133 3720 Νεμέᾳ
1164 3662 1361 3710 πεντάκις
1391 3660 1559 3718 ἐνίκησε
1591 3660 1810 3704 πυκτεύων
1841 3661 1917 3705 καὶ
1944 3660 2085 3704 Πυθοῖ
