2314 3970
250 208 351 259 578
737 206 807 245 VI.
853 205 1000 257 Regna
1032 203 1190 245 Asiana
1222 201 1410 245 minora.
1474 206 1511 244 4.
1543 204 1725 246 Pontus.
2057 205 2217 257 [37⁴—

354 376 465 434 371
522 380 776 428 Marmora
820 377 921 428 duo
966 377 1098 428 inter
1149 392 1203 427 se
1254 377 1607 443 contingentia,
1663 392 1727 427 ex
1771 378 1952 443 quibus
2005 380 2217 428 alterum

244 468 382 518 hunc
424 467 624 516 titulum
677 463 847 531 habet,
906 465 1122 514 alterum
1169 478 1217 514 n.
1249 462 1378 527 3723
1437 463 1489 512 in
1534 466 1751 530 utroque
1808 479 1965 532 supra
2018 465 2219 515 titulum

243 558 478 621 protoma
521 551 616 601 viri
674 550 962 618 anaglypho
1009 564 1264 618 expressa.
1351 550 1438 600 Ed.
1492 550 1541 601 S.
1576 549 1800 601 Reinach
1837 552 1959 602 Bull.
1991 551 2053 601 de
2086 567 2215 602 corr.

245 642 365 689 Hell.
394 639 480 690 VII
507 636 545 706 (4
562 635 682 706 883)
707 654 759 705 p.
783 638 884 688 353
912 653 961 688 n.
986 640 1015 688 9
1056 637 1162 704 (Th.
1182 637 1408 688 Reinach
1434 637 1760 688 Mithradates
1786 638 2011 705 Eupator
2034 655 2084 705 p.
2116 639 2216 688 459

243 742 291 776 n.
324 729 351 776 9
375 723 404 775 b
443 726 519 776 ed.
563 723 766 792 Germ).

387 865 834 938 [Καλλίστροιτ]ον1
867 863 1187 938 Ἀντιπάτρου
1229 866 1235 937 Ι
1275 897 1522 907 --------
1533 908 1547 936 ,
1591 869 1687 920 τῶν
1725 868 1935 939 πρώτων
1974 867 2170 939 φίλωνῖ
2209 866 2216 939 Ι

387 955 652 1026 [βασιλέως
686 952 1040 1025 Μι]θραδάτου
1074 952 1383 1025 Εὐπάτορος,
1413 953 1420 1025 Ι
1448 953 1778 1025 [τεταγμένον]
1818 953 1872 1007 δὲ
1899 952 1985 1007 καὶ
2017 952 2097 1008 ἐπὶ
2134 957 2221 1006 τοῦ

333 1056 358 1096 5
391 1041 677 1113 ἀπορρήτου
695 1044 732 1111 3,
772 1040 790 1112 ΙΙ
830 1041 875 1111 [ὁ
918 1039 1077 1112 ἱερεὺς
1105 1037 1364 1111 Ἡλίαν]αξ
1396 1036 1827 1112 Ἀσκληπιοδώρου
1869 1039 1875 1112 Ι
1913 1038 2225 1110 [Ἀθηναῖος4

383 1127 557 1197 θεο]ῖς.

358 1275 551 1316 Litterae
582 1276 746 1317 ΑΞΠΣ.
895 1279 911 1315 4
958 1270 1292 1329 [Νεοπτόλεμ]ον
1327 1273 1619 1327 suppleverat
1649 1275 1689 1315 S.
1711 1274 1919 1326 Reinach,
1957 1284 2010 1315 eo
2042 1275 2223 1326 potissi-

243 1359 369 1388 mum
408 1347 534 1388 nisus
565 1347 688 1400 quod
725 1347 805 1400 qui
835 1358 941 1388 cum
973 1347 1172 1400 Dorylao
1205 1346 1261 1398 (n.
1285 1349 1382 1400 372,
1406 1346 1443 1398 4)
1475 1347 1521 1387 in
1551 1346 1710 1388 eodem
1742 1345 1891 1399 lapide
1930 1346 2224 1398 coniungere-

243 1422 318 1460 tur
347 1431 440 1460 non
467 1421 624 1472 posset
652 1431 743 1460 non
764 1421 1049 1461 exercituum
1069 1418 1340 1461 Mithridatis
1362 1418 1454 1459 dux
1476 1418 1633 1472 fuisse;
1666 1419 1784 1460 inter
1813 1429 1891 1460 eos
1913 1429 2024 1459 vero
2055 1418 2223 1459 nullius

243 1502 408 1533 nomen
452 1493 546 1532 tam
592 1494 800 1533 accurate
844 1492 1030 1534 lacunae
1076 1491 1274 1544 spatium
1317 1491 1499 1544 explere
1543 1503 1682 1544 quam
1719 1489 2017 1544 Neoptolemi.
2076 1491 2133 1531 At
2179 1492 2223 1531 in

242 1564 427 1617 Dorylai
457 1565 605 1617 elogio
635 1564 800 1618 legitur
835 1562 1088 1622 τεταγμένον
1130 1562 1177 1605 δὲ
1205 1562 1278 1604 καὶ
1319 1561 1388 1604 ἐπὶ
1427 1568 1511 1604 τῶν
1550 1561 1784 1619 δυνάμεων.
1846 1563 1979 1612 Quod
2008 1564 2224 1617 quoniam

243 1637 317 1677 hic
354 1636 650 1691 desideratur,
689 1638 896 1690 sequitur
931 1638 985 1677 ut
1022 1636 1247 1690 Antipatri
1285 1635 1404 1677 filius
1452 1648 1544 1677 non
1584 1637 1727 1689 magis
1767 1647 1904 1689 quam
1942 1637 2106 1689 reliqui
2146 1636 2223 1689 qui

244 1709 411 1750 nullam
445 1709 652 1750 militaris
684 1708 818 1751 officii
848 1711 1004 1751 notam
1025 1708 1194 1750 habent
1224 1709 1397 1762 (Papias
1428 1720 1471 1749 n.
1496 1710 1591 1762 374,
1614 1712 1653 1762 2,
1685 1709 1821 1750 Gaius
1851 1721 1893 1750 n.
1917 1711 2014 1762 373,
2038 1709 2077 1761 4)
2109 1709 2226 1749 inter

244 1782 526 1822 exercituum
569 1781 822 1835 praefectos
863 1781 1149 1835 quaerendus
1195 1782 1266 1822 sit.
1335 1782 1519 1823 Summa
1563 1782 1703 1833 igitur
1750 1792 1857 1822 cum
1907 1780 2225 1834 probabilitate

245 1854 321 1894 Th.
345 1854 540 1895 Reinach
569 1854 810 1896 Callistrati
840 1866 1006 1896 nomen
1043 1855 1261 1908 reposuit,
1303 1853 1359 1895 de
1397 1864 1489 1907 quo
1522 1853 1788 1895 Plutarchus
1818 1854 1990 1895 Lucull.
2023 1857 2074 1895 47
2114 1854 2225 1895 haec
2312 1854 2314 1859 “

245 1926 402 1967 habet:
446 1925 524 1968 καὶ
564 1924 612 1968 οὐ
649 1929 775 1969 τοῦτο
818 1927 948 1982 μόνον
986 1924 1124 1968 αὐτῶν
1153 1923 1368 1969 ἀπέλαυσε
1406 1929 1484 1981 τῆς
1512 1923 1755 1975 πλεονεξίας
1784 1923 2076 1980 Λούκουλλος,
2114 1923 2226 1967 ἀλλὰ

244 1997 317 2040 ’καὶ
352 1997 437 2040 τὸν
476 1997 562 2040 ἐπὶ
596 2004 698 2041 τῶν
738 1997 1058 2058 ἀπορρήτων
1096 2002 1170 2041 τοῦ
1210 1996 1420 2054 βασιλέως
1460 1996 1562 2040 ὄντα
1591 1994 1913 2054 Καλλίστρατον
1944 1997 1968 2041 ὁ
1999 1997 2078 2054 μὲν
2108 1996 2224 2055 ἄγειν

246 2069 482 2125 ἐκέλευσεν,
513 2069 554 2112 οἱ
576 2064 606 2112 δ’
626 2069 800 2128 ἄγοντες
821 2069 1068 2126 αἰσθόμενοι
1089 2069 1390 2117 πεντακοσίους
1415 2073 1602 2129 χρυσοῦς
1630 2067 1925 2126 ὑπεζωσμένον
1958 2068 2226 2112 ἀπέκτειναν.

246 2144 358 2184 Sane
388 2143 463 2185 illa
493 2155 608 2185 anno
642 2147 686 2185 74
725 2156 762 2186 a.
793 2143 894 2185 Chr.
935 2143 1122 2185 demum
1164 2145 1289 2196 gesta
1327 2145 1446 2197 sunt,
1487 2143 1562 2184 hic
1601 2143 1761 2184 titulus
1792 2143 1962 2186 incisus
2004 2143 2094 2185 fere
2128 2147 2223 2184 440.
2313 2147 2314 2170 ³

246 2216 359 2257 Rara
388 2216 435 2257 in
465 2217 542 2257 illo
573 2227 677 2269 rege
707 2216 812 2257 fidei
842 2218 887 2258 et
917 2217 1085 2269 gratiae
1116 2217 1382 2270 constantia,
1421 2215 1545 2268 quod
1574 2215 1767 2256 eundem
1806 2217 2041 2258 hominem
2072 2218 2118 2257 in
2148 2217 2228 2258 tali
2313 2243 2314 2262 Ι

246 2287 392 2330 officio
430 2300 514 2342 per
550 2290 768 2342 quattuor
807 2289 1021 2330 decennia
1057 2289 1269 2331 servavit.
1447 2291 1471 2328 2
1510 2288 1572 2329 Cf.
1604 2299 1646 2329 n.
1671 2288 1766 2329 991.
1798 2287 1924 2330 4042.
2101 2293 2123 2329 3
2162 2290 2227 2330 De
2307 2319 2309 2323 f

244 2361 332 2401 hoc
370 2372 558 2402 munere
598 2362 638 2402 S.
660 2361 855 2402 Reinach
892 2363 1114 2415 provocat
1144 2361 1200 2403 ad
1231 2361 1502 2415 Procopium
1534 2361 1590 2402 de
1619 2360 1722 2402 bell.
1754 2361 1873 2403 Pers.
1903 2362 1934 2415 Ι,
1958 2365 1997 2416 2,
2021 2365 2045 2402 7
2077 2373 2121 2415 p.
2146 2364 2227 2402 482
2305 2385 2307 2407 2

244 2432 412 2474 Dindf.:
452 2432 525 2475 τὸν
555 2438 641 2475 τῶν
672 2431 927 2491 ἀπορρήτων
957 2432 1211 2491 γραμματέα
1238 2455 1297 2465 ·—
1327 2431 1560 2489 ἀσηκρήτις
1597 2431 1778 2475 ’καλοῦσι
1817 2436 1944 2476 τοῦτο
1983 2433 2031 2476 τὸ
2062 2431 2229 2490 ἀξίωμα
2304 2448 2306 2469 <

247 2498 478 2560 Ῥωμαῖοι·
517 2503 712 2562 σήκρητα
741 2504 820 2563 γὰρ
850 2503 999 2548 καλεῖν
1029 2505 1082 2548 τὰ
1111 2504 1335 2563 ἀπόρρητα
1362 2503 1621 2562 νενομίκασι.
1769 2508 1792 2547 4
1832 2506 1894 2548 Cf.
1924 2519 1966 2548 n.
1990 2506 2113 2548 258⁴.
2304 2507 2305 2515 ¹

355 2707 466 2761 372
521 2712 669 2760 quta
704 2726 753 2759 n.
796 2708 889 2759 374
939 2725 970 2760 a
1009 2711 1190 2760 dextra
1226 2711 1277 2760 in
1323 2711 1504 2761 eodem
1550 2711 1731 2777 lapide.
1797 2711 1885 2760 Ed.
1929 2711 1977 2761 S.
2004 2711 2228 2760 Reinach

248 2797 370 2847 Bull.
401 2798 464 2847 de
491 2812 620 2847 corr.
650 2798 772 2847 Hell.
801 2798 888 2847 VII
914 2795 954 2865 (4
971 2795 1091 2864 883)
1130 2814 1180 2863 p.
1205 2798 1306 2847 355
1346 2813 1395 2847 n.
1427 2799 1456 2846 9
1497 2795 1605 2865 (Th.
1636 2797 1859 2848 Reinach
1897 2797 2227 2848 Mithradates
2300 2789 2301 2811 ³

249 2884 476 2951 Eupator
512 2901 563 2951 p.
594 2884 696 2933 459
735 2898 784 2933 n.
815 2886 896 2934 9a
933 2883 1009 2933 ed.
1040 2882 1243 2948 Germ).
2298 2883 2300 2907 ²

391 3025 650 3098 Δορύλαον
686 3025 1027 3097 Φιλ[ετα]ίρου
1049 3021 1306 3096 Ἀμισηνόν
1326 3028 1360 3095 1,
1391 3024 1397 3096 Ι
1425 3024 1508 3079 τὸν
1549 3025 1821 3098 σύντροφον
1859 3024 1946 3079 καὶ
1985 3024 2066 3079 ἐπὶ
2103 3030 2189 3080 τοῦ
2217 3026 2224 3098 Ι
2296 3023 2298 3026 ’

363 3172 554 3214 Litterae
584 3174 794 3215 ΑΘΞΠΣ.
945 3175 962 3212 4
1010 3171 1069 3212 Cf.
1102 3170 1262 3212 Strabo
1282 3170 1337 3224 X,
1361 3173 1399 3224 4,
1426 3174 1474 3212 40
1507 3182 1551 3225 p.
1577 3173 1681 3212 l4¹77:
1721 3169 1836 3214 δυεῖν
1876 3170 1923 3213 δὲ
1963 3169 2094 3214 ὄντων
2124 3171 2227 3214 υἱῶν
2294 3166 2296 3175 “

245 3246 320 3285 τοῦ
340 3239 575 3302 Εὐεργέτου
607 3242 817 3292 διεδέξατο
842 3242 920 3301 τὴν
945 3240 1157 3299 βασιλείαν
1179 3238 1447 3300 Μιθριδάτης
1479 3241 1501 3285 ὁ
1533 3239 1889 3301 προσαγορευθεὶς
1919 3240 2131 3302 Εὐπάτωρ
2163 3243 2229 3286 ἕν-

248 3314 352 3357 δεκα
382 3314 458 3373 ἔτη
488 3316 692 3373 γεγονώς·
728 3314 866 3372 τούτῳ
898 3313 1130 3372 σύντροφος
1161 3311 1342 3371 ὑπῆρξεν
1374 3313 1396 3357 ὁ
1435 3317 1510 3357 τοῦ
1540 3311 1792 3372 Φιλεταίρου
1824 3312 2064 3372 Δορύλαος·
2104 3314 2159 3371 ἦν
2195 3309 2225 3358 δ’

249 3386 270 3429 ὁ
309 3384 558 3444 Φιλέταιρος
596 3386 779 3445 ἀδελφὸς
817 3391 892 3430 τοῦ
931 3390 1132 3430 τακτικοῦ
1174 3384 1409 3443 Δορυλάου.
1470 3387 1640 3429 Deinde
1680 3387 1839 3430 Strabo
1877 3389 2036 3442 pergit,
2075 3400 2225 3441 regem

247 3471 353 3500 cum
398 3460 674 3502 adolevisset
718 3461 940 3514 pueritiae
976 3461 1151 3502 socium
1197 3460 1371 3512 magnis
1415 3471 1657 3502 exornasse
1702 3459 1944 3501 beneficiis.
2012 3462 2132 3502 Inter
2176 3471 2228 3501 ea

249 3532 419 3573 scimus
460 3532 763 3574 sacerdotium
801 3533 1080 3574 Comanense
1123 3531 1264 3573 fuisse
1310 3532 1603 3574 coniunctum
1644 3531 1756 3573 illud
1796 3532 1980 3585 quidem
2026 3532 2225 3586 (Appian.

247 3604 394 3644 Mithr.
417 3604 513 3657 444)
547 3617 652 3646 cum
683 3607 828 3659 ipsius
861 3606 1018 3659 oppidi
1048 3605 1278 3658 regimine.
1338 3605 1465 3646 Anno
1499 3609 1551 3646 86
1584 3617 1621 3646 a.
1652 3605 1752 3646 Chr.
1785 3606 2002 3646 exercitui
2033 3606 2150 3658 regis
2181 3606 2226 3646 in
2286 3650 2289 3664 ³

249 3676 433 3717 Graecia
463 3677 670 3732 praefuit,
713 3678 792 3719 sed
833 3678 983 3731 paullo
1023 3679 1128 3731 post
1168 3677 1385 3719 accidisse
1416 3677 1597 3718 videtur
1634 3678 1759 3730 quod
1790 3677 1950 3719 Strabo
1991 3677 2138 3731 refert,
2175 3679 2226 3718 ut
2285 3665 2289 3716 ἶ
