2314 3970
256 194 358 246 484
921 190 971 231 V.
1017 190 1216 242 Regnum
1248 189 1560 230 Attalidarum.
2124 189 2184 242 [34
2199 194 2221 231 5

313 378 364 419 15
398 365 490 436 φόν
530 384 618 415 σου
651 361 972 432 Αἰοιόριγοι11
1008 359 1391 432 γεγραμΙΙμένων.
1457 360 1622 431 ὀρθῶς
1659 358 1743 413 οὖν
1782 357 1895 413 καθ’
1941 360 2223 431 ὑπερβολὴν

393 448 647 520 διΙίστω12.
706 445 792 500 καὶ
841 447 1034 519 ’όφελομ
1080 446 1167 517 μὲν
1215 449 1249 518 ἡ
1288 445 1406 506 θεὸς
1462 445 1840 518 ἐπιστραΙφεῖσα
1892 450 1988 500 τῶν
2043 447 2226 517 ἑαυτῆς

250 627 434 678 statuas,
476 623 532 665 ad
564 633 679 676 quae
710 624 758 663 in
787 623 1019 676 postrema
1048 623 1176 675 parte
1207 622 1369 662 harum
1400 621 1653 663 litterarum
1685 621 2048 675 responderetur,
2088 622 2225 674 parti-

250 697 351 738 cula
382 696 452 748 [τ]ε
484 697 663 749 praeter
693 694 1025 737 anacoluthiam
1047 694 1327 736 levissimam
1358 695 1403 734 et
1431 694 1628 735 maxime
1649 692 1927 734 tolerabilem
1960 693 2068 734 nihil
2090 692 2227 734 habet

250 768 622 822 reprehensionis.
764 770 808 808 44
849 760 1048 809 ‘Aiorioe'
1079 767 1344 819 Mommsen,
1375 765 1453 819 qui
1481 764 1535 806 de
1556 765 1717 806 litteris
1750 766 1805 807 10
1836 776 1988 807 errore
2009 765 2227 818 lapicidae

248 841 420 882 iteratis
456 842 654 894 cogitare
684 840 879 894 videtur,
920 840 999 882 sed
1029 851 1111 881 cur
1142 840 1204 880 ita
1234 840 1489 880 statuamus
1520 849 1609 879 non
1638 837 1771 879 video
1802 837 2011 880 idoneam
2042 848 2226 879 causam

178 958 182 963 .
248 914 293 954 in
323 913 506 954 nomine
535 911 730 954 barbaro
763 914 808 953 et
839 912 1004 964 ignoto.
1054 911 1233 953 Nomen
1266 909 1502 952 manifesto
1524 910 1743 952 Celticum
1774 910 1820 951 in
1848 910 1984 952 fratre
2015 911 2227 952 antistitis

248 996 484 1026 sacrorum
506 984 563 1026 ab
585 984 804 1037 indigenis
825 984 1002 1037 pridem
1024 984 1339 1025 institutorum
1368 981 1661 1024 memorabile
1683 992 1783 1023 esse
1802 982 1971 1023 iudicat
1991 982 2227 1023 Staehelin,

246 1057 336 1098 Aut
371 1057 509 1110 igitur
549 1056 765 1098 familiam
809 1055 1000 1097 Gallicae
1031 1055 1215 1108 originis
1254 1054 1311 1096 ad
1350 1054 1459 1096 illud
1491 1054 1796 1096 sacerdotium
1836 1055 2111 1108 pervenisse,
2149 1056 2229 1095 aut

248 1130 364 1169 inter
394 1128 506 1170 duas
536 1129 741 1170 nationes
771 1130 871 1168 tum
901 1128 992 1169 iam
1023 1138 1124 1169 eam
1146 1126 1527 1168 necessitudinem
1548 1126 1871 1180 intercessisse,
1901 1127 1954 1167 ut
1982 1126 2104 1168 haud
2125 1137 2227 1167 raro

247 1200 481 1253 indigenae
503 1201 668 1243 Gallica
701 1200 771 1242 vel
802 1199 981 1242 Galatae
1003 1199 1170 1242 Graeca
1201 1200 1383 1241 nomina
1413 1201 1631 1252 gererent.
1683 1199 1778 1240 Hoc
1806 1199 1902 1240 sine
1923 1198 2063 1240 dubio
2084 1199 2227 1240 multo

246 1272 528 1326 probabilius
559 1274 640 1314 est.
700 1271 859 1324 Utique
890 1271 946 1313 ab
977 1272 1062 1313 hac
1091 1271 1357 1324 quaestione
1388 1270 1548 1324 procul
1588 1269 1794 1312 habenda
1824 1270 2119 1312 sacerdotum
2150 1282 2228 1324 ap-

246 1343 428 1397 pellatio
465 1341 631 1402 γάλλοι,
679 1355 818 1397 quam
859 1354 967 1384 cum
1016 1343 1172 1385 Latino
1212 1343 1357 1396 gentis
1395 1344 1577 1385 nomine
1615 1339 1741 1384 Galli
1775 1354 1866 1384 una
1906 1342 2092 1384 fortuita
2128 1343 2227 1384 soni
2311 1330 2314 1375 ἶ

246 1416 539 1458 similitudine
569 1417 791 1458 contineri
821 1416 1074 1458 rectissime
1104 1417 1263 1458 statuit
1293 1415 1515 1458 Staehelin
1546 1426 1589 1469 p.
1614 1418 1666 1456 67
1698 1416 1791 1457 not.
1815 1418 1854 1457 3.
2029 1418 2083 1456 42
2125 1415 2227 1456 Per·
2310 1379 2314 1446 ί

247 1500 402 1542 peram
441 1490 501 1530 St.
539 1482 634 1531 καθ’
674 1485 917 1545 ὑπερβολὴν
966 1487 1024 1530 ad
1071 1485 1216 1530 διίστω
1255 1488 1403 1530 refert.
1475 1488 1621 1529 Immo
1663 1486 1902 1529 manifesto
1949 1485 2088 1543 ὀρθῶς
2128 1481 2228 1530 καθ’

246 1558 486 1617 ὑπερβολήν
521 1561 836 1614 coniungenda
876 1562 1005 1614 sunt;
1047 1562 1094 1601 et
1130 1561 1472 1614 exaggeratione
1513 1562 1559 1602 et
1595 1559 1843 1601 verborum
1884 1560 2043 1601 ordine
2086 1560 2227 1601 simil·
2313 1587 2314 1619 1

247 1634 356 1675 lima
399 1634 507 1675 sunt
544 1644 662 1687 quae
709 1632 825 1674 infra
864 1633 1075 1686 leguntur
1115 1645 1157 1675 v.
1189 1637 1256 1674 50.
1290 1636 1335 1675 54
1384 1629 1624 1674 πολλοὶ-
1653 1629 1963 1689 ὑπεραγόντως.
2022 1631 2224 1673 Verbum

248 1703 389 1747 διίστω
420 1716 528 1747 vero
549 1705 835 1747 intransitive
865 1698 1133 1746 ‘dissensisti
1163 1704 1220 1746 ab
1251 1699 1318 1746 eo'
1349 1704 1566 1758 intellegit
1586 1704 1824 1758 Staehelin,
1854 1704 1981 1757 quod
2002 1705 2048 1745 in
2068 1715 2117 1745 re
2148 1703 2228 1745 ob·
2306 1718 2308 1767 J

249 1777 513 1819 scurissima
550 1778 662 1819 mihi
702 1788 884 1830 quoque
927 1778 1124 1818 maxime
1160 1777 1402 1831 probatur;
1442 1776 1783 1818 difficultatibus
1822 1787 1929 1818 sane
1970 1788 2059 1818 non
2089 1778 2225 1817 caret.
2304 1773 2307 1794 ”

247 1848 404 1903 Neque
434 1851 554 1891 enim
584 1849 901 1903 imperfectum
932 1849 1044 1902 quid
1074 1848 1162 1891 sibi
1192 1849 1302 1891 velit
1331 1850 1618 1903 perspicitur,
1650 1851 1696 1890 et
1724 1849 1859 1890 nimis
1889 1849 2048 1890 leniter
2077 1859 2226 1890 sacer·
2303 1833 2305 1885 J

248 1921 330 1963 dos
360 1924 547 1976 propter
576 1922 725 1963 fratris
756 1922 1042 1974 sacrilegium
1074 1922 1179 1975 (not.
1203 1922 1271 1974 47)
1310 1921 1367 1963 ab
1408 1933 1463 1962 eo
1504 1921 1772 1963 dissensisse
1810 1919 2057 1978 (διαστῆναι)
2088 1921 2225 1962 modo
2302 1968 2303 1973 ¹

245 1994 401 2048 fertur,
434 2005 539 2036 cum
570 1991 773 2051 ἀντέστης
803 1995 956 2047 potius
988 1995 1067 2035 aut
1098 1991 1272 2050 ἐνέστης
1301 1995 1550 2047 exspectes,
1581 1995 1633 2034 ut
1663 1993 1726 2034 illi
1756 1995 1939 2035 strenue
1959 1993 2225 2034 adversatus

245 2077 345 2108 esse
376 2067 564 2108 dicatur.
616 2066 764 2115 Quare
801 2066 845 2107 in
883 2067 1082 2107 mentem
1115 2066 1253 2120 venit,
1294 2077 1384 2107 non
1415 2065 1472 2107 ad
1500 2066 1840 2107 intransitivum
1871 2062 2106 2107 διίστασθαι
2137 2063 2227 2106 δια-
2300 2058 2302 2103 ἦ

246 2142 407 2194 στῆναι,
449 2138 529 2180 sed
559 2138 615 2180 ad
646 2139 937 2180 transitivum
969 2135 1201 2180 διίστασθαι
1231 2135 1536 2195 διαστήσασθαι
1566 2137 1827 2190 ambiguam
1856 2137 2109 2191 imperfecti
2139 2137 2228 2178 sor-

244 2222 367 2252 mam
397 2211 556 2252 redire.
617 2210 751 2259 Quod
789 2210 981 2252 verbum
1012 2222 1039 2251 a
1068 2211 1254 2252 notione
1291 2210 1608 2264 distinguendi,
1648 2221 1766 2263 quae
1795 2210 1892 2251 sine
1922 2209 2062 2251 dubio
2092 2210 2139 2250 in
2169 2220 2223 2250 eo
2298 2207 2299 2210 ’

245 2285 315 2325 est
342 2282 410 2335 (cf.
441 2283 565 2324 Plato
587 2283 717 2336 Resp.
739 2282 811 2337 VI,
835 2285 916 2324 504
932 2282 988 2323 A:
1021 2281 1164 2338 τριττὰ
1194 2279 1292 2338 εἴδη
1324 2280 1468 2341 ψυχῆς
1502 2279 1858 2338 διαστησάμενοι),
1890 2282 1946 2323 ad
1973 2282 2069 2323 vim
2101 2281 2225 2322 litem

245 2355 413 2396 iudicio
445 2355 686 2396 dirimendi
715 2355 953 2408 pervenire
975 2355 1196 2408 potuisse,
1225 2356 1279 2395 ut
1307 2355 1353 2395 in
1375 2355 1646 2408 synonymis
1677 2351 1992 2410 διαλαμβάνειν,
2024 2351 2227 2411 διάληψις

245 2427 482 2470 manifesto
514 2428 685 2470 factum
716 2430 806 2481 est3
850 2427 903 2469 cf.
934 2427 1119 2469 Notices
1153 2429 1198 2468 et
1227 2427 1414 2469 extraits
1444 2427 1524 2468 des
1555 2427 1829 2468 manuscrits
1857 2426 1996 2468 XVIII
2026 2430 2067 2480 2,
2099 2430 2225 2480 4865,

245 2511 288 2553 p.
314 2504 394 2542 463
428 2512 470 2542 n.
495 2504 532 2555 6,
557 2503 609 2542 26
628 2511 725 2554 sqq.
757 2498 830 2542 καὶ
858 2498 935 2556 τὴν
966 2497 1296 2556 προσήκουσ[αν]
1327 2497 1370 2548 ἐξ
1401 2497 1664 2556 ἐπισκέψεως
1696 2496 1922 2556 δίαληψῂν]
1953 2495 2224 2555 ποιήσασθαι.
2292 2531 2293 2542 2

244 2584 288 2625 p.
313 2575 386 2613 304
427 2584 468 2613 n.
494 2575 560 2626 38,
591 2576 658 2614 27.
689 2576 742 2613 28
781 2570 875 2630 περὶ
905 2570 951 2613 δὲ
981 2571 1034 2628 ἧς
1063 2569 1314 2630 πεποίηνται
1345 2568 1438 2628 βίας
1469 2569 1686 2628 διαλαβεῖν
1716 2569 1882 2613 λοιπόν.
1932 2571 2131 2612 Berliner
2160 2582 2224 2624 gr.
2290 2616 2291 2621 ¹

244 2643 344 2685 Urk.
375 2645 394 2683 I
433 2655 478 2697 p.
503 2647 556 2684 25
597 2655 639 2685 n.
663 2647 731 2698 45,
754 2647 807 2684 46
856 2642 1088 2701 στρατηγὸς
1127 2641 1425 2700 διαλήμψεται.
1473 2654 1517 2697 p.
1541 2646 1623 2685 205
1656 2655 1698 2685 n.
1721 2646 1819 2697 495,
1844 2644 1894 2684 34
1912 2653 2010 2696 sqq.
2050 2640 2138 2695 (ε)ἰς
2175 2641 2224 2683 τὸ

246 2713 430 2772 φανερὰν
451 2713 649 2772 γενέσθαι
672 2715 731 2772 τῷ
750 2713 928 2773 ἡγεμόνι
947 2714 1026 2772 τὴν
1050 2710 1111 2757 ἐπ’
1133 2713 1450 2772 ἀμ[φο]τέρ[ο]ις
1473 2712 1693 2772 ἀλήθειαν,
1726 2713 1873 2757 ὁποίαν
1894 2712 2226 2770 διαλαμ[βάν]ηι.
2287 2715 2289 2758 i

248 2789 320 2828 Sic
350 2787 486 2829 etiam
517 2786 833 2840 imperfectum
865 2789 987 2828 recte
1018 2787 1073 2828 de
1104 2789 1270 2829 conatu
1298 2789 1561 2840 usurpatur.
1621 2787 1798 2828 Etenim
1838 2786 2111 2828 sumendum
2141 2787 2224 2839 est,
2255 2803 2259 2806 ·

244 2860 381 2913 Attin,
424 2860 498 2900 cui
534 2861 587 2900 ut
618 2860 716 2901 aliis
756 2859 1073 2901 sacerdotibus
1109 2870 1343 2900 summum
1385 2859 1439 2900 de
1477 2859 1614 2901 rebus
1652 2860 1793 2901 sacris
1831 2859 2051 2901 iudicium
2091 2860 2224 2912 esset,
2284 2859 2287 2888 ἑ

246 2932 514 2973 sententiam
554 2931 739 2984 quidem
777 2934 938 2973 contra
977 2930 1161 2973 fratrem
1199 2931 1371 2985 tulisse,
1418 2931 1498 2973 sed
1535 2931 1611 2973 illo
1648 2932 1885 2973 resistente
1921 2942 2021 2972 eam
2062 2931 2223 2984 exequi
2282 2971 2285 2992 Ι,

245 3004 505 3057 nequivisse
543 3003 739 3057 ideoque
771 3015 796 3045 a
827 3015 930 3056 rege
961 3004 1179 3045 auxilium
1211 3004 1439 3057 petivisse.
1499 3003 1655 3057 Neque
1685 3015 1795 3046 vero
1826 3015 1899 3044 me
1929 3003 2052 3057 fallit,
2083 3002 2223 3044 lubri-
2282 2995 2284 3014 ¹

247 3087 352 3117 cum
373 3087 472 3117 esse
489 3075 630 3117 verbo
653 3076 884 3117 notionem
904 3075 1103 3116 tribuere
1124 3077 1258 3117 cuius
1279 3077 1456 3116 nullum
1478 3078 1624 3118 exstet
1645 3076 1971 3118 testimonium.
2014 3075 2222 3117 Ceterum

246 3149 341 3190 sine
372 3148 510 3190 dubio
543 3150 663 3190 recte
693 3148 1001 3191 Mommsenus
1039 3150 1084 3189 et
1121 3148 1231 3189 illud
1272 3148 1396 3201 quod
1433 3150 1502 3190 est
1538 3149 1585 3191 in
1623 3149 1772 3203 prima
1801 3148 1996 3202 epistula
2034 3148 2089 3189 de
2120 3147 2222 3188 Pes-

247 3221 400 3273 songis
430 3221 486 3274 (v.
513 3221 551 3273 6)
583 3222 628 3262 et
658 3221 745 3262 hoc
776 3221 831 3262 de
862 3220 1086 3274 Aioiorige
1115 3221 1233 3261 inter
1263 3231 1317 3262 ea
1347 3221 1561 3263 Eumenis
1600 3223 1836 3264 conamina
1874 3221 2011 3262 rebus
2049 3220 2222 3262 Galata-

247 3304 349 3333 rum
380 3303 428 3334 se
458 3293 776 3346 interponendi
806 3292 945 3334 fuisse
976 3293 1217 3347 existimat,
1249 3293 1304 3334 de
1325 3293 1492 3346 quibus
1512 3295 1732 3347 proximis
1752 3295 1861 3348 post
1890 3295 1971 3335 464
1994 3305 2032 3335 a.
2057 3292 2156 3334 Chr.
2177 3304 2220 3333 n.

246 3365 374 3406 annis
395 3365 459 3406 illi
483 3365 727 3406 identidem
745 3365 911 3408 Romae
936 3366 983 3406 in
1007 3366 1166 3407 senatu
1186 3365 1337 3418 questi
1357 3368 1520 3407 essent.
1566 3365 1626 3408 Cf.
1650 3365 2081 3420 Polyb.XXXI,6,5:
2112 3361 2142 3420 ἡ
2174 3363 2223 3406 δὲ

246 3433 480 3492 σύγκλητος
512 3435 771 3479 διακούσασα
798 3442 884 3479 τῶν
914 3434 1263 3496 κατηγοροὺντων
1295 3431 1378 3478 οὔτ’
1403 3435 1630 3497 ἀπε-ἔρριπτε
1658 3437 1734 3485 τὰς
1755 3435 1956 3494 διαβολὰς
1987 3429 2073 3478 οὔτ’
2095 3433 2222 3486 ἐξετί-
2272 3479 2275 3492 ⁶

246 3503 345 3549 θετο
373 3506 450 3564 τὴν
482 3507 636 3566 ἑαυτῆς
667 3510 857 3568 γνώμην,
895 3507 1007 3551 ἀλλὰ
1038 3507 1250 3569 συνετήρει
1289 3503 1381 3566 παρ’
1409 3508 1554 3568 ἑαυτῇ,
1595 3509 1868 3553 διαπιστοῦσα
1902 3506 2094 3552 καθόλου
2130 3510 2220 3553 τοῖς

246 3578 343 3637 περὶ
384 3579 454 3622 τὸν
495 3577 670 3638 Εὐμένη
714 3580 787 3623 καὶ
828 3580 899 3624 τὸν
937 3576 1159 3639 Ἀντίοχον,
1196 3584 1286 3628 τοῖς
1325 3595 1372 3638 γε
1410 3581 1495 3638 μὴν
1534 3578 1742 3630 Γαλάταις
1781 3580 1863 3624 αἰεί
1897 3595 1940 3623 τι
1983 3574 2221 3636 προσετίθει

246 3649 318 3692 καὶ
359 3649 611 3711 συνεπίσχυε
651 3652 747 3710 περὶ
785 3656 864 3710 τῆς
905 3651 1162 3710 ἐλευθερίας.
1220 3654 1398 3707 XXXII,
1433 3659 1471 3708 5,
1502 3659 1546 3695 5:
1590 3655 1698 3711 μετὰ
1739 3652 1785 3697 δὲ
1821 3651 1995 3700 τούτους
2025 3648 2217 3695 Ἀττάλου
2268 3659 2271 3715 J
