2314 3970
272 195 298 241 4
308 193 374 243 52
934 189 985 228 V.
1031 189 1232 240 Regnum
1263 188 1575 228 Attalidarum.
2081 189 2240 241 [274-

272 363 371 417 274
415 360 549 431 [Ἀπὸ
588 365 676 430 τῆς
714 360 778 430 ἐμ
803 359 1070 431 Φρ]υγίαι4
1098 364 1182 429 τῆι
1206 354 1281 430 ἐφ’
1301 355 1775 429 Ἑλλ[η]σ1[πόντωι5
1798 357 1922 430 πρὸς
1942 354 2244 432 Ἇ]ντίοχονθ

416 446 635 518 μάχηςῑ

271 629 295 664 2
333 625 397 663 De
428 624 563 663 huius
595 621 882 663 monumenti
911 621 1086 662 ratione
1117 630 1278 672 magna
1317 620 1386 660 est
1416 619 1638 662 dissensio
1676 621 1791 661 inter
1830 620 2038 661 homines
2070 619 2269 672 doctos„

269 695 383 737 Nam
423 706 526 735 cum
564 694 768 748 Koehler,
814 693 1013 746 Fra‘nkel,
1059 692 1238 745 Beloch,
1284 691 1526 733 Thraemer
1563 692 1608 732 id
1646 692 1702 733 ad
1738 692 1907 733 bellum
1946 691 2003 733 ab
2043 691 2192 732 Attalo
2225 693 2243 731 1

270 769 426 808 contra
471 767 743 807 Antiochum
787 765 1018 807 Hieracem
1066 777 1092 806 a
1140 764 1276 805 Gallis
1320 763 1525 805 adiutum
1581 763 1787 819 referant,
1842 765 1987 818 Kopp,
2042 763 2244 816 Gaebler,

270 838 492 880 Staehelin
523 839 667 879 multo
698 838 833 879 latius
864 840 1018 891 patere
1049 837 1146 878 eius
1177 837 1272 878 vim
1303 837 1576 878 existimant.
1632 835 1805 890 Nempe
1834 848 1917 890 per
1946 836 2246 889 posteriorem

270 912 396 964 regni
425 913 601 964 partem
633 910 835 952 Attalum
865 921 1018 962 regem
1049 921 1154 950 cum
1197 909 1528 962 aliquantulum
1559 909 1724 961 quietis
1753 911 1859 962 post
1887 909 2102 950 continua
2130 907 2247 948 bella

270 986 430 1025 nactus
462 985 593 1037 esset,
625 984 829 1024 omnium
860 994 977 1036 quae
998 982 1053 1023 ad
1076 982 1122 1023 id
1141 983 1324 1034 tempus
1346 992 1565 1035 prospere
1585 982 1800 1034 gessisset
1829 980 2120 1034 magnificum
2150 991 2247 1021 mo-

270 1057 538 1097 numentum
578 1057 805 1098 Minervae
845 1066 1110 1096 consecrare
1148 1054 1455 1095 constituisse.
1515 1053 1630 1094 Huic
1673 1054 1874 1107 opinioni
1912 1054 2087 1106 egregie
2127 1052 2248 1094 favet

269 1128 382 1169 illud
408 1133 493 1169 τῶν
523 1127 634 1170 ’κατὰ
661 1126 850 1183 πόλεμον
881 1126 1071 1184 ἀγώνων,
1102 1126 1182 1168 uhi
1213 1126 1430 1167 articulus
1462 1127 1508 1166 et
1529 1126 1700 1167 nomini
1730 1123 1905 1182 ἀγώνων
1929 1125 2110 1166 additus
2133 1126 2178 1165 et
2202 1125 2248 1165 in

270 1200 495 1243 vocabulo
526 1198 716 1255 πόλεμον
748 1201 947 1241 omissus
978 1199 1122 1240 multo
1154 1199 1316 1240 melius
1346 1199 1392 1239 in
1432 1198 1658 1239 eiusmodi
1697 1198 2024 1239 dedicationem
2057 1196 2250 1250 quadrat

271 1285 409 1326 quam
450 1274 496 1314 in
537 1284 636 1314 eam
669 1273 743 1313 cui
774 1283 916 1313 unum
948 1271 1119 1312 bellum
1160 1282 1316 1312 ansam
1355 1270 1541 1311 dederit.
1603 1269 1734 1318 Quod
1773 1270 2034 1310 Frankelius
2064 1268 2247 1320 (Philol.)

269 1347 378 1386 huic
408 1347 672 1397 argumento
695 1345 924 1398 obmovet,
956 1344 1146 1385 eandem
1168 1343 1412 1384 formulam
1438 1344 1485 1384 in
1505 1343 1639 1383 Attali
1659 1343 1696 1382 II
1727 1341 2007 1384 dedicatione
2037 1353 2078 1383 n.
2103 1343 2200 1394 328,
2224 1343 2239 1380 4

270 1428 517 1470 recurrere,
556 1417 603 1457 id
640 1416 750 1457 nihil
789 1416 966 1469 probat.
1026 1415 1143 1457 Nam
1183 1427 1289 1456 cum
1327 1415 1455 1456 illum
1496 1426 1683 1468 quoque
1727 1416 1780 1455 ut
1823 1415 1999 1467 patrem
2037 1412 2249 1467 pluribus

270 1489 400 1530 bellis
431 1488 687 1530 interfuisse
717 1489 763 1529 in
784 1489 939 1541 eisque
969 1487 1144 1529 fortiter
1173 1489 1218 1528 et
1242 1489 1424 1528 strenue
1445 1498 1494 1528 se
1515 1488 1708 1539 gessisse
1738 1488 1927 1539 constet,
1958 1497 2050 1527 non
2070 1487 2139 1526 est
2169 1496 2252 1525 cur

271 1562 384 1602 illud
412 1561 548 1602 unius
579 1561 718 1602 modo
750 1560 858 1601 belli
889 1561 1240 1601 monumentum
1269 1560 1596 1601 existimemus.
1644 1559 1708 1600 Ac
1728 1559 1783 1600 de
1804 1559 1891 1600 hcc
1912 1558 2097 1611 quidem
2118 1557 2251 1598 titulo

270 1634 318 1675 id
338 1635 475 1675 etiam
503 1634 601 1675 aliis
626 1634 903 1686 argumentis
925 1632 1235 1674 confirmatur.
1286 1631 1493 1685 Namque
1517 1631 1775 1685 earundem,
1799 1642 1915 1684 quae
1940 1631 2014 1671 hic
2037 1631 2251 1671 coniunc-

272 1708 344 1747 tae
376 1707 712 1759 enumerantur,
744 1706 1041 1747 victoriarum
1073 1706 1210 1746 etiam
1232 1705 1490 1757 singillatim
1512 1704 1756 1757 peculiaria
1777 1704 2072 1745 monumenta
2102 1714 2127 1743 a
2149 1712 2252 1754 rege

274 1778 479 1819 dedicata
509 1780 628 1831 sunt,
659 1778 705 1819 id
737 1778 863 1831 quod
895 1778 949 1818 de
978 1789 1020 1819 n.
1045 1781 1128 1818 276
1162 1778 1346 1818 omnino
1379 1778 1554 1818 certum
1588 1776 1654 1828 (cf.
1682 1778 1772 1818 not.
1797 1776 1879 1829 43),
1912 1775 1967 1816 de
1997 1778 2079 1815 277
2102 1775 2147 1815 et
2168 1777 2251 1814 279

273 1852 394 1891 certe
425 1861 646 1903 perquam
676 1849 912 1903 probabile
942 1851 1011 1891 est
1042 1849 1109 1901 (cf.
1133 1851 1223 1891 not.
1248 1852 1315 1890 44.
1339 1850 1421 1902 47).
1473 1849 1567 1890 Hoc
1596 1860 1707 1891 vero
1739 1860 1829 1890 non
1858 1847 2108 1901 praefracte
2138 1857 2252 1898 nego

273 1923 410 1963 etiam
440 1933 532 1963 usu
561 1923 716 1964 venire
747 1923 965 1976 potuisse,
1006 1923 1044 1964 si
1074 1923 1161 1964 hoc
1198 1933 1315 1975 opus
1346 1922 1403 1964 ad
1438 1933 1582 1963 unum
1613 1922 1821 1963 Antiochi
1851 1920 2051 1962 Hieracis
2081 1919 2252 1960 bellum

274 1997 522 2048 spectaret;
562 1995 641 2036 sed
670 1996 823 2036 tamen
854 1996 997 2036 multo
1029 1995 1418 2036 accommodatius
1449 1997 1518 2035 est
1555 2006 1708 2035 rerum
1750 1995 1952 2047 naturae,
1994 1993 2033 2034 si
2061 1992 2253 2045 Koeppii

274 2078 524 2120 eorumque
541 2068 621 2119 qui
636 2067 763 2107 illum
781 2067 925 2107 secuti
941 2068 1047 2108 sunt
1067 2068 1288 2108 sent-entia
1308 2067 1430 2108 recte
1451 2077 1499 2107 se
1520 2066 1669 2107 habet.
1709 2066 1908 2119 Accedit,
1923 2065 2050 2118 quod
2066 2064 2249 2117 gravius

273 2142 354 2191 est,
387 2151 442 2180 ex
471 2140 558 2180 illis
588 2139 736 2180 tribus
766 2140 923 2193 titulis,
953 2138 1122 2193 quibus
1152 2140 1226 2180 alii
1257 2139 1315 2180 ad
1335 2139 1518 2180 easdem
1539 2139 1758 2180 victorias
1788 2139 2044 2192 spectantes
2064 2147 2251 2190 respon-

273 2212 420 2263 deant,
451 2223 595 2252 unum
627 2211 764 2252 modo
799 2212 854 2262 (n.
877 2211 974 2263 279)
1005 2212 1246 2253 victoriam
1276 2211 1332 2252 de
1361 2211 1581 2253 Antiocho
1612 2212 1893 2264 reportatam
1922 2211 2155 2262 attingere,
2197 2220 2254 2249 ex

274 2285 459 2337 reliquis
491 2283 672 2325 duobus
701 2295 744 2325 n.
767 2287 849 2324 276
881 2285 1004 2324 recte
1035 2284 1091 2325 ad
1121 2295 1194 2325 res
1223 2284 1302 2324 illo
1334 2283 1452 2325 bello
1484 2284 1672 2337 priores,
1712 2295 1754 2324 n.
1777 2286 1858 2323 277
1891 2282 1947 2324 ad
1977 2282 2254 2335 posteriores

274 2357 467 2398 relatum
498 2367 597 2397 esse
629 2356 695 2408 (cf.
718 2357 810 2397 not.
834 2359 903 2397 44.
927 2356 1008 2407 47).
1157 2359 1180 2396 3
1224 2355 1285 2398 Cf.
1308 2368 1350 2397 n.
1373 2355 1489 2397 2742.
1638 2358 1661 2397 4
1703 2355 1940 2409 Supplevit
1959 2355 2009 2396 Η.
2023 2355 2070 2395 G.
2083 2354 2253 2406 Lolling

273 2429 418 2470 Mitth.
451 2428 528 2469 des
560 2428 680 2469 arch.
703 2429 911 2469 Instituts
943 2428 987 2469 in
1008 2427 1153 2469 Athen
1173 2427 1231 2468 VI
1263 2427 1403 2480 (4884)
1434 2439 1478 2481 p.
1504 2431 1578 2468 404
1616 2429 1708 2469 not.
1734 2431 1770 2481 4,
1803 2428 1882 2480 qui
1912 2438 2078 2468 nomen
2107 2428 2254 2467 terrae

275 2501 458 2553 agnovit
487 2501 573 2542 etsi
602 2501 649 2541 in
670 2500 824 2541 Conzii
855 2500 1061 2554 exemplo
1097 2501 1217 2542 ΙΓΙΑΙ
1251 2502 1348 2542 erat
1377 2501 1608 2542 levissimo
1638 2511 1805 2542 errore.
1854 2500 1904 2541 In
1924 2499 2115 2540 Fabricii
2146 2497 2254 2539 deli-

274 2574 481 2614 neatione
510 2573 638 2614 iuxta
657 2573 810 2626 ipsum
842 2573 1093 2625 marginem
1114 2572 1326 2614 distincta
1354 2573 1529 2614 litterae
1560 2575 1590 2614 Υ
1621 2573 1812 2625 vestigia
1841 2573 2151 2625 agnoscuntur
2181 2568 2253 2623 (Γ).

277 2648 300 2686 5
331 2636 525 2699 Ἕλλ[η]ς
566 2646 764 2686 Schoene
795 2646 841 2686 et
870 2645 1015 2686 Conze
1046 2645 1146 2686 coll.
1179 2646 1330 2698 Steph.
1361 2646 1467 2698 Byz.
1488 2637 1651 2687 Ἕλλα·
1681 2642 1841 2703 χωρίον
1870 2639 2021 2698 Ἀσίας,
2057 2638 2252 2686 Ἀττάλου
2312 2637 2314 2647 ⁴

279 2713 485 2771 βασιλέως
517 2713 733 2773 ἐμπόριον.
792 2716 849 2757 At
886 2718 1089 2769 primum
1127 2718 1311 2770 quidem
1351 2714 1421 2758 ἐπὶ
1457 2717 1537 2758 ubi
1575 2717 1677 2758 loco
1715 2717 1877 2770 proelii
1914 2716 2108 2758 alicuius
2138 2715 2254 2756 desi-

276 2788 452 2840 gnando
482 2789 685 2843 inservit,
717 2789 764 2830 id
793 2789 916 2841 quod
946 2790 1186 2842 aliquando
1217 2789 1267 2829 fit
1289 2790 1327 2830 si
1358 2802 1448 2832 non
1477 2789 1606 2831 urbis
1636 2791 1707 2831 est
1726 2800 1907 2843 nomen,
1941 2799 2122 2841 semper
2142 2787 2255 2828 dati-

278 2872 388 2902 vum
419 2860 556 2902 habet
586 2854 662 2913 (ἐπ’
687 2855 941 2916 Ἀρτεμισίῳ,
984 2859 1054 2903 ἐπὶ
1083 2858 1259 2919 Δηλίῳ),
1299 2862 1459 2904 deinde
1490 2874 1598 2904 vero
1637 2874 1693 2903 ex
1734 2873 1824 2915 quo
1855 2863 2004 2902 terrae
2033 2860 2254 2913 Phrygiae
2304 2913 2305 2921 γ

276 2945 444 2975 nomen
493 2934 676 2986 agnovit
715 2933 962 2985 Lollingius
1003 2933 1107 2986 (not.
1141 2934 1177 2986 4)
1231 2934 1430 2975 dubitari
1475 2935 1566 2976 iam
1611 2947 1702 2976 non
1747 2935 1898 2987 potest
1941 2934 2050 2986 quin
2088 2943 2251 2973 verum

276 3006 443 3046 viderit
473 3006 646 3047 amicus
675 3006 828 3046 nescio
857 3006 959 3058 quis
981 3006 1146 3058 Conzii,
1178 3007 1256 3059 qui
1287 3018 1393 3048 cum
1422 3019 1476 3048 eo
1500 3007 1856 3049 communicavit
1885 3006 2253 3059 supplementum

279 3071 667 3134 Ἑλλ[η]σ[πόντωι].
718 3077 780 3118 Cf.
813 3077 972 3118 Strabo
1002 3077 1095 3131 XII,
1118 3082 1156 3132 8,
1181 3082 1197 3119 4
1236 3090 1279 3132 p.
1303 3082 1376 3120 574
1408 3079 1525 3121 Cas.:
1563 3075 1727 3135 Φρυγία
1755 3092 1800 3119 τε
1830 3075 1910 3136 γὰρ
1939 3076 1968 3132 ἡ
2002 3076 2078 3132 μὲν
2109 3074 2255 3118 καλεῖ·
2300 3079 2301 3103 3

277 3163 345 3192 ται
376 3148 555 3207 μεγάλη,
592 3148 645 3206 ἧς
684 3148 705 3192 ὁ
736 3145 876 3196 Μίδας
914 3147 1154 3206 ἐβασίλευσε
1193 3149 1267 3191 καὶ
1302 3149 1354 3207 ἥς
1396 3149 1523 3209 μέρος
1562 3149 1601 3193 οἱ
1641 3147 1831 3193 Γαλάται
1866 3147 2091 3208 κατέσχον,
2135 3147 2166 3204 ἡ
2205 3145 2252 3190 δὲ
2298 3159 2299 3173 ¹

279 3220 425 3277 μικρά,
455 3219 484 3277 ἡ
518 3216 579 3278 ἐφ’
607 3215 908 3279 Ἑλλησπόντῳ
938 3220 1011 3264 καὶ
1041 3219 1070 3278 ἡ
1102 3222 1199 3279 περὶ
1234 3222 1303 3265 τὸν
1324 3213 1568 3279 ”ολυμπον,
1605 3220 1635 3279 ἡ
1666 3222 1739 3266 καὶ
1770 3220 1994 3279 ἐπίκτητος
2023 3218 2250 3278 λεγομένη.
2296 3246 2299 3256 2

280 3294 534 3347 Xenophon
566 3293 816 3347 Cyropaed.
845 3295 895 3347 ΙΙ,
928 3297 967 3347 4,
1000 3297 1045 3335 5:
1078 3291 1162 3335 ἀπὸ
1193 3290 1379 3351 Φρυγίας
1410 3300 1485 3353 τῆς
1515 3293 1620 3352 πρὸς
1650 3288 1964 3351 Ἑλλησπόντῳ.
2014 3292 2086 3346 IV,
2109 3296 2148 3346 2,
2173 3295 2248 3332 3⁰:
2295 3305 2297 3312 ⁴

279 3363 349 3406 τὸν
380 3369 459 3421 τῆς
488 3359 583 3420 παρ’
603 3357 918 3421 Ἑλλήσποντον
949 3362 1136 3424 ἄρχοντα
1157 3361 1354 3423 Φρυγίας.
1403 3367 1516 3420 VIII,
1539 3371 1576 3421 6,
1601 3371 1645 3409 7:
1676 3365 1736 3414 εἰς
1757 3363 1940 3423 Φρυγίαν
1971 3363 2019 3406 δὲ
2047 3363 2126 3421 τὴν
2154 3356 2252 3421 παρ’

282 3430 596 3493 Ἑλλήσποντον
627 3435 699 3478 καὶ
728 3433 908 3479 Αἰολίδα
938 3435 1168 3495 (σατράπην
1201 3435 1378 3494 ἔπεμπε)
1410 3435 1671 3496 Φαρνοῦχον.
1722 3438 1875 3492 V11,4,
1899 3440 1944 3478 8:
1976 3434 1998 3477 ὁ
2030 3434 2078 3477 δὲ
2107 3431 2249 3492 Κῦρος
2294 3436 2295 3464 3

284 3505 327 3549 ἐν
357 3505 494 3566 τούτῳ
525 3507 778 3550 ἀπεστάλκει
799 3502 1032 3551 Ὑστάσπαν
1063 3507 1300 3568 στράτευμα
1337 3508 1495 3567 ἄγοντα
1532 3509 1600 3552 ἐπὶ
1630 3508 1816 3568 Φρυγίαν
1854 3508 1931 3565 τὴν
1971 3507 2068 3565 περὶ
2093 3502 2249 3563 Ἑλλή-
2292 3528 2294 3544 i

283 3593 474 3634 σποντον,
513 3593 710 3634 quorum
741 3582 946 3623 locorum
977 3582 1218 3635 plerosque
1248 3581 1376 3624 affert
1406 3584 1487 3637 Fr.,
1526 3584 1604 3637 qui
1635 3584 1743 3624 item
1775 3582 1988 3624 observat
2027 3581 2248 3622 adiectivo

282 3648 311 3706 ἡ
345 3644 709 3708 Ἑλλησποντιακὴ
743 3649 905 3711 Φρυγία
932 3655 1002 3695 uti
1023 3654 1289 3696 Strabonem
1308 3655 1402 3708 XII,
1427 3657 1465 3708 4,
1490 3659 1506 3695 4
1544 3667 1587 3707 p.
1607 3659 1688 3696 563
1711 3655 1806 3696 Cas.
1952 3658 1974 3694 6
2004 3652 2251 3694 Antiochus
2289 3651 2291 3676 ¹
