2314 3970
84 230 156 284 9ο]
563 227 806 268 Ptolemaei
827 227 865 267 V
899 228 1243 268 monumentum
1274 227 1581 268 Rosettanum.
1957 226 2057 276 159

221 402 354 459 τιδος
371 402 415 437 ⁸⁹
453 398 671 470 ὁμοίω[ς]
715 399 719 471 Ι
760 399 814 453 τὸ
853 397 1097 471 κεράμιον
1113 402 1157 436 90
1193 404 1277 470 τῆι
1315 399 1544 470 ἀρούραι,
1583 400 1676 451 τῶι
1713 417 1767 450 τε
1792 390 1936 450 ’Άπει
1972 396 2058 450 καὶ

221 490 313 539 τῶι
359 484 605 539 Μνεύει91
647 484 811 539 πολλὰ
860 488 1152 558 ἐδωρήσατο
1199 483 1284 539 καὶ
1327 486 1429 545 τοῖς
1469 484 1641 545 ἄλλοις
1690 483 1841 556 ἱεροῖς
1888 484 2058 543 ζώιοις

221 573 324 633 τοῖς
362 575 413 626 ἐν
453 571 784 644 Αἰγόπτωιθῖ,
825 572 950 626 πολὺ
988 573 1216 644 κρεῖσσον
1265 574 1360 626 τῶν
1407 571 1500 643 πρὸ
1544 573 1695 625 αὐτοῦ
1738 571 2060 643 βασιλείωνε)3

223 659 494 731 φροντίζων
541 659 662 731 ὑπὲρ
709 664 804 713 τῶν
858 660 1159 730 ἀνηκόν[των
1199 659 1287 727 εἰς]
1330 666 1335 730 Ι
1379 656 1508 712 αὐτὰ
1549 655 1636 713 διὰ
1674 659 1871 728 παντός,
1910 656 1972 710 τά
2009 653 2052 709 τ’

222 747 293 806 εἰς
329 742 421 806 τὰς
459 743 626 817 ταφὰς
666 748 887 800 αὐτῶν94
923 746 1213 815 καθήκοντα
1251 744 1417 805 διδοὺς
1467 748 1689 817 δαψιλῶς
1728 745 1814 799 καὶ
1852 746 2060 804 ἐνδόξως

221 832 306 886 καὶ
343 830 406 885 τὰ
445 835 773 903 τελισκόμενα
788 836 832 870 9⁵
869 834 942 892 εἰς
978 829 1041 885 τὰ
1081 830 1189 885 ἴδια
1230 828 1340 902 ἱερὰ
1388 829 1513 901 μετὰ
1553 833 1741 886 θυσιῶν
1780 829 1865 885 καὶ
1901 851 2061 902 πανη-

78 1023 290 1077 proponit
320 1020 666 1080 ἀ[φωρισ]μένης,
710 1034 764 1064 ne
794 1023 947 1075 ipsum
986 1021 1172 1074 quidem
1204 1021 1506 1074 improbabile
1537 1023 1617 1063 est.
1675 1022 1886 1063 Ceterum
1918 1022 2061 1063 tribu-

79 1098 178 1137 tum
208 1096 491 1148 singularum
522 1095 784 1138 artabarum
815 1096 860 1136 in
892 1094 1090 1147 singulas
1129 1105 1287 1135 aruras
1319 1094 1618 1147 perexiguum
1659 1105 1759 1135 esse
1799 1095 2063 1136 observavit

78 1168 331 1210 Lumbroso
362 1169 642 1210 Recherches
670 1179 713 1222 p.
739 1171 835 1221 293,
867 1169 919 1208 ut
949 1168 1039 1208 iam
1071 1168 1158 1207 hoc
1188 1167 1232 1207 in
1255 1166 1494 1207 collatione
1524 1166 1686 1219 reliqui
1717 1167 1811 1218 agri
1843 1167 2061 1207 eximium

79 1241 305 1282 contineat
334 1241 579 1282 fundorum
611 1251 845 1282 sacrorum
877 1239 1179 1292 privilegium.
1337 1242 1388 1280 88
1432 1240 1514 1281 ΤΙΙ
1536 1241 1574 1280 1.
1731 1242 1781 1280 89
1815 1239 2059 1280 Vinearum

78 1313 300 1355 tributum
331 1314 376 1354 in
408 1314 674 1355 universum
705 1312 890 1365 quidem
920 1313 1126 1365 pecunia,
1160 1323 1374 1352 arvorum
1402 1310 1608 1363 frugibus
1629 1312 1831 1364 persolvi
1853 1311 2062 1353 debuisse

79 1396 134 1426 ex
164 1386 349 1438 apochis
391 1386 583 1427 servatis
615 1385 944 1426 demonstravit
975 1384 1018 1425 U.
1042 1384 1248 1425 Wilcken
1281 1384 1352 1424 Gr.
1376 1383 1561 1424 Ostraka
1588 1383 1605 1422 Ι
1637 1394 1680 1435 p.
1705 1386 1801 1424 454.
1864 1383 1994 1431 Quod
2025 1384 2063 1424 si

77 1457 150 1498 hic
178 1459 351 1511 vinum,
389 1469 483 1499 non
519 1458 724 1511 pecunia,
767 1459 1166 1509 commemoretur,
1211 1456 1295 1496 hac
1336 1467 1383 1496 re
1422 1455 1688 1508 neutiquam
1730 1455 1909 1508 infringi
1941 1456 2061 1497 illam

77 1528 456 1583 observationem,
498 1530 578 1572 sed
619 1531 705 1571 hoc
745 1541 942 1583 quoque,
988 1532 1040 1570 ut
1085 1528 1311 1570 modicam
1360 1527 1521 1569 tributi
1567 1539 1793 1569 summam
1841 1528 1946 1579 (not.
1980 1529 2062 1581 87),

76 1601 346 1644 beneficium
377 1603 732 1644 existimandum
771 1613 870 1643 esse
911 1602 990 1642 uni
1029 1603 1175 1642 terrae
1215 1612 1368 1642 sacrae
1409 1611 1691 1642 concessum.
1871 1604 1921 1641 9ο
1962 1600 2063 1642 Non

78 1676 226 1716 certae
257 1685 495 1716 mensurae
527 1674 898 1727 significationem
940 1675 1028 1715 hoc
1063 1673 1212 1727 habet,
1250 1673 1329 1714 sed
1370 1672 1606 1726 quodlibet
1643 1683 1724 1714 vas
1762 1673 1965 1725 figlinum
1997 1674 2062 1714 in-

78 1746 197 1788 dicat
236 1748 432 1800 proprie.
492 1748 576 1788 Sed
613 1748 784 1800 passim
822 1747 1145 1788 diversissimis
1177 1747 1288 1787 locis
1329 1747 1374 1786 et
1405 1745 1690 1798 temporibus
1720 1756 1810 1786 usu
1840 1746 2063 1786 sermonis

76 1819 339 1872 quotidiano
380 1820 643 1873 invaluerat,
686 1821 737 1860 ut
779 1820 863 1860 hac
894 1830 1007 1860 voce
1045 1830 1129 1871 pro
1161 1819 1346 1872 proprio
1385 1818 1711 1859 usitatissimae
1750 1820 1859 1859 tunc
1899 1819 1943 1858 et
1974 1818 2063 1858 illic

76 1903 314 1933 mensurae
351 1904 504 1933 rerum
539 1892 826 1945 liquidarum
875 1893 1125 1933 uterentur.
1201 1891 1388 1932 Athenis
1440 1891 1559 1931 hunc
1617 1901 1754 1932 usum
1805 1892 1850 1931 et
1899 1892 2062 1943 quarto

0 2019 1 2032 χ
76 1976 113 2006 a.
144 1964 244 2006 Chr.
274 1976 316 2006 n.
358 1965 538 2006 saeculo
579 1963 722 2017 (Sy11.2
743 1967 839 2017 587,
863 1967 931 2005 43.
967 1968 1033 2005 69.
1065 1967 1161 2004 470.
1198 1966 1293 2005 474.
1325 1962 1422 2015 204)
1463 1965 1508 2004 et
1550 1963 1690 2004 altero
1732 1964 1927 2004 tertiove
1959 1965 2063 2016 post

78 2036 306 2078 Christum
335 2040 491 2078 natum
526 2035 668 2089 (Sy11.2
702 2039 797 2090 737,
833 2036 926 2088 462)
975 2035 1221 2077 observare
1267 2035 1383 2076 licet.
1446 2035 1570 2076 Idem
1617 2036 1662 2076 in
1709 2036 1794 2076 alia
1839 2036 2062 2076 eiusmodi

77 2108 298 2150 vocabula
319 2109 452 2162 cadit,
484 2109 627 2150 veluti
659 2107 841 2164 στάμνος
871 2107 1014 2161 (Syll.2
1035 2111 1131 2162 420,
1155 2109 1238 2161 27),
1270 2106 1415 2160 κάδος,
1447 2106 1679 2165 ἀμφορεύς.
1732 2107 1909 2156 Quanta
1930 2107 2064 2148 fuerit

77 2181 123 2223 in
152 2182 357 2235 Aegypto
389 2182 750 2223 Ptolemaeorum
783 2184 928 2223 aetate
957 2182 1070 2223 haec
1099 2192 1326 2241 mensura,
1358 2181 1478 2222 latet.
1530 2180 1645 2222 Nam
1668 2181 1793 2233 quod
1815 2181 1856 2221 F.
1875 2181 2063 2222 Hultsch

78 2254 150 2295 Gr.
180 2266 224 2295 u.
256 2259 370 2296 rom.
392 2253 684 2307 Metrologie2
711 2265 754 2307 p.
779 2257 860 2295 624
893 2254 1081 2295 eandem
1114 2255 1410 2307 capacitatem
1442 2252 1659 2294 habuisse
1690 2254 1826 2306 atque
1857 2253 2058 2294 artabam

78 2327 247 2380 statuit,
264 2326 311 2368 id
331 2326 613 2368 debilissimo
637 2327 797 2368 nititur
818 2326 1123 2368 fundamento.
1165 2326 1343 2366 Etenim
1365 2336 1419 2366 ex
1442 2326 1532 2366 hoc
1554 2326 1735 2366 decreto
1757 2325 1855 2366 iure
1877 2325 2060 2378 quidem

78 2399 246 2452 colligit
274 2399 392 2440 inter
421 2399 625 2441 artabam
652 2399 867 2440 frumenti
897 2401 942 2439 et
971 2397 1172 2456 κεράμιον
1205 2398 1298 2439 vini
1320 2398 1518 2450 aliquam
1549 2398 1859 2438 intercessisse
1890 2399 2061 2438 certam

77 2471 309 2513 rationem.
363 2471 449 2512 Sed
479 2483 562 2512 cur
592 2483 692 2512 eam
724 2471 781 2512 ad
812 2481 1050 2511 mensurae
1071 2471 1228 2523 potius
1255 2469 1621 2522 aequabilitatem
1642 2469 1891 2510 referamus
1923 2481 2060 2522 quam

77 2543 133 2584 ad
164 2544 359 2596 pretium
391 2555 487 2596 par,
518 2545 571 2584 ut
600 2543 705 2584 fecit
726 2544 773 2584 G.
797 2543 1049 2584 Lumbroso
1082 2543 1361 2583 Recherches
1385 2553 1426 2595 p.
1451 2546 1473 2582 8
1493 2553 1588 2594 sqq.
1623 2542 1929 2594 disputatione
1960 2553 2061 2595 per-

77 2626 214 2669 quam
247 2616 416 2669 subtili‚
447 2616 616 2657 nullam
638 2616 771 2657 video
794 2616 1003 2657 idoneam
1026 2626 1224 2656 causam.
1374 2618 1417 2655 94
1459 2614 1520 2655 Cf.
1553 2627 1595 2655 n.
1619 2613 1731 2655 5624.
1881 2617 1933 2655 92
1977 2615 2060 2655 Pro

77 2687 346 2729 animalibus
377 2688 636 2741 exemplum
659 2688 938 2729 demoticum
962 2687 1172 2728 distincte
1203 2685 1325 2729 boves
1357 2686 1504 2727 habet.
1551 2687 1606 2727 Et
1627 2686 1765 2728 fuisse
1788 2687 1833 2727 in
1853 2686 2060 2739 Aegypto

76 2760 212 2801 etiam
243 2761 423 2813 praeter
451 2759 585 2813 Apim
615 2762 660 2801 et
679 2761 874 2802 Mnevim
906 2760 1047 2802 boves
1080 2770 1233 2801 sacros
1265 2759 1342 2812 qui
1376 2759 1541 2800 eximia
1572 2759 1785 2811 religione
1807 2759 2062 2800 colerentur

62 2833 259 2879 ¹scimus.
321 2832 381 2873 Cf.
415 2834 505 2873 not.
530 2836 582 2874 56
597 2831 646 2873 25.
816 2836 868 2873 93
910 2832 970 2874 Cf.
1004 2831 1132 2885 Syll.2
1153 2833 1210 2872 III
1242 2843 1284 2884 p.
1309 2835 1405 2872 225.
1569 2834 1621 2872 94
1664 2830 1839 2879 Quanto
1872 2834 2061 2884 sumptu

74 2906 334 2957 quantaque
365 2904 695 2957 magnificentia
714 2906 956 2958 exsequiae
978 2905 1119 2946 boum
1142 2916 1378 2946 sacrorum
1401 2905 1555 2957 peragi
1581 2903 1742 2944 solitae
1763 2905 1852 2944 sint
1874 2906 2061 2956 apparet

56 2974 132 3018 “ex
162 2977 420 3018 narratione
449 2978 634 3018 Diodori
664 2977 695 3030 1,
719 2979 788 3030 84,
811 2981 849 3018 7.
874 2981 921 3018 8:
969 2975 1041 3019 ἐὰν
1075 2975 1121 3018 δὲ
1150 2973 1382 3034 τελευτήσῃ
1413 2989 1489 3030 τις,
1527 2972 1728 3018 πενθοῦσι
1761 2974 1836 3031 μὲν
1867 2973 1939 3017 ’ίσα
1970 2978 2060 3021 τοῖς

76 3045 310 3105 ἀγαπητῶν
338 3047 499 3090 τέκνων
530 3047 811 3105 στερομένοις,
854 3047 1063 3091 θάπτουσι
1103 3048 1150 3090 δὲ
1188 3047 1235 3090 οὐ
1267 3046 1377 3090 κατὰ
1413 3047 1492 3105 τὴν
1525 3046 1686 3089 ἑαυτῶν
1720 3046 1909 3102 δύναμιν,
1948 3045 2060 3089 ἀλλὰ

70 3117 186 3163 ῖπολὺ
216 3119 292 3176 τὴν
324 3118 441 3170 ἀξίαν
471 3124 549 3176 τῆς
580 3118 741 3162 ἑαυτῶν
775 3118 918 3167 οὐσίας
949 3117 1299 3176 ὑπερβάλλοντες.
1337 3117 1446 3176 μετὰ
1473 3117 1552 3178 γὰρ
1583 3119 1661 3175 τὴν
1694 3114 1961 3174 Ἀλεξάνδρου
1993 3132 2059 3159 τε-

71 3186 246 3249 λευτήν,
278 3189 544 3249 Πτολεμαίου
575 3195 650 3234 τοῦ
671 3189 815 3250 Λάγου
848 3190 1160 3250 παρειληφότος
1192 3190 1286 3249 ἄρτι
1315 3191 1394 3249 τὴν
1423 3188 1654 3249 Αἴγυπτον,
1688 3190 1835 3248 ἔτυχεν
1869 3189 1911 3231 ἐν
1934 3186 2058 3247 Μέμ-

81 3275 151 3319 φει
177 3262 434 3322 τελευτήσας
465 3263 487 3306 ὁ
507 3255 631 3311 Ἆπις
661 3263 794 3321 γήρᾳ·
839 3263 860 3307 ὁ
901 3263 948 3307 δὲ
987 3264 1063 3321 τὴν
1105 3263 1346 3322 ἐπιμέλειαν
1379 3262 1490 3322 ἔχων
1524 3261 1651 3305 αὐτοῦ
1692 3261 1771 3317 τήν
1803 3276 1847 3303 τε
1878 3259 2057 3318 ἡτοιμα-

81 3332 236 3392 σμένην
266 3334 485 3396 χορηγίαν,
518 3334 644 3379 οὖσαν
677 3334 784 3378 πάνυ
807 3335 986 3393 πολλήν,
1018 3335 1077 3383 εἰς
1106 3336 1247 3394 ταφὴν
1279 3334 1444 3378 ἅπασαν
1477 3333 1717 3391 ἐδαπάνησε
1739 3333 1811 3376 καὶ
1840 3332 1954 3391 παρὰ
1983 3338 2057 3377 τοῦ

82 3401 342 3463 Πτολεμαίου
381 3406 646 3465 πεντήκοντα
685 3407 882 3465 ἀργυρίου
920 3408 1107 3451 τάλαντα
1147 3405 1510 3463 προσεδανείσατο.
1572 3406 1632 3447 Cf.
1666 3407 1802 3447 etiam
1833 3407 2055 3448 Plutarch.

83 3476 138 3519 de
174 3479 228 3521 Is.
269 3483 314 3522 et
351 3482 462 3522 Osir.
493 3484 539 3520 24
584 3491 627 3533 p.
662 3484 740 3522 359
757 3482 807 3522 D.
993 3485 1044 3523 95
1086 3481 1287 3521 Verbum
1328 3479 1384 3520 ab
1433 3479 1687 3531 antiquiore
1733 3479 1916 3531 quidem
1965 3491 2057 3521 ser-

85 3560 213 3592 mone
243 3552 516 3594 Graecorum
548 3553 757 3606 alienum,
798 3553 878 3594 sed
911 3554 1123 3595 traditum
1157 3552 1278 3605 apud
1307 3551 1584 3593 Nicandrum
1617 3551 1817 3604 Alexiph.
1842 3555 1938 3605 583,
1978 3553 2056 3592 ubi

84 3619 131 3664 0.
157 3623 397 3665 Schneider
427 3624 612 3677 quidem
643 3622 837 3666 τέλεσκεν
867 3626 1078 3676 restituit,
1112 3624 1191 3665 sed
1223 3624 1343 3664 tituli
1375 3624 1520 3664 aetate
1552 3623 1762 3675 supparis
1794 3624 2053 3664 testimonio

84 3691 300 3736 librorum
335 3698 553 3738 memoria
583 3696 845 3738 defenditur.
908 3697 969 3738 Cf.
1001 3696 1332 3737 Kiihner-Blass
1363 3695 1434 3736 Gr.
1460 3695 1655 3736 Gramm.
1679 3696 1709 3748 Ι,
1734 3698 1756 3734 2
1790 3706 1832 3748 p.
1857 3698 1952 3737 548.
