2314 3970
230 145 332 195 568
664 143 712 182 V.
760 142 904 192 Regna
938 141 1097 181 Asiana
1132 142 1316 181 minora.
1380 145 1416 181 3.
1449 141 1743 193 Cappadocia.
2041 142 2198 193 [353—

374 404 561 473 φανοῧς
590 398 596 469 Ι
624 397 710 453 καὶ
747 397 1125 470 Φιλοπάτορος3
1161 400 1186 451 ὁ
1224 397 1382 470 ἱερεὺς
1407 394 1684 469 Ἡλίαν[αξ]
1725 399 1732 471 Ι
1767 397 2200 473 Ἀσκληπιοδώρου

366 483 666 557 Ἀθηναῖος4
703 486 891 556 θε[οἷς].

340 655 533 695 Litterae
563 654 734 695 ΑΘΠΣ.
883 657 900 693 4
939 652 1195 695 Ariarathes
1226 652 1305 692 VII
1342 663 1422 693 rex
1454 651 1775 706 Cappadociae.
1837 656 1878 696 Is
1917 657 2021 709 post
2059 656 2202 708 patris
2249 639 2281 663 '‘

227 738 382 768 necem
414 726 518 778 (fere
551 728 632 766 442
662 737 699 767 a.
722 725 822 766 Chr.
854 725 909 777 n.)
944 725 1134 778 imperio
1165 725 1339 777 potitus
1370 726 1452 778 est,
1491 725 1671 766 circiter
1702 737 1818 767 anno
1852 730 1932 767 440
1966 740 2004 769 a.
2028 728 2127 769 Chr.
2159 740 2200 769 n.

226 812 252 840 a
288 798 545 840 Mithridate
582 798 809 839 avunculo
850 809 931 851 per
969 797 1125 838 dolum
1164 797 1356 838 occisus.
1418 796 1479 837 Cf.
1511 797 1589 837 Th.
1613 797 1806 839 Reinach
1842 799 1996 840 Revue
2034 801 2204 841 numis-
2281 822 2302 858 A·

226 872 428 924 matique
468 872 558 911 Ser.
580 871 639 911 III
677 870 723 911 T.
744 870 802 910 IV
843 881 886 923 p.
912 872 1007 911 325.
1059 870 1104 910 B.
1127 869 1261 910 Niese
1299 869 1420 922 apud
1459 869 1849 922 Pauly-wissowa
1886 871 2206 925 Realencyklo-

224 944 357 998 padie
386 944 425 984 II
449 947 463 983 4
502 954 545 996 p.
570 946 666 984 849.
814 945 838 983 2
881 942 1138 995 cognomen
1169 953 1308 995 supra
1334 952 1517 983 versum
1550 954 1576 983 a
1606 942 1798 995 lapicida
1828 943 2046 998 additum,
2079 945 2203 998 quod

226 1017 361 1058 etiam
393 1016 440 1056 in
470 1016 670 1056 nummis
702 1015 942 1057 invenitur.
1002 1015 1152 1056 Primo
1184 1014 1375 1055 Laodice
1406 1015 1552 1055 mater
1581 1014 1660 1055 filii
1691 1015 1761 1056 ius
1793 1027 1819 1057 a
1839 1016 2107 1058 Mithridatis
2138 1018 2203 1058 in-

225 1089 351 1130 sidiis
382 1087 634 1129 defendisse
671 1089 717 1129 et
746 1099 829 1141 pro
860 1098 914 1128 eo
948 1098 1137 1140 regnum
1170 1086 1510 1128 administrasse
1547 1087 1741 1140 videtur,
1784 1087 1894 1128 dum
1924 1089 2203 1131 Mithridates

224 1172 324 1202 eam
356 1160 600 1213 expelleret
629 1162 674 1201 et
703 1171 891 1212 regnum
913 1159 1137 1200 Ariarathi
1169 1159 1255 1200 soli
1276 1158 1486 1200 traderet.
1535 1158 1593 1199 At
1623 1158 1753 1200 brevi
1772 1158 1943 1201 bellum
1972 1161 2090 1202 inter
2119 1162 2203 1203 hos

224 1234 339 1275 duos
370 1243 498 1286 reges
530 1234 684 1274 ortum
715 1233 797 1274 est.
856 1231 1019 1273 Nescio
1051 1243 1108 1273 an
1138 1232 1485 1273 monumentum
1522 1231 1779 1273 dedicatum
1820 1233 1881 1274 sit
1910 1244 2016 1274 cum
2046 1234 2204 1275 etiam-

225 1308 322 1346 tum
354 1305 580 1346 discordia
610 1306 728 1346 inter
767 1306 962 1345 matrem
1001 1305 1046 1345 et
1074 1303 1219 1344 filium
1257 1303 1494 1358 obtineret,
1536 1303 1616 1345 sed
1653 1315 1903 1357 cognomen
1943 1306 2203 1359 suppletum

224 1390 329 1419 cum
360 1378 476 1419 bello
509 1378 667 1418 exorto
700 1377 747 1418 in
777 1377 968 1430 gratiam
1003 1376 1254 1417 rediissent.
1430 1381 1452 1417 3
1494 1376 1752 1418 Ariarathes
1779 1377 1839 1418 VI
1868 1379 2073 1430 regnavit
2115 1379 2205 1420 fere

225 1453 452 1491 430-442
476 1462 513 1491 a.
537 1450 638 1491 Chr.
660 1461 719 1503 n.,
751 1461 842 1502 qua
871 1450 1018 1490 aetate
1049 1449 1146 1490 cusi
1178 1450 1285 1490 sunt
1315 1449 1490 1489 nummi
1512 1460 1618 1490 cum
1638 1449 1932 1503 inscriptione
1963 1447 2205 1507 βασιλίσσης
2274 1459 2275 1462 ’
2304 1432 2305 1435 ¹

223 1519 373 1578 Νύσης
402 1520 475 1563 καὶ
498 1519 707 1576 βασιλέως
727 1516 974 1579 Ἀριαράθου
997 1514 1257 1577 Ἐπιφανοῦς
1277 1523 1353 1562 τοῦ
1375 1519 1481 1562 υἱοῦ.
1534 1521 1594 1562 Cf.
1624 1522 1703 1563 Th.
1719 1522 1915 1564 Reinach
1935 1522 1962 1563 l.
1984 1523 2013 1564 l.
2044 1534 2087 1575 p.
2107 1524 2203 1565 346.

224 1594 489 1637 Interfectus
510 1596 579 1635 est
608 1606 635 1636 a
655 1593 820 1636 Gordio
841 1594 1060 1635 instinctu
1079 1593 1349 1635 Mithridatis
1370 1594 1625 1647 Eupatoris.
1674 1595 1829 1636 Iustin.
1851 1595 2089 1649 XXXVIII,
2107 1599 2147 1649 4,
2165 1599 2204 1637 4.

226 1670 249 1709 4
287 1668 412 1708 Idem
443 1667 579 1708 etiam
610 1666 820 1708 Antiochi
848 1666 947 1708 VIII
978 1667 1119 1720 Grypi
1151 1666 1207 1718 (n.
1242 1665 1379 1720 2584),
1419 1666 1726 1719 complurium
1757 1667 2028 1709 Mithridatis
2057 1667 2206 1721 Eupa-

224 1739 335 1780 toris
367 1739 621 1780 amicorum
643 1739 689 1779 et
715 1738 887 1779 ducum
920 1738 974 1790 (n.
1000 1741 1095 1779 374.
1119 1741 1216 1779 372.
1240 1741 1335 1780 373.
1359 1739 1456 1791 374)
1488 1741 1532 1780 et
1562 1739 1762 1780 hominis
1793 1739 1915 1793 apud
1935 1739 2206 1781 Parthorum

225 1823 378 1864 regem
407 1811 712 1853 Mithridatem
733 1812 772 1852 II
802 1822 965 1864 magna
995 1811 1137 1864 gratia
1166 1811 1369 1853 florentis
1400 1810 1456 1862 (n.
1481 1811 1578 1865 430)
1609 1812 1827 1866 imagines
1860 1812 1956 1854 Deli
1984 1812 2207 1855 dedicavit

225 1884 405 1925 circiter
436 1895 551 1925 anno
584 1887 665 1924 440
690 1896 730 1928 a.
747 1883 849 1926 Chr.
872 1895 914 1925 n.

333 2098 447 2153 354
498 2102 650 2168 Lapis
674 2104 912 2152 inventus
934 2101 1159 2152 Athenis,
1224 2104 1346 2153 Post
1370 2103 1495 2152 alios
1531 2103 1607 2152 ed.
1636 2103 1842 2153 Boeckh
1867 2103 1918 2154 C.
1947 2105 1982 2154 I.
2014 2104 2071 2155 G.
2102 2103 2204 2155 357

229 2188 286 2254 (J.
301 2189 465 2238 Franz
489 2189 643 2238 Elem.
662 2189 830 2255 Epigr.
848 2189 1016 2256 p.232
1043 2204 1092 2238 n.
1108 2190 1190 2239 88.
1239 2191 1320 2240 W.
1338 2189 1691 2255 Dittenberger
1709 2190 1762 2241 C.
1781 2192 1818 2240 I.
1835 2190 1935 2241 Att.
1958 2192 2042 2259 ΠΙ,
2065 2192 2204 2258 544).

372 2329 603 2384 Βασιλέα
643 2328 1036 2403 Ἀριοβαρζάνην
1075 2329 1450 2403 Φιλοπάτοραῑ,
1495 2330 1579 2386 τὸν
1625 2334 1683 2386 ἐκ
1721 2333 1966 2404 βασιλέως
2008 2333 2014 2404 Ι
2050 2329 2207 2405 Ἀριο-

374 2416 627 2489 βαρζάνου
666 2418 1063 2489 Φιλορωμαίου2
1098 2417 1185 2471 καὶ
1223 2418 1520 2490 βασιλίσσης
1556 2417 1562 2489 Ι
1597 2415 1893 2490 Ἀθηναΐδος
1932 2421 2207 2492 Φιλοστόρ-
2289 2412 2314 2459 Ῐ

371 2526 463 2575 γου
479 2507 512 2571 3,
579 2506 625 2557 οἱ
687 2506 1085 2566 κατασταθέντες
1138 2505 1144 2576 Ι
1194 2502 1278 2558 ὑπ’
1350 2506 1502 2559 αότοῦ
1566 2504 1645 2560 ἐπὶ
1705 2506 1794 2578 τὴν
1855 2510 1942 2560 τοῦ
2005 2508 2205 2561 ὠιδείου

341 2673 535 2714 Litterae
565 2675 776 2715 ΑΖΘΠΣ.
924 2676 940 2713 4
979 2673 1044 2714 De
1064 2672 1365 2715 Ariobarzane
1385 2674 1424 2714 II
1455 2674 1744 2728 Philopatore
1764 2674 2075 2729 Cappadociae
2102 2687 2206 2728 rege

226 2745 278 2787 cf.
311 2746 356 2787 B.
379 2745 513 2788 Niese
551 2757 620 2799 ap.
652 2745 1044 2799 Pauly-Wissowa
1073 2746 1505 2800 Realencyklopadie
1534 2747 1573 2787 II
1605 2751 1621 2787 4
1661 2758 1704 2801 p.
1729 2749 1809 2788 834
1842 2759 1884 2790 n.
1907 2751 1945 2789 6.
2004 2748 2046 2790 Is
2086 2760 2203 2790 anno

229 2823 277 2859 63
311 2820 390 2859 aut
423 2821 474 2859 62
507 2830 544 2859 a.
576 2818 677 2860 Chr.
709 2829 751 2859 n.
784 2817 1068 2860 abdicatione
1108 2819 1253 2871 patris
1294 2829 1373 2859 rex
1411 2819 1686 2861 constitutus
1717 2821 1787 2861 est
1824 2819 2026 2873 (Appian.
2057 2821 2204 2862 Mithr.

228 2894 322 2932 405.
349 2894 390 2931 44
406 2893 442 2933 4.
490 2890 585 2932 Val.
608 2891 720 2932 Max.
742 2890 780 2930 V
803 2893 826 2931 7
858 2892 945 2932 ext.
969 2891 1023 2944 2),
1055 2901 1137 2943 per
1166 2890 1352 2932 insidias
1375 2892 1553 2933 occisus
1583 2892 1736 2945 paullo
1759 2895 1862 2934 ante
1890 2904 2027 2945 quam
2049 2893 2204 2935 Cicero

226 2964 271 3004 in
315 2964 604 3016 provinciam
649 2963 849 3004 Ciliciam
895 2963 1084 3016 veniret,
1130 2975 1167 3004 a.
1209 2966 1260 3004 52
1301 2966 1380 3004 aut
1418 2967 1462 3006 54
1503 2976 1540 3006 a.
1574 2964 1676 3006 Chr.
1707 2976 1750 3006 n.
1808 2964 1999 3006 Uxorem
2046 2965 2207 3007 habuit

226 3035 473 3076 Athenaida
513 3038 624 3077 natu
660 3036 898 3088 minorem,
938 3035 1082 3076 filium
1118 3036 1228 3076 natu
1258 3036 1478 3077 maiorem
1515 3038 1559 3078 et
1591 3047 1903 3078 successorem
1941 3037 2205 3079 Ariobarza-

227 3119 330 3149 nem
350 3108 409 3148 111
440 3107 495 3160 (n.
521 3111 615 3162 356,
638 3111 675 3148 2.
701 3107 754 3160 lo).
807 3107 867 3149 Cf.
899 3107 978 3148 Th.
1001 3108 1196 3148 Reinach
1226 3108 1378 3149 Revue
1410 3108 1464 3149 de
1489 3110 1844 3162 numismatique
1875 3110 1965 3150 Ser.
1987 3110 2045 3149 111
2076 3110 2122 3151 T.
2146 3110 2204 3150 IV

226 3193 269 3233 p.
296 3183 389 3220 433.
566 3183 590 3220 2
628 3179 956 3221 Ariobarzanes
987 3181 1005 3220 I
1036 3191 1153 3222 anno
1186 3183 1238 3221 95
1270 3192 1307 3221 a.
1332 3180 1433 3222 Chr.
1464 3193 1505 3222 n.
1537 3193 1563 3223 a
1594 3181 1940 3235 Cappadocibus
1978 3183 2206 3234 permissu

227 3254 411 3293 senatus
441 3252 629 3293 Romani
661 3263 740 3293 rex
771 3254 951 3294 creatus
982 3253 1064 3306 est,
1104 3253 1149 3293 et
1179 3263 1284 3293 cum
1324 3263 1458 3306 saepe
1489 3266 1514 3294 a
1545 3254 1731 3306 Tigrane
1769 3255 1814 3294 et
1843 3254 2098 3295 Mithridate
2128 3266 2204 3296 ex-

226 3324 400 3377 pulsus,
433 3336 459 3365 a
483 3324 696 3365 Romanis
727 3325 964 3365 restitutus
996 3326 1126 3377 esset,
1159 3326 1388 3378 postremo
1412 3337 1449 3366 a.
1474 3329 1524 3366 63
1549 3328 1626 3367 aut
1650 3329 1701 3366 62
1724 3327 1938 3379 Pompeio
1968 3328 2204 3379 praesente

228 3399 272 3436 et
303 3396 608 3437 consentiente
649 3407 785 3448 regno
829 3407 878 3437 se
908 3396 1148 3438 abdicavit.
1210 3395 1269 3437 Cf.
1308 3398 1400 3437 not.
1425 3400 1462 3437 4.
1612 3401 1633 3436 3
1674 3397 1791 3439 Uxor
1820 3397 2133 3439 Ariobarzanis
2164 3399 2202 3452 1;

229 3468 348 3508 idem
379 3479 544 3509 nomen
582 3470 626 3509 et
663 3479 913 3521 cognomen
953 3469 1090 3510 etiam
1128 3469 1307 3526 coniugi
1336 3467 1652 3510 Ariobarzanis
1683 3470 1734 3523 II,
1775 3471 1910 3511 matri
1939 3470 2202 3512 Ariobarza-

230 3540 298 3579 nis
330 3540 386 3579 ΙΙΙ
417 3540 555 3581 fuisse
587 3540 718 3581 docet
747 3541 907 3582 titulus
939 3553 980 3582 n.
1006 3544 1101 3594 356,
1126 3543 1163 3581 2.
1222 3539 1327 3581 Utra
1357 3552 1411 3582 ex
1448 3541 1518 3582 his
1550 3541 1726 3583 duabus
1757 3542 2025 3584 Mithridatis
2056 3542 2203 3595 Eupa-
2286 3591 2287 3594 Ἰ
2313 3597 2314 3602 1

233 3611 342 3652 toris
371 3610 461 3653 filia
492 3612 626 3653 fuerit
656 3612 913 3665 ambigitur.
974 3612 1034 3654 Cf.
1066 3625 1108 3653 n.
1130 3614 1210 3653 356
1222 3611 1254 3653 3.

2244 0 2295 321 i

373 313 601 367 Βασιλέα
640 309 979 383 Ἀριαράθην1
1016 313 1374 383 Φιλομήτορα2
1411 313 1642 383 βασιλέος
1683 313 1690 383 Ι
1722 310 2029 385 Ἀριαράθου
2062 310 2199 367 Ἐπι-
2258 323 2262 370 ζ
