<?xml version="1.0" encoding="UTF-8"?>
<!DOCTYPE html PUBLIC "-//W3C//DTD XHTML 1.0 Transitional//EN"
    "http://www.w3.org/TR/xhtml1/DTD/xhtml1-transitional.dtd">
<html xmlns="http://www.w3.org/1999/xhtml" xml:lang="en" lang="en">
 <head>
  <title>
</title>
<meta http-equiv="Content-Type" content="text/html;charset=utf-8" />
  <meta name='ocr-system' content='tesseract 3.04.00' />
  <meta name='ocr-capabilities' content='ocr_page ocr_carea ocr_par ocr_line ocrx_word'/>
</head>
<body>
  <div class='ocr_page' id='page_1' title='image "./orientisgraeciin01dittuoft_0208.png"; bbox 0 0 2314 3970; ppageno 0'>
   <div class='ocr_carea' id='block_1_1' title="bbox 258 232 1537 288">
    <p class='ocr_par' dir='ltr' id='par_1_1' title="bbox 258 232 1537 288">
     <span class='ocr_line' id='line_1_1' title="bbox 258 232 1537 288; baseline -0.006 -7"><span class='ocrx_word' id='word_1_1' title='bbox 258 237 358 288; x_wconf 85' lang='lat'>194</span> <span class='ocrx_word' id='word_1_2' title='bbox 929 235 979 274; x_wconf 89' lang='lat'>11.</span> <span class='ocrx_word' id='word_1_3' title='bbox 1024 234 1223 285; x_wconf 81' lang='lat' dir='ltr'>Regnum</span> <span class='ocrx_word' id='word_1_4' title='bbox 1258 232 1537 284; x_wconf 87' lang='lat' dir='ltr'>Lagidarum.</span> 
     </span>
    </p>
   </div>
   <div class='ocr_carea' id='block_1_2' title="bbox 2067 232 2226 285">
    <p class='ocr_par' dir='ltr' id='par_1_2' title="bbox 2067 232 2226 285">
     <span class='ocr_line' id='line_1_2' title="bbox 2067 232 2226 285; baseline -0.013 -12"><span class='ocrx_word' id='word_1_5' title='bbox 2067 232 2226 285; x_wconf 71' lang='lat'>[4⁴4—</span> 
     </span>
    </p>
   </div>
   <div class='ocr_carea' id='block_1_3' title="bbox 1010 306 1289 311">
    <p class='ocr_par' dir='ltr' id='par_1_3' title="bbox 1010 306 1289 311">
     <span class='ocr_line' id='line_1_3' title="bbox 1010 306 1289 311; baseline 0 0"><span class='ocrx_word' id='word_1_6' title='bbox 1010 306 1289 311; x_wconf 95' lang='lat' dir='ltr'> </span> 
     </span>
    </p>
   </div>
   <div class='ocr_carea' id='block_1_4' title="bbox 2022 306 2208 310">
    <p class='ocr_par' dir='ltr' id='par_1_4' title="bbox 2022 306 2208 310">
     <span class='ocr_line' id='line_1_4' title="bbox 2022 306 2208 310; baseline 0 0"><span class='ocrx_word' id='word_1_7' title='bbox 2022 306 2208 310; x_wconf 95' lang='lat' dir='ltr'> </span> 
     </span>
    </p>
   </div>
   <div class='ocr_carea' id='block_1_5' title="bbox 254 310 453 316">
    <p class='ocr_par' dir='ltr' id='par_1_5' title="bbox 254 310 453 316">
     <span class='ocr_line' id='line_1_5' title="bbox 254 310 453 316; baseline 0 0"><span class='ocrx_word' id='word_1_8' title='bbox 254 310 453 316; x_wconf 95' lang='lat' dir='ltr'> </span> 
     </span>
    </p>
   </div>
   <div class='ocr_carea' id='block_1_6' title="bbox 253 405 2221 560">
    <p class='ocr_par' dir='ltr' id='par_1_6' title="bbox 253 405 2221 560">
     <span class='ocr_line' id='line_1_6' title="bbox 253 405 2221 476; baseline -0.003 -18"><span class='ocrx_word' id='word_1_9' title='bbox 253 411 342 458; x_wconf 92' lang='lat' dir='ltr'>XII</span> <span class='ocrx_word' id='word_1_10' title='bbox 378 426 428 476; x_wconf 88' lang='lat' dir='ltr'>p.</span> <span class='ocrx_word' id='word_1_11' title='bbox 459 409 523 459; x_wconf 74' lang='lat'>82</span> <span class='ocrx_word' id='word_1_12' title='bbox 563 423 611 457; x_wconf 88' lang='lat' dir='ltr'>n.</span> <span class='ocrx_word' id='word_1_13' title='bbox 645 407 742 456; x_wconf 71' lang='lat'>⁴94</span> <span class='ocrx_word' id='word_1_14' title='bbox 784 405 864 474; x_wconf 94' lang='grc' dir='ltr'>(Μ.</span> <span class='ocrx_word' id='word_1_15' title='bbox 895 407 947 456; x_wconf 89' lang='lat' dir='ltr'>L.</span> <span class='ocrx_word' id='word_1_16' title='bbox 978 405 1159 456; x_wconf 87' lang='lat' dir='ltr'>Strack</span> <span class='ocrx_word' id='word_1_17' title='bbox 1197 407 1286 456; x_wconf 91' lang='lat' dir='ltr'>Die</span> <span class='ocrx_word' id='word_1_18' title='bbox 1324 407 1568 471; x_wconf 81' lang='lat' dir='ltr'>Dynastie</span> <span class='ocrx_word' id='word_1_19' title='bbox 1606 406 1695 456; x_wconf 91' lang='lat' dir='ltr'>der</span> <span class='ocrx_word' id='word_1_20' title='bbox 1720 406 2004 456; x_wconf 65' lang='lat' dir='ltr'>Ptolemaer</span> <span class='ocrx_word' id='word_1_21' title='bbox 2038 422 2089 472; x_wconf 92' lang='lat' dir='ltr'>p.</span> <span class='ocrx_word' id='word_1_22' title='bbox 2119 406 2221 455; x_wconf 74' lang='lat'>249</span> 
     </span>
     <span class='ocr_line' id='line_1_7' title="bbox 253 489 1886 560; baseline -0.001 -16"><span class='ocrx_word' id='word_1_23' title='bbox 253 512 300 546; x_wconf 89' lang='lat' dir='ltr'>n.</span> <span class='ocrx_word' id='word_1_24' title='bbox 333 497 413 545; x_wconf 89' lang='lat'>88.</span> <span class='ocrx_word' id='word_1_25' title='bbox 481 495 568 544; x_wconf 91' lang='lat' dir='ltr'>Ch.</span> <span class='ocrx_word' id='word_1_26' title='bbox 593 493 769 543; x_wconf 90' lang='lat' dir='ltr'>Michel</span> <span class='ocrx_word' id='word_1_27' title='bbox 807 494 1009 543; x_wconf 89' lang='lat' dir='ltr'>Recueil</span> <span class='ocrx_word' id='word_1_28' title='bbox 1047 489 1245 543; x_wconf 90' lang='lat' dir='ltr'>d&#39;inscr.</span> <span class='ocrx_word' id='word_1_29' title='bbox 1287 492 1370 542; x_wconf 88' lang='lat' dir='ltr'>Gr.</span> <span class='ocrx_word' id='word_1_30' title='bbox 1410 508 1460 559; x_wconf 90' lang='lat' dir='ltr'>p.</span> <span class='ocrx_word' id='word_1_31' title='bbox 1491 493 1592 542; x_wconf 83' lang='lat'>859</span> <span class='ocrx_word' id='word_1_32' title='bbox 1633 507 1681 543; x_wconf 90' lang='lat' dir='ltr'>n.</span> <span class='ocrx_word' id='word_1_33' title='bbox 1714 490 1886 560; x_wconf 74' lang='lat'><strong>⁴238).</strong></span> 
     </span>
    </p>
   </div>
   <div class='ocr_carea' id='block_1_7' title="bbox 386 638 2230 1059">
    <p class='ocr_par' dir='ltr' id='par_1_7' title="bbox 386 638 2230 1059">
     <span class='ocr_line' id='line_1_8' title="bbox 386 638 2226 714; baseline -0.002 -19"><span class='ocrx_word' id='word_1_34' title='bbox 386 641 539 714; x_wconf 84' lang='grc' dir='ltr'>Ὑπὲρ</span> <span class='ocrx_word' id='word_1_35' title='bbox 603 642 848 713; x_wconf 86' lang='grc' dir='ltr'>βασιλέως</span> <span class='ocrx_word' id='word_1_36' title='bbox 896 641 1214 711; x_wconf 83' lang='grc' dir='ltr'>Πτολεμαίου</span> <span class='ocrx_word' id='word_1_37' title='bbox 1269 639 1356 694; x_wconf 81' lang='grc' dir='ltr'>καὶ</span> <span class='ocrx_word' id='word_1_38' title='bbox 1418 640 1710 712; x_wconf 85' lang='grc' dir='ltr'>βασιλίσσης</span> <span class='ocrx_word' id='word_1_39' title='bbox 1757 638 2089 711; x_wconf 87' lang='grc' dir='ltr'>Κλεοπάτρας</span> <span class='ocrx_word' id='word_1_40' title='bbox 2138 645 2226 711; x_wconf 83' lang='grc' dir='ltr'>τῆς</span> 
     </span>
     <span class='ocr_line' id='line_1_9' title="bbox 397 724 2230 800; baseline -0.001 -19"><span class='ocrx_word' id='word_1_41' title='bbox 397 730 636 800; x_wconf 81' lang='grc' dir='ltr'>ἀδελφῆς,</span> <span class='ocrx_word' id='word_1_42' title='bbox 675 729 807 781; x_wconf 77' lang='grc' dir='ltr'>θεῶν</span> <span class='ocrx_word' id='word_1_43' title='bbox 835 728 1214 799; x_wconf 83' lang='grc' dir='ltr'>Φιλομητόρων,</span> <span class='ocrx_word' id='word_1_44' title='bbox 1251 726 1338 780; x_wconf 84' lang='grc' dir='ltr'>καὶ</span> <span class='ocrx_word' id='word_1_45' title='bbox 1374 730 1470 780; x_wconf 87' lang='grc' dir='ltr'>τῶν</span> <span class='ocrx_word' id='word_1_46' title='bbox 1495 727 1681 781; x_wconf 80' lang='grc' dir='ltr'>τούτων</span> <span class='ocrx_word' id='word_1_47' title='bbox 1718 728 1938 781; x_wconf 78' lang='grc' dir='ltr'>τέκνων1</span> <span class='ocrx_word' id='word_1_48' title='bbox 1967 724 2230 798; x_wconf 79' lang='grc' dir='ltr'>Ἀροήρει2</span> 
     </span>
     <span class='ocr_line' id='line_1_10' title="bbox 396 811 2229 887; baseline -0.001 -19"><span class='ocrx_word' id='word_1_49' title='bbox 396 817 524 869; x_wconf 80' lang='grc' dir='ltr'>θεῶι</span> <span class='ocrx_word' id='word_1_50' title='bbox 562 813 792 885; x_wconf 85' lang='grc' dir='ltr'>μεγάλωι</span> <span class='ocrx_word' id='word_1_51' title='bbox 819 813 827 887; x_wconf 85' lang='grc' dir='ltr'>Ι</span> <span class='ocrx_word' id='word_1_52' title='bbox 851 811 1159 869; x_wconf 79' lang='grc' dir='ltr'>Ἀπόλλωνι3</span> <span class='ocrx_word' id='word_1_53' title='bbox 1193 812 1280 868; x_wconf 82' lang='grc' dir='ltr'>καὶ</span> <span class='ocrx_word' id='word_1_54' title='bbox 1316 814 1419 874; x_wconf 82' lang='grc' dir='ltr'>τοῖς</span> <span class='ocrx_word' id='word_1_55' title='bbox 1446 812 1678 874; x_wconf 85' lang='grc' dir='ltr'>συννάοις</span> <span class='ocrx_word' id='word_1_56' title='bbox 1711 815 1887 874; x_wconf 74' lang='grc' dir='ltr'>θεοῖς4</span> <span class='ocrx_word' id='word_1_57' title='bbox 1922 812 2005 866; x_wconf 85' lang='grc' dir='ltr'>τὸν</span> <span class='ocrx_word' id='word_1_58' title='bbox 2045 813 2229 884; x_wconf 79' lang='grc' dir='ltr'>σηκὸν5</span> 
     </span>
     <span class='ocr_line' id='line_1_11' title="bbox 398 898 2229 973; baseline -0.001 -19"><span class='ocrx_word' id='word_1_59' title='bbox 398 903 445 954; x_wconf 86' lang='grc' dir='ltr'>οἱ</span> <span class='ocrx_word' id='word_1_60' title='bbox 483 902 534 954; x_wconf 87' lang='grc' dir='ltr'>ἐν</span> <span class='ocrx_word' id='word_1_61' title='bbox 573 906 665 955; x_wconf 88' lang='grc' dir='ltr'>τῶι</span> <span class='ocrx_word' id='word_1_62' title='bbox 696 898 958 973; x_wconf 80' lang='grc' dir='ltr'>Ὀμβίτηι6</span> <span class='ocrx_word' id='word_1_63' title='bbox 994 902 1293 971; x_wconf 85' lang='grc' dir='ltr'>τασσόμενοι</span> <span class='ocrx_word' id='word_1_64' title='bbox 1337 900 1479 959; x_wconf 72' lang='grc' dir='ltr'>πεζοὶ</span> <span class='ocrx_word' id='word_1_65' title='bbox 1516 899 1602 954; x_wconf 78' lang='grc' dir='ltr'>καὶ</span> <span class='ocrx_word' id='word_1_66' title='bbox 1643 902 1803 961; x_wconf 82' lang='grc' dir='ltr'>ἱππεῖς</span> <span class='ocrx_word' id='word_1_67' title='bbox 1840 900 1928 954; x_wconf 76' lang='grc' dir='ltr'>καὶ</span> <span class='ocrx_word' id='word_1_68' title='bbox 1965 901 2013 953; x_wconf 86' lang='grc' dir='ltr'>οἱ</span> <span class='ocrx_word' id='word_1_69' title='bbox 2050 899 2229 953; x_wconf 74' lang='grc' dir='ltr'>ἄλλοι7</span> 
     </span>
     <span class='ocr_line' id='line_1_12' title="bbox 395 987 1264 1059; baseline -0.001 -18"><span class='ocrx_word' id='word_1_70' title='bbox 395 988 590 1048; x_wconf 79' lang='grc' dir='ltr'>εὐνοίας</span> <span class='ocrx_word' id='word_1_71' title='bbox 629 989 793 1042; x_wconf 81' lang='grc' dir='ltr'>ἕνεκεν</span> <span class='ocrx_word' id='word_1_72' title='bbox 831 993 920 1059; x_wconf 85' lang='grc' dir='ltr'>τῆς</span> <span class='ocrx_word' id='word_1_73' title='bbox 958 988 1030 1048; x_wconf 86' lang='grc' dir='ltr'>εἰς</span> <span class='ocrx_word' id='word_1_74' title='bbox 1070 987 1264 1047; x_wconf 76' lang='grc' dir='ltr'>αὐτούς.</span> 
     </span>
    </p>
   </div>
   <div class='ocr_carea' id='block_1_8' title="bbox 249 1170 2314 3747">
    <p class='ocr_par' dir='ltr' id='par_1_8' title="bbox 249 1170 2314 3747">
     <span class='ocr_line' id='line_1_13' title="bbox 365 1170 2229 1223; baseline -0.001 -12"><span class='ocrx_word' id='word_1_75' title='bbox 365 1171 559 1212; x_wconf 73' lang='lat' dir='ltr'>Litterae</span> <span class='ocrx_word' id='word_1_76' title='bbox 595 1172 773 1213; x_wconf 80' lang='grc' dir='ltr'><strong>ΑΘΠΣ.</strong></span> <span class='ocrx_word' id='word_1_77' title='bbox 834 1170 982 1222; x_wconf 92' lang='lat' dir='ltr'>Lepsii</span> <span class='ocrx_word' id='word_1_78' title='bbox 1022 1170 1282 1223; x_wconf 85' lang='lat' dir='ltr'>exemplum</span> <span class='ocrx_word' id='word_1_79' title='bbox 1322 1170 1526 1211; x_wconf 91' lang='lat' dir='ltr'>omnium</span> <span class='ocrx_word' id='word_1_80' title='bbox 1573 1170 1967 1212; x_wconf 88' lang='lat' dir='ltr'>accuratissimum</span> <span class='ocrx_word' id='word_1_81' title='bbox 2012 1170 2229 1223; x_wconf 81' lang='lat' dir='ltr'>expressi,</span> 
     </span>
     <span class='ocr_line' id='line_1_14' title="bbox 250 1241 2229 1296; baseline -0.001 -12"><span class='ocrx_word' id='word_1_82' title='bbox 250 1244 456 1296; x_wconf 84' lang='lat' dir='ltr'>priorum</span> <span class='ocrx_word' id='word_1_83' title='bbox 488 1243 715 1285; x_wconf 90' lang='lat' dir='ltr'>editorum</span> <span class='ocrx_word' id='word_1_84' title='bbox 746 1242 1018 1284; x_wconf 90' lang='lat' dir='ltr'>lectionibus</span> <span class='ocrx_word' id='word_1_85' title='bbox 1039 1241 1405 1295; x_wconf 80' lang='lat' dir='ltr'>discrepantibus</span> <span class='ocrx_word' id='word_1_86' title='bbox 1436 1252 1525 1282; x_wconf 91' lang='lat' dir='ltr'>non</span> <span class='ocrx_word' id='word_1_87' title='bbox 1555 1242 1764 1283; x_wconf 81' lang='lat' dir='ltr'>enotatis,</span> <span class='ocrx_word' id='word_1_88' title='bbox 1903 1245 1920 1281; x_wconf 98' lang='grc'><strong>4</strong></span> <span class='ocrx_word' id='word_1_89' title='bbox 1960 1241 2021 1283; x_wconf 82' lang='lat' dir='ltr'>Cf.</span> <span class='ocrx_word' id='word_1_90' title='bbox 2053 1253 2095 1282; x_wconf 92' lang='lat' dir='ltr'>n.</span> <span class='ocrx_word' id='word_1_91' title='bbox 2113 1241 2229 1283; x_wconf 83' lang='grc'><strong>4441.</strong></span> 
     </span>
     <span class='ocr_line' id='line_1_15' title="bbox 252 1308 2228 1372; baseline -0.001 -16"><span class='ocrx_word' id='word_1_92' title='bbox 252 1321 275 1356; x_wconf 81' lang='lat'><strong>2</strong></span> <span class='ocrx_word' id='word_1_93' title='bbox 318 1317 438 1358; x_wconf 90' lang='lat' dir='ltr'>Deus</span> <span class='ocrx_word' id='word_1_94' title='bbox 458 1316 786 1368; x_wconf 87' lang='lat' dir='ltr'>Aegyptiorum</span> <span class='ocrx_word' id='word_1_95' title='bbox 818 1315 950 1356; x_wconf 92' lang='lat' dir='ltr'>cuius</span> <span class='ocrx_word' id='word_1_96' title='bbox 980 1326 1148 1355; x_wconf 91' lang='lat' dir='ltr'>nomen</span> <span class='ocrx_word' id='word_1_97' title='bbox 1179 1314 1285 1355; x_wconf 89' lang='lat' dir='ltr'>alibi</span> <span class='ocrx_word' id='word_1_98' title='bbox 1307 1315 1443 1355; x_wconf 88' lang='lat' dir='ltr'>etiam</span> <span class='ocrx_word' id='word_1_99' title='bbox 1462 1309 1676 1372; x_wconf 76' lang='grc' dir='ltr'>Ἀρούηρις</span> <span class='ocrx_word' id='word_1_100' title='bbox 1704 1316 1749 1355; x_wconf 89' lang='lat' dir='ltr'>et</span> <span class='ocrx_word' id='word_1_101' title='bbox 1767 1308 1970 1370; x_wconf 81' lang='grc' dir='ltr'>Ἀρώηρις</span> <span class='ocrx_word' id='word_1_102' title='bbox 2001 1313 2228 1367; x_wconf 84' lang='lat' dir='ltr'><strong>scribitur,</strong></span> 
     </span>
     <span class='ocr_line' id='line_1_16' title="bbox 249 1376 2230 1442; baseline -0.001 -13"><span class='ocrx_word' id='word_1_103' title='bbox 249 1389 578 1441; x_wconf 81' lang='lat' dir='ltr'>Aegyptiorum</span> <span class='ocrx_word' id='word_1_104' title='bbox 609 1388 760 1439; x_wconf 87' lang='lat' dir='ltr'>lingua</span> <span class='ocrx_word' id='word_1_105' title='bbox 780 1384 1003 1440; x_wconf 64' lang='lat' dir='ltr'>Har-wer,</span> <span class='ocrx_word' id='word_1_106' title='bbox 1035 1387 1063 1428; x_wconf 88' lang='lat' dir='ltr'>i.</span> <span class='ocrx_word' id='word_1_107' title='bbox 1087 1398 1124 1427; x_wconf 93' lang='lat' dir='ltr'>e.</span> <span class='ocrx_word' id='word_1_108' title='bbox 1147 1387 1295 1428; x_wconf 92' lang='lat' dir='ltr'>Horus</span> <span class='ocrx_word' id='word_1_109' title='bbox 1316 1388 1426 1427; x_wconf 90' lang='lat' dir='ltr'>natu</span> <span class='ocrx_word' id='word_1_110' title='bbox 1447 1388 1593 1428; x_wconf 89' lang='lat' dir='ltr'>maior</span> <span class='ocrx_word' id='word_1_111' title='bbox 1624 1383 1923 1442; x_wconf 81' lang='grc' dir='ltr'>(πρεσβύτερος</span> <span class='ocrx_word' id='word_1_112' title='bbox 1943 1376 2078 1440; x_wconf 81' lang='grc' dir='ltr'>Ὦρος</span> <span class='ocrx_word' id='word_1_113' title='bbox 2109 1386 2230 1439; x_wconf 92' lang='lat' dir='ltr'>apud</span> 
     </span>
     <span class='ocr_line' id='line_1_17' title="bbox 250 1458 2229 1514; baseline -0.002 -12"><span class='ocrx_word' id='word_1_114' title='bbox 250 1461 556 1514; x_wconf 79' lang='lat' dir='ltr'><strong>Plutarchum,</strong></span> <span class='ocrx_word' id='word_1_115' title='bbox 587 1472 631 1502; x_wconf 90' lang='lat' dir='ltr'>v.</span> <span class='ocrx_word' id='word_1_116' title='bbox 663 1462 755 1501; x_wconf 90' lang='lat' dir='ltr'>not.</span> <span class='ocrx_word' id='word_1_117' title='bbox 780 1459 833 1513; x_wconf 83' lang='lat'>3),</span> <span class='ocrx_word' id='word_1_118' title='bbox 870 1461 917 1500; x_wconf 91' lang='lat' dir='ltr'>in</span> <span class='ocrx_word' id='word_1_119' title='bbox 947 1460 1205 1500; x_wconf 83' lang='lat' dir='ltr'><strong>simulacris</strong></span> <span class='ocrx_word' id='word_1_120' title='bbox 1234 1459 1564 1512; x_wconf 87' lang='lat' dir='ltr'>Aegyptiorum</span> <span class='ocrx_word' id='word_1_121' title='bbox 1603 1459 1700 1500; x_wconf 86' lang='lat' dir='ltr'>sive</span> <span class='ocrx_word' id='word_1_122' title='bbox 1738 1458 1876 1500; x_wconf 93' lang='lat' dir='ltr'>homo</span> <span class='ocrx_word' id='word_1_123' title='bbox 1918 1469 2026 1499; x_wconf 93' lang='lat' dir='ltr'>cum</span> <span class='ocrx_word' id='word_1_124' title='bbox 2063 1459 2229 1512; x_wconf 88' lang='lat' dir='ltr'>accipi-</span> 
     </span>
     <span class='ocr_line' id='line_1_18' title="bbox 249 1530 2229 1586; baseline -0.002 -12"><span class='ocrx_word' id='word_1_125' title='bbox 249 1534 332 1574; x_wconf 86' lang='lat' dir='ltr'><strong>tris</strong></span> <span class='ocrx_word' id='word_1_126' title='bbox 364 1534 524 1586; x_wconf 89' lang='lat' dir='ltr'>capite,</span> <span class='ocrx_word' id='word_1_127' title='bbox 557 1533 652 1573; x_wconf 88' lang='lat' dir='ltr'>sive</span> <span class='ocrx_word' id='word_1_128' title='bbox 684 1532 850 1584; x_wconf 82' lang='lat' dir='ltr'><strong>sphinx</strong></span> <span class='ocrx_word' id='word_1_129' title='bbox 872 1531 1077 1572; x_wconf 91' lang='lat' dir='ltr'>eiusdem</span> <span class='ocrx_word' id='word_1_130' title='bbox 1105 1531 1307 1572; x_wconf 82' lang='lat' dir='ltr'>volucris</span> <span class='ocrx_word' id='word_1_131' title='bbox 1339 1531 1486 1584; x_wconf 88' lang='lat' dir='ltr'>capite</span> <span class='ocrx_word' id='word_1_132' title='bbox 1514 1531 1718 1583; x_wconf 87' lang='lat' dir='ltr'>insignis,</span> <span class='ocrx_word' id='word_1_133' title='bbox 1748 1541 1858 1571; x_wconf 92' lang='lat' dir='ltr'>cum</span> <span class='ocrx_word' id='word_1_134' title='bbox 1888 1530 2067 1572; x_wconf 88' lang='lat' dir='ltr'>duabus</span> <span class='ocrx_word' id='word_1_135' title='bbox 2098 1542 2229 1572; x_wconf 91' lang='lat' dir='ltr'>coro-</span> 
     </span>
     <span class='ocr_line' id='line_1_19' title="bbox 250 1602 2229 1656; baseline -0.002 -10"><span class='ocrx_word' id='word_1_136' title='bbox 250 1607 332 1646; x_wconf 90' lang='lat' dir='ltr'><strong>nis.</strong></span> <span class='ocrx_word' id='word_1_137' title='bbox 394 1605 455 1646; x_wconf 85' lang='lat' dir='ltr'>Cf.</span> <span class='ocrx_word' id='word_1_138' title='bbox 486 1605 534 1646; x_wconf 85' lang='lat' dir='ltr'>R.</span> <span class='ocrx_word' id='word_1_139' title='bbox 556 1605 872 1645; x_wconf 90' lang='lat' dir='ltr'>Pietschmann</span> <span class='ocrx_word' id='word_1_140' title='bbox 910 1614 981 1656; x_wconf 90' lang='lat' dir='ltr'>ap.</span> <span class='ocrx_word' id='word_1_141' title='bbox 1014 1602 1406 1656; x_wconf 87' lang='lat' dir='ltr'>Pauly-Wissowa</span> <span class='ocrx_word' id='word_1_142' title='bbox 1442 1602 1878 1655; x_wconf 70' lang='lat' dir='ltr'>Realencyklopadie</span> <span class='ocrx_word' id='word_1_143' title='bbox 1906 1603 1944 1642; x_wconf 95' lang='lat' dir='ltr'>II</span> <span class='ocrx_word' id='word_1_144' title='bbox 1973 1605 1998 1642; x_wconf 81' lang='lat'>2</span> <span class='ocrx_word' id='word_1_145' title='bbox 2029 1614 2073 1656; x_wconf 90' lang='lat' dir='ltr'>p.</span> <span class='ocrx_word' id='word_1_146' title='bbox 2103 1606 2229 1644; x_wconf 78' lang='grc'><strong>4487.</strong></span> 
     </span>
     <span class='ocr_line' id='line_1_20' title="bbox 252 1675 2229 1728; baseline -0.002 -9"><span class='ocrx_word' id='word_1_147' title='bbox 252 1679 396 1719; x_wconf 86' lang='lat' dir='ltr'>Aliam</span> <span class='ocrx_word' id='word_1_148' title='bbox 441 1676 645 1718; x_wconf 92' lang='lat' dir='ltr'>eiusdem</span> <span class='ocrx_word' id='word_1_149' title='bbox 690 1676 763 1717; x_wconf 89' lang='lat' dir='ltr'>dei</span> <span class='ocrx_word' id='word_1_150' title='bbox 808 1675 965 1717; x_wconf 90' lang='lat' dir='ltr'>aedem</span> <span class='ocrx_word' id='word_1_151' title='bbox 1004 1675 1321 1728; x_wconf 89' lang='lat' dir='ltr'>Apollonopoli</span> <span class='ocrx_word' id='word_1_152' title='bbox 1366 1685 1530 1727; x_wconf 85' lang='lat' dir='ltr'>magna</span> <span class='ocrx_word' id='word_1_153' title='bbox 1567 1686 1593 1716; x_wconf 89' lang='lat' dir='ltr'>a</span> <span class='ocrx_word' id='word_1_154' title='bbox 1631 1675 1870 1728; x_wconf 84' lang='lat' dir='ltr'>Cleopatra</span> <span class='ocrx_word' id='word_1_155' title='bbox 1912 1675 2103 1728; x_wconf 90' lang='lat' dir='ltr'>eiusque</span> <span class='ocrx_word' id='word_1_156' title='bbox 2137 1675 2229 1716; x_wconf 90' lang='lat' dir='ltr'>filio</span> 
     </span>
     <span class='ocr_line' id='line_1_21' title="bbox 256 1747 2229 1791; baseline -0.002 0"><span class='ocrx_word' id='word_1_157' title='bbox 256 1750 506 1791; x_wconf 82' lang='lat' dir='ltr'>Ptolemaeo</span> <span class='ocrx_word' id='word_1_158' title='bbox 537 1750 579 1790; x_wconf 95' lang='lat' dir='ltr'><strong>X</strong></span> <span class='ocrx_word' id='word_1_159' title='bbox 610 1750 763 1790; x_wconf 89' lang='lat' dir='ltr'>Sotere</span> <span class='ocrx_word' id='word_1_160' title='bbox 793 1749 830 1788; x_wconf 93' lang='lat'>11</span> <span class='ocrx_word' id='word_1_161' title='bbox 863 1747 1114 1789; x_wconf 85' lang='lat' dir='ltr'>dedicatam</span> <span class='ocrx_word' id='word_1_162' title='bbox 1151 1749 1345 1789; x_wconf 90' lang='lat' dir='ltr'>testatur</span> <span class='ocrx_word' id='word_1_163' title='bbox 1380 1747 1541 1788; x_wconf 90' lang='lat' dir='ltr'>titulus</span> <span class='ocrx_word' id='word_1_164' title='bbox 1573 1750 1670 1787; x_wconf 87' lang='grc'><strong>467.</strong></span> <span class='ocrx_word' id='word_1_165' title='bbox 1847 1751 1869 1787; x_wconf 87' lang='lat'><strong>3</strong></span> <span class='ocrx_word' id='word_1_166' title='bbox 1912 1747 1973 1788; x_wconf 87' lang='lat' dir='ltr'>Cf.</span> <span class='ocrx_word' id='word_1_167' title='bbox 2003 1747 2229 1789; x_wconf 86' lang='lat' dir='ltr'>Plutarch.</span> 
     </span>
     <span class='ocr_line' id='line_1_22' title="bbox 252 1814 2229 1878; baseline -0.001 -15"><span class='ocrx_word' id='word_1_168' title='bbox 252 1823 307 1863; x_wconf 88' lang='lat' dir='ltr'>de</span> <span class='ocrx_word' id='word_1_169' title='bbox 337 1822 453 1863; x_wconf 91' lang='lat' dir='ltr'>Iside</span> <span class='ocrx_word' id='word_1_170' title='bbox 484 1823 529 1862; x_wconf 83' lang='lat' dir='ltr'>et</span> <span class='ocrx_word' id='word_1_171' title='bbox 559 1821 733 1862; x_wconf 86' lang='lat' dir='ltr'>osiride</span> <span class='ocrx_word' id='word_1_172' title='bbox 765 1823 817 1861; x_wconf 79' lang='grc'>42</span> <span class='ocrx_word' id='word_1_173' title='bbox 850 1831 893 1873; x_wconf 87' lang='lat' dir='ltr'>p.</span> <span class='ocrx_word' id='word_1_174' title='bbox 918 1823 1000 1862; x_wconf 83' lang='lat'>355</span> <span class='ocrx_word' id='word_1_175' title='bbox 1018 1821 1048 1860; x_wconf 90' lang='lat' dir='ltr'><strong>F</strong></span> <span class='ocrx_word' id='word_1_176' title='bbox 1086 1819 1158 1861; x_wconf 84' lang='grc' dir='ltr'>τὸν</span> <span class='ocrx_word' id='word_1_177' title='bbox 1188 1814 1417 1878; x_wconf 83' lang='grc' dir='ltr'>Ἀρούηριν,</span> <span class='ocrx_word' id='word_1_178' title='bbox 1456 1817 1501 1860; x_wconf 86' lang='grc' dir='ltr'>ὃν</span> <span class='ocrx_word' id='word_1_179' title='bbox 1531 1814 1790 1873; x_wconf 85' lang='grc' dir='ltr'>Ἀπόλλωνα,</span> <span class='ocrx_word' id='word_1_180' title='bbox 1822 1817 1868 1861; x_wconf 86' lang='grc' dir='ltr'>ὃν</span> <span class='ocrx_word' id='word_1_181' title='bbox 1897 1817 1973 1861; x_wconf 75' lang='grc' dir='ltr'>καὶ</span> <span class='ocrx_word' id='word_1_182' title='bbox 2001 1818 2229 1876; x_wconf 84' lang='grc' dir='ltr'>πρεσβύτε-</span> 
     </span>
     <span class='ocr_line' id='line_1_23' title="bbox 253 1884 2313 1951; baseline -0.001 -15"><span class='ocrx_word' id='word_1_183' title='bbox 253 1909 324 1950; x_wconf 87' lang='grc' dir='ltr'>ρον</span> <span class='ocrx_word' id='word_1_184' title='bbox 346 1884 480 1951; x_wconf 72' lang='grc' dir='ltr'>ῖὨρον</span> <span class='ocrx_word' id='word_1_185' title='bbox 513 1892 616 1935; x_wconf 83' lang='grc' dir='ltr'>ἔνιοι</span> <span class='ocrx_word' id='word_1_186' title='bbox 643 1891 838 1935; x_wconf 70' lang='grc' dir='ltr'>καλοῦσι.</span> <span class='ocrx_word' id='word_1_187' title='bbox 869 1903 913 1946; x_wconf 89' lang='lat' dir='ltr'>p.</span> <span class='ocrx_word' id='word_1_188' title='bbox 937 1893 1071 1933; x_wconf 82' lang='lat' dir='ltr'>356A</span> <span class='ocrx_word' id='word_1_189' title='bbox 1103 1890 1204 1934; x_wconf 82' lang='grc' dir='ltr'>ἔνιοι</span> <span class='ocrx_word' id='word_1_190' title='bbox 1235 1889 1283 1932; x_wconf 82' lang='grc' dir='ltr'>δέ</span> <span class='ocrx_word' id='word_1_191' title='bbox 1313 1905 1417 1948; x_wconf 86' lang='grc' dir='ltr'>φασι</span> <span class='ocrx_word' id='word_1_192' title='bbox 1445 1889 1517 1933; x_wconf 75' lang='grc' dir='ltr'>καὶ</span> <span class='ocrx_word' id='word_1_193' title='bbox 1535 1890 1607 1933; x_wconf 85' lang='grc' dir='ltr'>τὸν</span> <span class='ocrx_word' id='word_1_194' title='bbox 1627 1886 1847 1947; x_wconf 83' lang='grc' dir='ltr'>Ἀρούηριν</span> <span class='ocrx_word' id='word_1_195' title='bbox 1878 1889 1990 1933; x_wconf 81' lang='grc' dir='ltr'>οὕτω</span> <span class='ocrx_word' id='word_1_196' title='bbox 2016 1889 2232 1949; x_wconf 75' lang='grc' dir='ltr'>γεγονέναι</span> <span class='ocrx_word' id='word_1_197' title='bbox 2310 1885 2313 1907; x_wconf 74' lang='grc'><strong>”</strong></span> 
     </span>
     <span class='ocr_line' id='line_1_24' title="bbox 249 1955 2229 2022; baseline -0.001 -15"><span class='ocrx_word' id='word_1_198' title='bbox 249 1965 322 2007; x_wconf 71' lang='grc' dir='ltr'>’καὶ</span> <span class='ocrx_word' id='word_1_199' title='bbox 348 1962 573 2008; x_wconf 72' lang='grc' dir='ltr'>’καλεῖσθαι</span> <span class='ocrx_word' id='word_1_200' title='bbox 592 1963 872 2022; x_wconf 79' lang='grc' dir='ltr'>πρεσβύτερον</span> <span class='ocrx_word' id='word_1_201' title='bbox 884 1955 1017 2020; x_wconf 84' lang='grc' dir='ltr'>Ὧρον</span> <span class='ocrx_word' id='word_1_202' title='bbox 1039 1959 1107 2005; x_wconf 74' lang='grc' dir='ltr'>ὑπ’</span> <span class='ocrx_word' id='word_1_203' title='bbox 1133 1959 1391 2020; x_wconf 84' lang='grc' dir='ltr'>Αἰγυπτίων,</span> <span class='ocrx_word' id='word_1_204' title='bbox 1421 1958 1664 2006; x_wconf 85' lang='grc' dir='ltr'>Ἀπόλλωνα</span> <span class='ocrx_word' id='word_1_205' title='bbox 1685 1957 1715 2004; x_wconf 79' lang='grc' dir='ltr'>δ’</span> <span class='ocrx_word' id='word_1_206' title='bbox 1742 1957 1806 2020; x_wconf 76' lang='grc' dir='ltr'>ὑφ’</span> <span class='ocrx_word' id='word_1_207' title='bbox 1833 1956 2068 2018; x_wconf 84' lang='grc' dir='ltr'>Ἑλλήνων.</span> <span class='ocrx_word' id='word_1_208' title='bbox 2113 1964 2229 2004; x_wconf 84' lang='lat' dir='ltr'>Letr.</span> 
     </span>
     <span class='ocr_line' id='line_1_25' title="bbox 250 2032 2314 2100; baseline -0.001 -21"><span class='ocrx_word' id='word_1_209' title='bbox 250 2040 362 2079; x_wconf 88' lang='lat' dir='ltr'>Item</span> <span class='ocrx_word' id='word_1_210' title='bbox 393 2038 706 2091; x_wconf 87' lang='lat' dir='ltr'>Harpocrates,</span> <span class='ocrx_word' id='word_1_211' title='bbox 738 2038 765 2078; x_wconf 92' lang='lat' dir='ltr'>i.</span> <span class='ocrx_word' id='word_1_212' title='bbox 789 2048 826 2078; x_wconf 89' lang='lat' dir='ltr'>e.</span> <span class='ocrx_word' id='word_1_213' title='bbox 859 2036 1005 2078; x_wconf 91' lang='lat' dir='ltr'>Horus</span> <span class='ocrx_word' id='word_1_214' title='bbox 1036 2035 1196 2090; x_wconf 85' lang='lat' dir='ltr'>infans,</span> <span class='ocrx_word' id='word_1_215' title='bbox 1225 2035 1386 2090; x_wconf 88' lang='lat' dir='ltr'>Apollo</span> <span class='ocrx_word' id='word_1_216' title='bbox 1416 2035 1540 2077; x_wconf 89' lang='lat' dir='ltr'>haud</span> <span class='ocrx_word' id='word_1_217' title='bbox 1569 2047 1672 2077; x_wconf 90' lang='lat' dir='ltr'>raro</span> <span class='ocrx_word' id='word_1_218' title='bbox 1694 2036 1960 2088; x_wconf 87' lang='lat' dir='ltr'>appellatur.</span> <span class='ocrx_word' id='word_1_219' title='bbox 2011 2035 2073 2078; x_wconf 79' lang='lat' dir='ltr'>Cf.</span> <span class='ocrx_word' id='word_1_220' title='bbox 2103 2035 2231 2089; x_wconf 81' lang='lat' dir='ltr'>Syll.2</span> <span class='ocrx_word' id='word_1_221' title='bbox 2307 2032 2314 2100; x_wconf 48' lang='lat'>³4</span> 
     </span>
     <span class='ocr_line' id='line_1_26' title="bbox 252 2101 2314 2168; baseline -0.002 -18"><span class='ocrx_word' id='word_1_222' title='bbox 252 2114 348 2164; x_wconf 80' lang='lat'>762,</span> <span class='ocrx_word' id='word_1_223' title='bbox 369 2113 390 2149; x_wconf 89' lang='grc'><strong>3</strong></span> <span class='ocrx_word' id='word_1_224' title='bbox 431 2106 628 2168; x_wconf 83' lang='grc' dir='ltr'>Σεράπει,</span> <span class='ocrx_word' id='word_1_225' title='bbox 657 2104 776 2162; x_wconf 81' lang='grc' dir='ltr'>Ἴσεῑ,</span> <span class='ocrx_word' id='word_1_226' title='bbox 807 2104 1007 2164; x_wconf 80' lang='grc' dir='ltr'>Ἀνούβει,</span> <span class='ocrx_word' id='word_1_227' title='bbox 1037 2103 1269 2150; x_wconf 85' lang='grc' dir='ltr'>Ἀπόλλωνι</span> <span class='ocrx_word' id='word_1_228' title='bbox 1299 2105 1419 2154; x_wconf 83' lang='grc' dir='ltr'>θεοῖς</span> <span class='ocrx_word' id='word_1_229' title='bbox 1451 2106 1657 2154; x_wconf 82' lang='grc' dir='ltr'>συννάοις.</span> <span class='ocrx_word' id='word_1_230' title='bbox 1705 2109 1801 2161; x_wconf 70' lang='lat'>7610,</span> <span class='ocrx_word' id='word_1_231' title='bbox 1824 2111 1848 2148; x_wconf 81' lang='lat'>2</span> <span class='ocrx_word' id='word_1_232' title='bbox 1878 2104 2043 2164; x_wconf 73' lang='lat' dir='ltr'>&#39;‘Eporrt</span> <span class='ocrx_word' id='word_1_233' title='bbox 2075 2101 2229 2165; x_wconf 74' lang='grc' dir='ltr'>Ἃρφο-</span> <span class='ocrx_word' id='word_1_234' title='bbox 2280 2110 2281 2113; x_wconf 75' lang='grc'>’</span> <span class='ocrx_word' id='word_1_235' title='bbox 2313 2103 2314 2146; x_wconf 56' lang='lat' dir='ltr'>l</span> 
     </span>
     <span class='ocr_line' id='line_1_27' title="bbox 249 2167 2277 2238; baseline -0.001 -15"><span class='ocrx_word' id='word_1_236' title='bbox 249 2181 393 2238; x_wconf 67' lang='grc' dir='ltr'>κράτει</span> <span class='ocrx_word' id='word_1_237' title='bbox 432 2177 678 2224; x_wconf 83' lang='grc' dir='ltr'>Ἀπόλλωνι.</span> <span class='ocrx_word' id='word_1_238' title='bbox 731 2181 775 2222; x_wconf 92' lang='lat' dir='ltr'>C.</span> <span class='ocrx_word' id='word_1_239' title='bbox 797 2182 829 2222; x_wconf 91' lang='lat' dir='ltr'>I.</span> <span class='ocrx_word' id='word_1_240' title='bbox 853 2181 901 2221; x_wconf 88' lang='lat' dir='ltr'>G.</span> <span class='ocrx_word' id='word_1_241' title='bbox 935 2183 1099 2234; x_wconf 76' lang='grc'><strong>7045,4</strong></span> <span class='ocrx_word' id='word_1_242' title='bbox 1138 2175 1287 2237; x_wconf 77' lang='grc' dir='ltr'>Μέγας</span> <span class='ocrx_word' id='word_1_243' title='bbox 1313 2170 1446 2235; x_wconf 65' lang='grc' dir='ltr'>’Ὧρος</span> <span class='ocrx_word' id='word_1_244' title='bbox 1484 2174 1698 2222; x_wconf 78' lang='grc' dir='ltr'>Ἀπόλλων</span> <span class='ocrx_word' id='word_1_245' title='bbox 1739 2172 2048 2237; x_wconf 76' lang='grc' dir='ltr'>Ἀρφοκράτης.</span> <span class='ocrx_word' id='word_1_246' title='bbox 2098 2180 2230 2221; x_wconf 89' lang='lat' dir='ltr'>Deni-</span> <span class='ocrx_word' id='word_1_247' title='bbox 2275 2167 2277 2170; x_wconf 13' lang='grc' dir='ltr'><em>Α</em></span> 
     </span>
     <span class='ocr_line' id='line_1_28' title="bbox 250 2246 2229 2308; baseline -0.001 -13"><span class='ocrx_word' id='word_1_248' title='bbox 250 2265 339 2307; x_wconf 88' lang='lat' dir='ltr'>que</span> <span class='ocrx_word' id='word_1_249' title='bbox 382 2255 519 2295; x_wconf 90' lang='lat' dir='ltr'>etiam</span> <span class='ocrx_word' id='word_1_250' title='bbox 565 2265 732 2294; x_wconf 90' lang='lat' dir='ltr'>nomen</span> <span class='ocrx_word' id='word_1_251' title='bbox 778 2254 824 2294; x_wconf 92' lang='lat' dir='ltr'>in</span> <span class='ocrx_word' id='word_1_252' title='bbox 862 2253 1069 2306; x_wconf 89' lang='lat' dir='ltr'>Aegypto</span> <span class='ocrx_word' id='word_1_253' title='bbox 1109 2253 1332 2294; x_wconf 89' lang='lat' dir='ltr'>usitatum</span> <span class='ocrx_word' id='word_1_254' title='bbox 1369 2246 1649 2308; x_wconf 84' lang='grc' dir='ltr'>Ὡραπόλλων</span> <span class='ocrx_word' id='word_1_255' title='bbox 1695 2252 1813 2293; x_wconf 91' lang='lat' dir='ltr'>hanc</span> <span class='ocrx_word' id='word_1_256' title='bbox 1850 2253 2091 2294; x_wconf 91' lang='lat' dir='ltr'>numinum</span> <span class='ocrx_word' id='word_1_257' title='bbox 2122 2263 2229 2294; x_wconf 90' lang='lat' dir='ltr'>con-</span> 
     </span>
     <span class='ocr_line' id='line_1_29' title="bbox 250 2325 2230 2378; baseline -0.001 -11"><span class='ocrx_word' id='word_1_258' title='bbox 250 2327 526 2368; x_wconf 89' lang='lat' dir='ltr'>iunctionem</span> <span class='ocrx_word' id='word_1_259' title='bbox 549 2327 704 2368; x_wconf 90' lang='lat' dir='ltr'>testari</span> <span class='ocrx_word' id='word_1_260' title='bbox 726 2325 912 2367; x_wconf 91' lang='lat' dir='ltr'>adnotat</span> <span class='ocrx_word' id='word_1_261' title='bbox 932 2325 1262 2367; x_wconf 88' lang='lat' dir='ltr'>Pietschmann.</span> <span class='ocrx_word' id='word_1_262' title='bbox 1402 2327 1423 2365; x_wconf 69' lang='lat'><strong>4</strong></span> <span class='ocrx_word' id='word_1_263' title='bbox 1465 2325 1515 2366; x_wconf 93' lang='lat' dir='ltr'>In</span> <span class='ocrx_word' id='word_1_264' title='bbox 1535 2325 1762 2366; x_wconf 88' lang='lat' dir='ltr'>nonnullis</span> <span class='ocrx_word' id='word_1_265' title='bbox 1784 2325 2052 2378; x_wconf 81' lang='lat' dir='ltr'>anaglyphis</span> <span class='ocrx_word' id='word_1_266' title='bbox 2071 2325 2230 2378; x_wconf 89' lang='lat' dir='ltr'>templi</span> 
     </span>
     <span class='ocr_line' id='line_1_30' title="bbox 249 2387 2281 2454; baseline -0.001 -14"><span class='ocrx_word' id='word_1_267' title='bbox 249 2400 369 2440; x_wconf 92' lang='lat' dir='ltr'>illius</span> <span class='ocrx_word' id='word_1_268' title='bbox 415 2400 685 2440; x_wconf 85' lang='lat' dir='ltr'>alterutrum</span> <span class='ocrx_word' id='word_1_269' title='bbox 726 2409 782 2439; x_wconf 83' lang='lat' dir='ltr'>ex</span> <span class='ocrx_word' id='word_1_270' title='bbox 832 2399 897 2439; x_wconf 93' lang='lat' dir='ltr'>eis</span> <span class='ocrx_word' id='word_1_271' title='bbox 943 2398 1053 2451; x_wconf 92' lang='lat' dir='ltr'>deis,</span> <span class='ocrx_word' id='word_1_272' title='bbox 1101 2398 1180 2450; x_wconf 93' lang='lat' dir='ltr'>qui</span> <span class='ocrx_word' id='word_1_273' title='bbox 1219 2398 1474 2451; x_wconf 88' lang='lat' dir='ltr'>principem</span> <span class='ocrx_word' id='word_1_274' title='bbox 1520 2397 1676 2438; x_wconf 90' lang='lat' dir='ltr'>locum</span> <span class='ocrx_word' id='word_1_275' title='bbox 1713 2397 1929 2439; x_wconf 88' lang='lat' dir='ltr'>tenebant</span> <span class='ocrx_word' id='word_1_276' title='bbox 1965 2398 2231 2454; x_wconf 71' lang='grc' dir='ltr'>(κυριώταται</span> <span class='ocrx_word' id='word_1_277' title='bbox 2273 2387 2281 2401; x_wconf 69' lang='lat'>⁵</span> 
     </span>
     <span class='ocr_line' id='line_1_31' title="bbox 250 2469 2227 2524; baseline -0.001 -12"><span class='ocrx_word' id='word_1_278' title='bbox 250 2469 343 2513; x_wconf 81' lang='grc' dir='ltr'>θεοί</span> <span class='ocrx_word' id='word_1_279' title='bbox 375 2484 415 2512; x_wconf 90' lang='lat' dir='ltr'>v.</span> <span class='ocrx_word' id='word_1_280' title='bbox 448 2473 540 2512; x_wconf 88' lang='lat' dir='ltr'>not.</span> <span class='ocrx_word' id='word_1_281' title='bbox 563 2472 616 2524; x_wconf 86' lang='lat'>5),</span> <span class='ocrx_word' id='word_1_282' title='bbox 655 2472 701 2511; x_wconf 90' lang='lat' dir='ltr'>in</span> <span class='ocrx_word' id='word_1_283' title='bbox 732 2470 846 2512; x_wconf 92' lang='lat' dir='ltr'>solio</span> <span class='ocrx_word' id='word_1_284' title='bbox 877 2470 1109 2512; x_wconf 87' lang='lat' dir='ltr'>sedentem</span> <span class='ocrx_word' id='word_1_285' title='bbox 1139 2471 1416 2512; x_wconf 84' lang='lat' dir='ltr'>comitantur</span> <span class='ocrx_word' id='word_1_286' title='bbox 1452 2469 1548 2511; x_wconf 92' lang='lat' dir='ltr'>bini</span> <span class='ocrx_word' id='word_1_287' title='bbox 1589 2470 1661 2511; x_wconf 90' lang='lat' dir='ltr'>dei</span> <span class='ocrx_word' id='word_1_288' title='bbox 1699 2470 1888 2511; x_wconf 91' lang='lat' dir='ltr'>minoris</span> <span class='ocrx_word' id='word_1_289' title='bbox 1927 2469 2114 2511; x_wconf 86' lang='lat' dir='ltr'>ordinis.</span> <span class='ocrx_word' id='word_1_290' title='bbox 2174 2469 2227 2510; x_wconf 86' lang='lat' dir='ltr'>Hi</span> 
     </span>
     <span class='ocr_line' id='line_1_32' title="bbox 250 2541 2228 2596; baseline -0.001 -12"><span class='ocrx_word' id='word_1_291' title='bbox 250 2545 357 2584; x_wconf 88' lang='lat' dir='ltr'>sunt</span> <span class='ocrx_word' id='word_1_292' title='bbox 386 2541 556 2584; x_wconf 80' lang='grc' dir='ltr'>σύνναοι</span> <span class='ocrx_word' id='word_1_293' title='bbox 585 2541 689 2596; x_wconf 80' lang='grc' dir='ltr'>θεοί,</span> <span class='ocrx_word' id='word_1_294' title='bbox 729 2554 925 2595; x_wconf 89' lang='lat' dir='ltr'>quorum</span> <span class='ocrx_word' id='word_1_295' title='bbox 956 2543 1139 2584; x_wconf 91' lang='lat' dir='ltr'>nomina</span> <span class='ocrx_word' id='word_1_296' title='bbox 1166 2543 1442 2595; x_wconf 85' lang='lat' dir='ltr'>ignoramus.</span> <span class='ocrx_word' id='word_1_297' title='bbox 1603 2546 1627 2583; x_wconf 83' lang='lat'><strong>5</strong></span> <span class='ocrx_word' id='word_1_298' title='bbox 1665 2542 1766 2583; x_wconf 93' lang='lat' dir='ltr'>Non</span> <span class='ocrx_word' id='word_1_299' title='bbox 1794 2545 1943 2583; x_wconf 91' lang='lat' dir='ltr'>totum</span> <span class='ocrx_word' id='word_1_300' title='bbox 1971 2542 2228 2596; x_wconf 88' lang='lat' dir='ltr'>delubrum,</span> 
     </span>
     <span class='ocr_line' id='line_1_33' title="bbox 250 2614 2229 2668; baseline -0.001 -12"><span class='ocrx_word' id='word_1_301' title='bbox 250 2615 330 2656; x_wconf 92' lang='lat' dir='ltr'>sed</span> <span class='ocrx_word' id='word_1_302' title='bbox 361 2615 595 2656; x_wconf 91' lang='lat' dir='ltr'>dimidiam</span> <span class='ocrx_word' id='word_1_303' title='bbox 627 2617 726 2656; x_wconf 91' lang='lat' dir='ltr'>eius</span> <span class='ocrx_word' id='word_1_304' title='bbox 747 2617 936 2668; x_wconf 88' lang='lat' dir='ltr'>partem.</span> <span class='ocrx_word' id='word_1_305' title='bbox 987 2614 1102 2656; x_wconf 90' lang='lat' dir='ltr'>Nam</span> <span class='ocrx_word' id='word_1_306' title='bbox 1132 2615 1357 2668; x_wconf 90' lang='lat' dir='ltr'>templum</span> <span class='ocrx_word' id='word_1_307' title='bbox 1377 2614 1503 2667; x_wconf 89' lang='lat' dir='ltr'>quod</span> <span class='ocrx_word' id='word_1_308' title='bbox 1533 2614 1619 2655; x_wconf 87' lang='lat' dir='ltr'>fuit</span> <span class='ocrx_word' id='word_1_309' title='bbox 1639 2614 1795 2655; x_wconf 85' lang='lat' dir='ltr'>Ombis</span> <span class='ocrx_word' id='word_1_310' title='bbox 1826 2626 1879 2655; x_wconf 92' lang='lat' dir='ltr'>ea</span> <span class='ocrx_word' id='word_1_311' title='bbox 1909 2626 1957 2655; x_wconf 92' lang='lat' dir='ltr'>re</span> <span class='ocrx_word' id='word_1_312' title='bbox 1986 2627 2012 2655; x_wconf 90' lang='lat' dir='ltr'>a</span> <span class='ocrx_word' id='word_1_313' title='bbox 2042 2615 2229 2668; x_wconf 88' lang='lat' dir='ltr'>reliquis</span> 
     </span>
     <span class='ocr_line' id='line_1_34' title="bbox 251 2687 2228 2740; baseline 0 -13"><span class='ocrx_word' id='word_1_314' title='bbox 251 2687 578 2740; x_wconf 83' lang='lat' dir='ltr'>Aegyptiorum</span> <span class='ocrx_word' id='word_1_315' title='bbox 620 2687 733 2728; x_wconf 84' lang='lat' dir='ltr'>fanis</span> <span class='ocrx_word' id='word_1_316' title='bbox 771 2687 1042 2740; x_wconf 90' lang='lat' dir='ltr'>discrepare,</span> <span class='ocrx_word' id='word_1_317' title='bbox 1080 2688 1204 2740; x_wconf 90' lang='lat' dir='ltr'>quod</span> <span class='ocrx_word' id='word_1_318' title='bbox 1234 2688 1280 2728; x_wconf 89' lang='lat' dir='ltr'>in</span> <span class='ocrx_word' id='word_1_319' title='bbox 1312 2687 1423 2728; x_wconf 89' lang='lat' dir='ltr'>duas</span> <span class='ocrx_word' id='word_1_320' title='bbox 1464 2688 1617 2740; x_wconf 87' lang='lat' dir='ltr'>partes</span> <span class='ocrx_word' id='word_1_321' title='bbox 1652 2687 1784 2740; x_wconf 90' lang='lat' dir='ltr'>plane</span> <span class='ocrx_word' id='word_1_322' title='bbox 1814 2688 2015 2739; x_wconf 89' lang='lat' dir='ltr'>geminas</span> <span class='ocrx_word' id='word_1_323' title='bbox 2047 2687 2228 2728; x_wconf 92' lang='lat' dir='ltr'>dirime-</span> 
     </span>
     <span class='ocr_line' id='line_1_35' title="bbox 250 2759 2226 2812; baseline 0.001 -13"><span class='ocrx_word' id='word_1_324' title='bbox 250 2761 389 2812; x_wconf 90' lang='lat' dir='ltr'>retur,</span> <span class='ocrx_word' id='word_1_325' title='bbox 421 2759 588 2811; x_wconf 83' lang='lat' dir='ltr'>duplex</span> <span class='ocrx_word' id='word_1_326' title='bbox 615 2759 802 2800; x_wconf 91' lang='lat' dir='ltr'>haberet</span> <span class='ocrx_word' id='word_1_327' title='bbox 833 2760 1152 2799; x_wconf 90' lang='lat' dir='ltr'>ornamentum</span> <span class='ocrx_word' id='word_1_328' title='bbox 1181 2759 1304 2811; x_wconf 80' lang='lat' dir='ltr'>globi</span> <span class='ocrx_word' id='word_1_329' title='bbox 1336 2759 1440 2800; x_wconf 90' lang='lat' dir='ltr'>alati</span> <span class='ocrx_word' id='word_1_330' title='bbox 1472 2760 1518 2800; x_wconf 89' lang='lat' dir='ltr'>in</span> <span class='ocrx_word' id='word_1_331' title='bbox 1554 2760 1784 2812; x_wconf 88' lang='lat' dir='ltr'>epistylio,</span> <span class='ocrx_word' id='word_1_332' title='bbox 1814 2761 1860 2800; x_wconf 91' lang='lat' dir='ltr'>et</span> <span class='ocrx_word' id='word_1_333' title='bbox 1886 2759 1933 2799; x_wconf 91' lang='lat' dir='ltr'>in</span> <span class='ocrx_word' id='word_1_334' title='bbox 1961 2759 2226 2812; x_wconf 83' lang='lat' dir='ltr'>anaglyphis</span> 
     </span>
     <span class='ocr_line' id='line_1_36' title="bbox 252 2825 2294 2886; baseline 0 -15"><span class='ocrx_word' id='word_1_335' title='bbox 252 2842 392 2883; x_wconf 91' lang='lat' dir='ltr'>paene</span> <span class='ocrx_word' id='word_1_336' title='bbox 421 2825 591 2883; x_wconf 89' lang='lat' dir='ltr'>ubique</span> <span class='ocrx_word' id='word_1_337' title='bbox 626 2830 745 2871; x_wconf 89' lang='lat' dir='ltr'>duos</span> <span class='ocrx_word' id='word_1_338' title='bbox 777 2830 886 2871; x_wconf 91' lang='lat' dir='ltr'>deos</span> <span class='ocrx_word' id='word_1_339' title='bbox 916 2831 961 2870; x_wconf 92' lang='lat' dir='ltr'>in</span> <span class='ocrx_word' id='word_1_340' title='bbox 999 2831 1173 2871; x_wconf 91' lang='lat' dir='ltr'>thronis</span> <span class='ocrx_word' id='word_1_341' title='bbox 1204 2830 1412 2871; x_wconf 80' lang='lat' dir='ltr'>sedentes</span> <span class='ocrx_word' id='word_1_342' title='bbox 1442 2832 1488 2871; x_wconf 91' lang='lat' dir='ltr'>et</span> <span class='ocrx_word' id='word_1_343' title='bbox 1525 2831 1581 2872; x_wconf 89' lang='lat' dir='ltr'>ab</span> <span class='ocrx_word' id='word_1_344' title='bbox 1613 2831 1876 2872; x_wconf 88' lang='lat' dir='ltr'>hominibus</span> <span class='ocrx_word' id='word_1_345' title='bbox 1913 2830 2126 2872; x_wconf 85' lang='lat' dir='ltr'>adoratos</span> <span class='ocrx_word' id='word_1_346' title='bbox 2157 2842 2226 2871; x_wconf 92' lang='lat' dir='ltr'>re·</span> <span class='ocrx_word' id='word_1_347' title='bbox 2291 2854 2294 2886; x_wconf 71' lang='lat'>3</span> 
     </span>
     <span class='ocr_line' id='line_1_37' title="bbox 251 2902 2293 2958; baseline 0 -14"><span class='ocrx_word' id='word_1_348' title='bbox 251 2904 570 2956; x_wconf 88' lang='lat' dir='ltr'>praesentaret,</span> <span class='ocrx_word' id='word_1_349' title='bbox 607 2902 801 2943; x_wconf 86' lang='lat' dir='ltr'>alterum</span> <span class='ocrx_word' id='word_1_350' title='bbox 841 2902 1082 2955; x_wconf 84' lang='lat' dir='ltr'>accipitris,</span> <span class='ocrx_word' id='word_1_351' title='bbox 1123 2902 1316 2943; x_wconf 90' lang='lat' dir='ltr'>alterum</span> <span class='ocrx_word' id='word_1_352' title='bbox 1355 2902 1570 2943; x_wconf 88' lang='lat' dir='ltr'>crocodili</span> <span class='ocrx_word' id='word_1_353' title='bbox 1609 2905 1747 2956; x_wconf 89' lang='lat' dir='ltr'>caput</span> <span class='ocrx_word' id='word_1_354' title='bbox 1787 2905 2032 2956; x_wconf 87' lang='lat' dir='ltr'>gerentem,</span> <span class='ocrx_word' id='word_1_355' title='bbox 2071 2903 2226 2944; x_wconf 87' lang='lat' dir='ltr'>obser·</span> <span class='ocrx_word' id='word_1_356' title='bbox 2290 2903 2293 2958; x_wconf 44' lang='lat'>3</span> 
     </span>
     <span class='ocr_line' id='line_1_38' title="bbox 250 2973 2291 3027; baseline -0 -11"><span class='ocrx_word' id='word_1_357' title='bbox 250 2977 417 3016; x_wconf 86' lang='lat' dir='ltr'>varunt</span> <span class='ocrx_word' id='word_1_358' title='bbox 447 2975 640 3016; x_wconf 89' lang='lat' dir='ltr'>Chabrol</span> <span class='ocrx_word' id='word_1_359' title='bbox 670 2976 715 3015; x_wconf 90' lang='lat' dir='ltr'>et</span> <span class='ocrx_word' id='word_1_360' title='bbox 744 2974 928 3015; x_wconf 91' lang='lat' dir='ltr'>Jomard</span> <span class='ocrx_word' id='word_1_361' title='bbox 956 2974 1245 3026; x_wconf 91' lang='lat' dir='ltr'>Description</span> <span class='ocrx_word' id='word_1_362' title='bbox 1277 2973 1489 3015; x_wconf 86' lang='lat' dir='ltr'>d&#39;Ombos</span> <span class='ocrx_word' id='word_1_363' title='bbox 1525 2985 1569 3027; x_wconf 92' lang='lat' dir='ltr'>p.</span> <span class='ocrx_word' id='word_1_364' title='bbox 1591 2977 1629 3016; x_wconf 74' lang='lat'>4.</span> <span class='ocrx_word' id='word_1_365' title='bbox 1654 2979 1691 3016; x_wconf 88' lang='grc'>5.</span> <span class='ocrx_word' id='word_1_366' title='bbox 1716 2978 1783 3016; x_wconf 87' lang='grc'>84.</span> <span class='ocrx_word' id='word_1_367' title='bbox 1834 2975 2037 3016; x_wconf 87' lang='lat' dir='ltr'>Alterum</span> <span class='ocrx_word' id='word_1_368' title='bbox 2069 2986 2125 3015; x_wconf 81' lang='lat' dir='ltr'>ex</span> <span class='ocrx_word' id='word_1_369' title='bbox 2155 2975 2225 3016; x_wconf 90' lang='lat' dir='ltr'>his</span> <span class='ocrx_word' id='word_1_370' title='bbox 2254 3003 2255 3006; x_wconf 18' lang='grc' dir='ltr'>η</span> <span class='ocrx_word' id='word_1_371' title='bbox 2289 2991 2291 3010; x_wconf 75' lang='grc' dir='ltr'>ι</span> 
     </span>
     <span class='ocr_line' id='line_1_39' title="bbox 252 3044 2290 3104; baseline -0 -16"><span class='ocrx_word' id='word_1_372' title='bbox 252 3048 348 3088; x_wconf 91' lang='lat' dir='ltr'>deis</span> <span class='ocrx_word' id='word_1_373' title='bbox 378 3048 566 3089; x_wconf 82' lang='lat' dir='ltr'>Aroerin</span> <span class='ocrx_word' id='word_1_374' title='bbox 596 3057 695 3088; x_wconf 90' lang='lat' dir='ltr'>esse</span> <span class='ocrx_word' id='word_1_375' title='bbox 726 3048 863 3098; x_wconf 91' lang='lat' dir='ltr'>caput</span> <span class='ocrx_word' id='word_1_376' title='bbox 900 3046 996 3087; x_wconf 85' lang='lat' dir='ltr'>avis</span> <span class='ocrx_word' id='word_1_377' title='bbox 1028 3045 1096 3097; x_wconf 83' lang='lat' dir='ltr'>(cf.</span> <span class='ocrx_word' id='word_1_378' title='bbox 1121 3048 1211 3087; x_wconf 89' lang='lat' dir='ltr'>not.</span> <span class='ocrx_word' id='word_1_379' title='bbox 1235 3046 1272 3097; x_wconf 80' lang='lat'>2)</span> <span class='ocrx_word' id='word_1_380' title='bbox 1307 3046 1601 3100; x_wconf 87' lang='lat' dir='ltr'>demonstrat,</span> <span class='ocrx_word' id='word_1_381' title='bbox 1633 3047 1744 3088; x_wconf 88' lang='lat' dir='ltr'>alter</span> <span class='ocrx_word' id='word_1_382' title='bbox 1765 3047 1942 3088; x_wconf 90' lang='lat' dir='ltr'>Suchus</span> <span class='ocrx_word' id='word_1_383' title='bbox 1974 3044 2104 3099; x_wconf 77' lang='lat' dir='ltr'><em>(Sbk)</em></span> <span class='ocrx_word' id='word_1_384' title='bbox 2135 3049 2223 3099; x_wconf 84' lang='lat' dir='ltr'>est;</span> <span class='ocrx_word' id='word_1_385' title='bbox 2287 3044 2290 3104; x_wconf 64' lang='lat' dir='ltr'><em>J</em></span> 
     </span>
     <span class='ocr_line' id='line_1_40' title="bbox 252 3106 2289 3172; baseline -0.001 -12"><span class='ocrx_word' id='word_1_386' title='bbox 252 3119 303 3160; x_wconf 85' lang='lat' dir='ltr'>cf.</span> <span class='ocrx_word' id='word_1_387' title='bbox 337 3118 649 3172; x_wconf 90' lang='lat' dir='ltr'>Champollion</span> <span class='ocrx_word' id='word_1_388' title='bbox 679 3118 851 3159; x_wconf 89' lang='lat' dir='ltr'>Lettres</span> <span class='ocrx_word' id='word_1_389' title='bbox 881 3118 1045 3159; x_wconf 84' lang='lat' dir='ltr'>ecrites</span> <span class='ocrx_word' id='word_1_390' title='bbox 1067 3106 1286 3170; x_wconf 79' lang='lat' dir='ltr'>d’Egypte</span> <span class='ocrx_word' id='word_1_391' title='bbox 1316 3130 1360 3171; x_wconf 91' lang='lat' dir='ltr'>p.</span> <span class='ocrx_word' id='word_1_392' title='bbox 1378 3122 1475 3159; x_wconf 91' lang='grc'><strong>440.</strong></span> <span class='ocrx_word' id='word_1_393' title='bbox 1526 3119 1640 3159; x_wconf 90' lang='lat' dir='ltr'>Huic</span> <span class='ocrx_word' id='word_1_394' title='bbox 1671 3119 1768 3160; x_wconf 91' lang='lat' dir='ltr'>sine</span> <span class='ocrx_word' id='word_1_395' title='bbox 1797 3118 1937 3160; x_wconf 90' lang='lat' dir='ltr'>dubio</span> <span class='ocrx_word' id='word_1_396' title='bbox 1968 3119 2013 3160; x_wconf 92' lang='lat' dir='ltr'>in</span> <span class='ocrx_word' id='word_1_397' title='bbox 2045 3119 2224 3160; x_wconf 89' lang='lat' dir='ltr'>sinistra</span> <span class='ocrx_word' id='word_1_398' title='bbox 2286 3134 2289 3158; x_wconf 66' lang='grc' dir='ltr'>ε</span> 
     </span>
     <span class='ocr_line' id='line_1_41' title="bbox 251 3187 2288 3254; baseline 0 -23"><span class='ocrx_word' id='word_1_399' title='bbox 251 3191 408 3244; x_wconf 88' lang='lat' dir='ltr'>templi</span> <span class='ocrx_word' id='word_1_400' title='bbox 438 3192 578 3244; x_wconf 91' lang='lat' dir='ltr'>parte,</span> <span class='ocrx_word' id='word_1_401' title='bbox 620 3201 736 3243; x_wconf 89' lang='lat' dir='ltr'>quae</span> <span class='ocrx_word' id='word_1_402' title='bbox 767 3190 911 3242; x_wconf 90' lang='lat' dir='ltr'>ipsius</span> <span class='ocrx_word' id='word_1_403' title='bbox 942 3191 1050 3242; x_wconf 86' lang='lat' dir='ltr'>erat,</span> <span class='ocrx_word' id='word_1_404' title='bbox 1090 3190 1249 3230; x_wconf 83' lang='lat' dir='ltr'>titulus</span> <span class='ocrx_word' id='word_1_405' title='bbox 1280 3190 1584 3232; x_wconf 91' lang='lat' dir='ltr'>dedicatorius</span> <span class='ocrx_word' id='word_1_406' title='bbox 1615 3193 1827 3232; x_wconf 85' lang='lat' dir='ltr'>exaratus</span> <span class='ocrx_word' id='word_1_407' title='bbox 1865 3193 1961 3232; x_wconf 87' lang='lat' dir='ltr'>erat</span> <span class='ocrx_word' id='word_1_408' title='bbox 1990 3191 2122 3243; x_wconf 90' lang='lat' dir='ltr'>plane</span> <span class='ocrx_word' id='word_1_409' title='bbox 2152 3202 2226 3243; x_wconf 87' lang='lat' dir='ltr'>ge·</span> <span class='ocrx_word' id='word_1_410' title='bbox 2284 3187 2288 3254; x_wconf 59' lang='lat' dir='ltr'><em>J</em></span> 
     </span>
     <span class='ocr_line' id='line_1_42' title="bbox 255 3259 2285 3316; baseline 0 -13"><span class='ocrx_word' id='word_1_411' title='bbox 255 3265 402 3304; x_wconf 88' lang='lat' dir='ltr'>minus</span> <span class='ocrx_word' id='word_1_412' title='bbox 433 3264 582 3316; x_wconf 89' lang='lat' dir='ltr'>huius,</span> <span class='ocrx_word' id='word_1_413' title='bbox 623 3274 717 3315; x_wconf 94' lang='lat' dir='ltr'>quo</span> <span class='ocrx_word' id='word_1_414' title='bbox 751 3262 909 3303; x_wconf 84' lang='lat' dir='ltr'>dextra</span> <span class='ocrx_word' id='word_1_415' title='bbox 938 3272 1044 3314; x_wconf 91' lang='lat' dir='ltr'>pars</span> <span class='ocrx_word' id='word_1_416' title='bbox 1073 3261 1230 3304; x_wconf 83' lang='lat' dir='ltr'>Aroe&#39;ri</span> <span class='ocrx_word' id='word_1_417' title='bbox 1260 3264 1563 3304; x_wconf 89' lang='lat' dir='ltr'>consecratur.</span> <span class='ocrx_word' id='word_1_418' title='bbox 1610 3264 1724 3304; x_wconf 90' lang='lat' dir='ltr'>Letr.</span> <span class='ocrx_word' id='word_1_419' title='bbox 1873 3267 1897 3304; x_wconf 85' lang='lat'><strong>6</strong></span> <span class='ocrx_word' id='word_1_420' title='bbox 1938 3263 2120 3304; x_wconf 87' lang='lat' dir='ltr'>Praeter</span> <span class='ocrx_word' id='word_1_421' title='bbox 2149 3274 2249 3306; x_wconf 74' lang='lat' dir='ltr'>ex-,</span> <span class='ocrx_word' id='word_1_422' title='bbox 2282 3259 2285 3311; x_wconf 56' lang='grc' dir='ltr'>ξ</span> 
     </span>
     <span class='ocr_line' id='line_1_43' title="bbox 251 3324 2283 3395; baseline 0 -21"><span class='ocrx_word' id='word_1_423' title='bbox 251 3337 441 3375; x_wconf 86' lang='lat' dir='ltr'>tremam</span> <span class='ocrx_word' id='word_1_424' title='bbox 475 3335 530 3376; x_wconf 90' lang='lat' dir='ltr'>ad</span> <span class='ocrx_word' id='word_1_425' title='bbox 561 3334 796 3375; x_wconf 90' lang='lat' dir='ltr'>meridiem</span> <span class='ocrx_word' id='word_1_426' title='bbox 827 3335 1004 3387; x_wconf 90' lang='lat' dir='ltr'>partem</span> <span class='ocrx_word' id='word_1_427' title='bbox 1035 3333 1242 3386; x_wconf 82' lang='lat' dir='ltr'>Aegypti,</span> <span class='ocrx_word' id='word_1_428' title='bbox 1286 3345 1402 3386; x_wconf 91' lang='lat' dir='ltr'>quae</span> <span class='ocrx_word' id='word_1_429' title='bbox 1440 3346 1588 3388; x_wconf 91' lang='lat' dir='ltr'>usque</span> <span class='ocrx_word' id='word_1_430' title='bbox 1629 3335 1686 3376; x_wconf 91' lang='lat' dir='ltr'>ad</span> <span class='ocrx_word' id='word_1_431' title='bbox 1724 3335 1872 3376; x_wconf 88' lang='lat' dir='ltr'>Philas</span> <span class='ocrx_word' id='word_1_432' title='bbox 1910 3337 2048 3388; x_wconf 91' lang='lat' dir='ltr'>patet,</span> <span class='ocrx_word' id='word_1_433' title='bbox 2086 3336 2249 3395; x_wconf 57' lang='lat' dir='ltr'>etiams</span> <span class='ocrx_word' id='word_1_434' title='bbox 2282 3324 2283 3327; x_wconf 29' lang='lat'>¹</span> 
     </span>
     <span class='ocr_line' id='line_1_44' title="bbox 252 3394 2246 3460; baseline 0.001 -14"><span class='ocrx_word' id='word_1_435' title='bbox 252 3409 528 3448; x_wconf 88' lang='lat' dir='ltr'>contermina</span> <span class='ocrx_word' id='word_1_436' title='bbox 574 3418 678 3460; x_wconf 90' lang='lat' dir='ltr'>pars</span> <span class='ocrx_word' id='word_1_437' title='bbox 723 3406 898 3448; x_wconf 91' lang='lat' dir='ltr'>Nubiae</span> <span class='ocrx_word' id='word_1_438' title='bbox 942 3407 1032 3447; x_wconf 90' lang='lat' dir='ltr'>hoc</span> <span class='ocrx_word' id='word_1_439' title='bbox 1075 3417 1211 3447; x_wconf 89' lang='lat' dir='ltr'>nomo</span> <span class='ocrx_word' id='word_1_440' title='bbox 1258 3407 1678 3459; x_wconf 83' lang='lat' dir='ltr'>comprehenditur3</span> <span class='ocrx_word' id='word_1_441' title='bbox 1735 3407 1799 3448; x_wconf 91' lang='lat' dir='ltr'>ibi</span> <span class='ocrx_word' id='word_1_442' title='bbox 1844 3407 2026 3448; x_wconf 85' lang='lat' dir='ltr'>fuerunt</span> <span class='ocrx_word' id='word_1_443' title='bbox 2067 3394 2246 3460; x_wconf 42' lang='lat' dir='ltr'>copiae?</span> 
     </span>
     <span class='ocr_line' id='line_1_45' title="bbox 254 3478 2280 3533; baseline -0 -15"><span class='ocrx_word' id='word_1_444' title='bbox 254 3478 455 3529; x_wconf 89' lang='lat' dir='ltr'>peditum</span> <span class='ocrx_word' id='word_1_445' title='bbox 486 3480 783 3531; x_wconf 87' lang='lat' dir='ltr'>equitumque</span> <span class='ocrx_word' id='word_1_446' title='bbox 814 3490 930 3531; x_wconf 89' lang='lat' dir='ltr'>quae</span> <span class='ocrx_word' id='word_1_447' title='bbox 960 3478 1275 3519; x_wconf 90' lang='lat' dir='ltr'>meridionales</span> <span class='ocrx_word' id='word_1_448' title='bbox 1305 3480 1431 3530; x_wconf 89' lang='lat' dir='ltr'>regni</span> <span class='ocrx_word' id='word_1_449' title='bbox 1451 3479 1644 3533; x_wconf 79' lang='lat' dir='ltr'>Aegypti</span> <span class='ocrx_word' id='word_1_450' title='bbox 1665 3479 1775 3520; x_wconf 90' lang='lat' dir='ltr'>fines</span> <span class='ocrx_word' id='word_1_451' title='bbox 1796 3481 2063 3520; x_wconf 87' lang='lat' dir='ltr'>tutarentur.</span> <span class='ocrx_word' id='word_1_452' title='bbox 2106 3479 2220 3519; x_wconf 87' lang='lat' dir='ltr'>Letr.</span> <span class='ocrx_word' id='word_1_453' title='bbox 2278 3512 2280 3517; x_wconf 81' lang='grc'>,</span> 
     </span>
     <span class='ocr_line' id='line_1_46' title="bbox 255 3549 2277 3604; baseline 0.001 -16"><span class='ocrx_word' id='word_1_454' title='bbox 255 3553 277 3588; x_wconf 95' lang='grc'><strong>7</strong></span> <span class='ocrx_word' id='word_1_455' title='bbox 321 3550 430 3589; x_wconf 91' lang='lat' dir='ltr'>Cum</span> <span class='ocrx_word' id='word_1_456' title='bbox 463 3549 583 3598; x_wconf 79' lang='grc' dir='ltr'>πεζοὶ</span> <span class='ocrx_word' id='word_1_457' title='bbox 613 3549 683 3591; x_wconf 78' lang='grc' dir='ltr'>καὶ</span> <span class='ocrx_word' id='word_1_458' title='bbox 717 3550 857 3596; x_wconf 84' lang='grc' dir='ltr'>ἱππεῖς</span> <span class='ocrx_word' id='word_1_459' title='bbox 887 3552 1033 3592; x_wconf 92' lang='lat' dir='ltr'>totum</span> <span class='ocrx_word' id='word_1_460' title='bbox 1065 3550 1314 3591; x_wconf 81' lang='lat' dir='ltr'>exercitum</span> <span class='ocrx_word' id='word_1_461' title='bbox 1346 3550 1552 3604; x_wconf 86' lang='lat' dir='ltr'>efficiant,</span> <span class='ocrx_word' id='word_1_462' title='bbox 1584 3551 1762 3592; x_wconf 86' lang='lat' dir='ltr'>difficile</span> <span class='ocrx_word' id='word_1_463' title='bbox 1792 3553 1861 3592; x_wconf 89' lang='lat' dir='ltr'>est</span> <span class='ocrx_word' id='word_1_464' title='bbox 1891 3551 2015 3592; x_wconf 91' lang='lat' dir='ltr'>dictu</span> <span class='ocrx_word' id='word_1_465' title='bbox 2035 3552 2219 3603; x_wconf 87' lang='lat' dir='ltr'>quinam</span> <span class='ocrx_word' id='word_1_466' title='bbox 2276 3587 2277 3590; x_wconf 75' lang='grc'>,</span> 
     </span>
     <span class='ocr_line' id='line_1_47' title="bbox 254 3618 2277 3675; baseline 0 -15"><span class='ocrx_word' id='word_1_467' title='bbox 254 3621 328 3660; x_wconf 85' lang='lat' dir='ltr'>alii</span> <span class='ocrx_word' id='word_1_468' title='bbox 371 3624 548 3673; x_wconf 87' lang='lat' dir='ltr'>praeter</span> <span class='ocrx_word' id='word_1_469' title='bbox 587 3623 687 3663; x_wconf 87' lang='lat' dir='ltr'>illos</span> <span class='ocrx_word' id='word_1_470' title='bbox 733 3623 806 3663; x_wconf 93' lang='lat' dir='ltr'>hic</span> <span class='ocrx_word' id='word_1_471' title='bbox 851 3623 1199 3663; x_wconf 88' lang='lat' dir='ltr'>commemorari</span> <span class='ocrx_word' id='word_1_472' title='bbox 1243 3624 1485 3675; x_wconf 86' lang='lat' dir='ltr'>potuerint.</span> <span class='ocrx_word' id='word_1_473' title='bbox 1561 3623 1829 3664; x_wconf 86' lang='lat' dir='ltr'>Letronnius</span> <span class='ocrx_word' id='word_1_474' title='bbox 1874 3623 2095 3675; x_wconf 85' lang='lat' dir='ltr'>significat</span> <span class='ocrx_word' id='word_1_475' title='bbox 2143 3622 2220 3663; x_wconf 80' lang='lat' dir='ltr'>aut</span> <span class='ocrx_word' id='word_1_476' title='bbox 2275 3618 2277 3661; x_wconf 71' lang='lat'><em>2</em></span> 
     </span>
     <span class='ocr_line' id='line_1_48' title="bbox 254 3693 2275 3747; baseline 0.001 -13"><span class='ocrx_word' id='word_1_477' title='bbox 254 3693 458 3734; x_wconf 86' lang='lat' dir='ltr'>homines</span> <span class='ocrx_word' id='word_1_478' title='bbox 489 3695 566 3745; x_wconf 88' lang='lat' dir='ltr'>qui</span> <span class='ocrx_word' id='word_1_479' title='bbox 598 3695 641 3734; x_wconf 94' lang='lat' dir='ltr'>in</span> <span class='ocrx_word' id='word_1_480' title='bbox 675 3694 1061 3735; x_wconf 89' lang='lat' dir='ltr'>administratione</span> <span class='ocrx_word' id='word_1_481' title='bbox 1098 3705 1249 3735; x_wconf 91' lang='lat' dir='ltr'>rerum</span> <span class='ocrx_word' id='word_1_482' title='bbox 1289 3694 1552 3735; x_wconf 87' lang='lat' dir='ltr'>militarium</span> <span class='ocrx_word' id='word_1_483' title='bbox 1587 3696 1826 3735; x_wconf 87' lang='lat' dir='ltr'>versentur</span> <span class='ocrx_word' id='word_1_484' title='bbox 1862 3698 1939 3735; x_wconf 91' lang='lat' dir='ltr'>aut</span> <span class='ocrx_word' id='word_1_485' title='bbox 1969 3695 2219 3747; x_wconf 82' lang='lat' dir='ltr'>praefectos</span> <span class='ocrx_word' id='word_1_486' title='bbox 2274 3711 2275 3715; x_wconf 45' lang='lat'>¹</span> 
     </span>
    </p>
   </div>
   <div class='ocr_carea' id='block_1_9' title="bbox 2267 2144 2314 3970">
    <p class='ocr_par' dir='ltr' id='par_1_9' title="bbox 2267 2144 2314 3970">
     <span class='ocr_line' id='line_1_49' title="bbox 2267 2144 2314 3970; baseline 0 0"><span class='ocrx_word' id='word_1_487' title='bbox 2267 2144 2314 3970; x_wconf 95' lang='lat' dir='ltr'> </span> 
     </span>
    </p>
   </div>
  </div>
 </body>
</html>
