2314 3970
258 223 358 273 180
939 219 986 260 Il.
1034 219 1231 270 Regnum
1264 219 1545 269 Lagidarum.
2071 219 2227 271 [403.-

343 407 366 446 5
399 393 602 462 πρώτων
643 390 799 459 φίλων
815 394 849 456 ²³,
896 393 983 441 τοῦ
1032 388 1037 460 Ι
1087 389 1481 460 ἐπιστρατήγου4
1519 388 1604 441 καὶ
1655 390 1824 461 ἱερέως
1860 386 1877 459 ΙΙ
1913 388 2230 458 Πτολεμαίου

400 478 633 546 Σωτῆρος
684 474 768 527 καὶ
821 475 826 546 Ι
878 474 1194 545 Πτολεμαίου
1227 472 1530 546 Ἐπιφανοῦς
1567 475 1652 528 καὶ
1702 476 1709 547 Ι
1759 475 2099 546 Εὖχαρίστου,
2148 475 2229 528 τὸν

402 563 568 634 βωμὸν
609 560 905 633 Νικόμαχος
947 562 953 632 Ι
997 561 1155 633 ἱερεὺς
1191 566 1278 615 τοῦ
1317 562 1447 622 Διός.

254 711 387 750 tertio
420 711 464 749 et
494 709 712 750 vicesimo
745 719 852 749 vero
885 708 1039 750 Cinam
1082 720 1170 750 non
1211 710 1300 750 iam
1339 709 1702 762 commemorari,
1739 711 1792 749 ut
1831 709 2057 762 peculiare
2087 708 2232 749 Philo-

254 781 439 822 metoris
482 781 783 822 sacerdotium
825 782 921 821 tum
954 780 1198 834 sublatum,
1239 781 1316 822 sed
1349 781 1446 821 eius
1489 780 1632 822 officia
1663 782 1708 822 in
1739 781 1980 834 Hippalum
2020 780 2234 821 translata

252 854 503 894 videantur.
564 853 699 905 Atqui
730 853 804 894 hic
845 853 943 894 eius
981 854 1162 894 nomine
1202 855 1247 893 et
1285 856 1398 893 nutu
1437 852 1762 894 dedicationem
1803 853 2092 893 Philometori
2123 852 2232 904 fieri,

254 925 378 977 quod
415 936 503 965 non
544 925 690 977 possit
727 936 815 966 non
854 926 959 977 post
998 925 1119 966 illam
1159 924 1398 966 sacerdotii
1438 925 1736 966 mutationem
1775 924 1944 966 factum
1975 935 2088 965 esse.
2149 923 2235 964 Sed

253 999 357 1037 utut
388 997 443 1037 de
474 997 660 1049 reliquis
693 998 969 1049 argumentis
1001 997 1240 1050 iudicatur,
1280 997 1366 1038 hoc
1395 996 1519 1049 quod
1555 999 1787 1049 postremo
1820 997 1921 1037 loco
1954 1007 2233 1037 commemo-

253 1070 351 1110 ravi
380 1071 502 1110 recte
533 1081 581 1111 se
611 1070 777 1111 habere
798 1070 1047 1123 praefracte
1078 1081 1204 1122 nego.
1254 1069 1368 1111 Nam
1391 1070 1484 1122 regi
1515 1069 1738 1110 eiusmodi
1770 1069 1942 1110 donum
1964 1068 2125 1110 offerre
2146 1079 2234 1109 non

255 1142 390 1183 modo
437 1142 663 1183 sacerdoti
708 1143 852 1195 ipsius
894 1142 998 1183 licet
1037 1142 1116 1183 sed
1159 1141 1343 1182 cuilibet
1381 1142 1468 1182 alii.
1530 1141 1676 1189 Quare
1714 1141 1856 1182 ullum
1894 1140 2015 1182 aliud
2053 1151 2235 1182 sacrum

255 1214 453 1255 officium
484 1217 582 1254 tum
615 1226 718 1255 cum
750 1215 824 1255 hic
853 1214 967 1267 lapis
1000 1215 1274 1255 statueretur
1305 1214 1544 1267 Hippalum
1588 1214 1781 1266 gessisse
1821 1216 2000 1266 praeter
2036 1213 2082 1254 id
2112 1212 2235 1266 quod

255 1286 435 1327 definite
466 1288 852 1328 commemoratur
882 1286 1162 1327 Ptolemaeil
1193 1288 1238 1327 et
1259 1286 1500 1327 Ptolemaei
1521 1286 1558 1325 V
1589 1285 1913 1338 sacerdotium,
1945 1285 1990 1326 in
2021 1297 2113 1338 quo
2145 1286 2234 1326 iam

255 1371 371 1400 anno
408 1362 486 1399 476
509 1371 546 1399 a.
571 1359 670 1399 Chr.
694 1371 735 1399 n.
768 1370 872 1399 eum
904 1358 1042 1399 fuisse
1063 1360 1256 1411 constat,
1288 1370 1376 1400 non
1408 1360 1478 1398 est
1498 1358 1620 1411 quod
1650 1360 1916 1400 statuamus.
1967 1357 2092 1398 Adde
2111 1357 2237 1410 quod

255 1431 352 1471 aliis
393 1430 446 1471 de
489 1431 637 1471 causis
671 1431 775 1482 (not.
799 1431 837 1482 4)
877 1431 988 1472 haec
1026 1430 1249 1471 dedicatio
1290 1430 1347 1471 ad
1384 1431 1583 1483 aliquem
1620 1441 1676 1471 ex
1717 1430 1874 1471 decem
1911 1430 2072 1482 primis
2110 1430 2235 1482 regni

255 1503 381 1543 annis
428 1502 658 1543 referenda
704 1505 784 1544 est.
847 1503 1056 1543 Ceterum
1103 1503 1222 1543 idem
1269 1503 1365 1543 sine
1411 1502 1549 1544 dubio
1591 1503 1728 1544 homo
1768 1503 1814 1543 in
1852 1513 2026 1555 papyro
2067 1502 2235 1543 Graeco

254 1575 454 1615 Parisino
487 1574 671 1615 alterius
703 1587 741 1615 a.
763 1575 863 1615 Chr.
887 1586 928 1615 n.
962 1575 1129 1615 saeculi
1162 1574 1355 1626 (Notices
1377 1576 1422 1615 et
1442 1575 1628 1615 extraits
1650 1575 1729 1615 des
1756 1575 2028 1615 manuscrits
2050 1573 2188 1614 XVIII
2211 1576 2235 1613 2

256 1650 366 1687 4865
414 1659 456 1699 p.
483 1650 564 1687 367
611 1659 652 1687 n.
686 1650 751 1700 63,
790 1650 886 1687 464.
926 1648 1020 1698 465)
1068 1649 1149 1700 est,
1196 1658 1331 1699 quem
1375 1647 1526 1688 attulit
1565 1647 1609 1687 U.
1638 1646 1844 1687 Wilcken
1883 1646 1955 1688 Gr.
1997 1645 2184 1687 Ostraka
2218 1646 2236 1685 I

255 1730 297 1771 p.
329 1722 410 1758 702
452 1721 542 1760 not.
572 1722 616 1759 3:
665 1717 710 1760 ὃν
751 1717 904 1776 τρόπον
941 1717 1015 1760 ’καὶ
1055 1717 1165 1761 κατὰ
1201 1717 1277 1774 τὴν
1318 1716 1473 1774 ὁμοίαν
1515 1717 1753 1777 περίστασιν
1794 1711 1992 1760 Ὶππάλου
2029 1720 2105 1759 τοῦ
2142 1716 2236 1759 τότε

254 1788 587 1849 προκαθημένου
630 1795 706 1848 τῆς
751 1791 895 1849 χώρας
940 1789 1288 1848 προτρεψαμένου
1333 1789 1435 1838 τοὺς
1479 1789 1736 1850 στρατηγοὺς
1779 1814 1830 1821 -
1871 1786 2143 1840 ἐπιδέξασθαι
2185 1786 2238 1830 τὰ

253 1867 331 1919 τῆς
371 1861 588 1920 ἀσχολίας.
648 1863 762 1904 Nam
805 1864 889 1904 hac
930 1864 1332 1904 circumlocutione
1371 1864 1523 1916 ipsum
1562 1865 1640 1916 qui
1690 1865 1763 1904 hic
1801 1864 1840 1904 ei
1885 1862 2102 1904 tribuitur
2148 1859 2238 1903 ἐπι-

257 1934 489 1991 στρατήγου
519 1937 838 1987 magistratum
871 1935 1059 1976 indicari
1090 1947 1143 1976 eo
1179 1935 1461 1988 probabilius
1501 1938 1582 1988 est,
1624 1937 1731 1988 quia
1766 1935 1856 1976 illic
1890 1946 1995 1976 eum
2029 1935 2238 1986 strategis

259 2009 483 2060 imperare
510 2008 732 2060 videmus,
765 2008 809 2047 id
841 2007 963 2060 quod
995 2008 1114 2048 cadit
1143 2009 1190 2048 in
1221 2008 1558 2060 epistrategum.
1609 2007 1666 2048 At
1695 2008 1768 2048 ille
1797 2005 2061 2064 κυβερνήτης
2082 2003 2237 2048 Ἵππα-

257 2077 343 2131 λος,
390 2091 415 2120 a
453 2091 546 2131 quo
590 2081 752 2120 ventus
796 2091 959 2121 nomen
998 2080 1172 2133 accepit
1213 2091 1305 2132 quo
1345 2080 1411 2120 uti
1449 2080 1547 2133 ipse
1592 2081 1768 2132 primus
1815 2082 1974 2120 nautas
2023 2079 2238 2120 docuerat

258 2152 474 2204 (Periplus
507 2153 643 2192 maris
676 2152 912 2204 Erythraei
937 2155 985 2192 57
1022 2163 1063 2204 p.
1088 2155 1183 2201 298,
1208 2155 1250 2191 34
1291 2152 1464 2193 Miiller.
1516 2151 1732 2204 Hippalus
1754 2153 1919 2193 ventus
1947 2152 2084 2192 etiam
2115 2151 2234 2204 apud

259 2224 450 2264 Plinium
472 2223 523 2264 N.
542 2223 666 2276 h.VI,
692 2227 785 2264 404.
810 2226 891 2264 404
915 2226 996 2276 est,
1029 2223 1272 2276 Hippalum
1295 2235 1418 2264 mare
1439 2215 1695 2265 sfffmcfflxov
1717 2221 1900 2281 πέλαγος
1930 2223 2235 2276 ibid.V1‚⁴72.
2276 2247 2280 2251 -

258 2296 539 2336 Ptolemaeus
571 2295 627 2335 IV
659 2299 696 2347 7,
722 2299 772 2335 ⁴2
814 2307 855 2348 p.
881 2298 976 2348 787,
1002 2299 1023 2334 8
1057 2295 1228 2347 Miiller)
1272 2295 1508 2337 manifesto
1549 2295 1664 2337 alius
1702 2297 1782 2337 est.
1845 2296 2036 2336 Omnino
2074 2307 2237 2337 nomen
2270 2287 2281 2329 ἶ,

258 2369 488 2420 ceteroqui
512 2368 797 2408 rarissimum
820 2368 864 2407 in
886 2367 1091 2420 Aegypto
1114 2379 1203 2408 non
1224 2369 1285 2409 ita
1312 2368 1570 2421 infrequens
1591 2367 1730 2410 fuisse
1753 2368 1943 2409 videtur.
1986 2368 2046 2409 Cf.
2071 2369 2174 2421 Pap.
2193 2368 2236 2408 in
2271 2386 2274 2390 ·

258 2441 333 2480 the
356 2441 463 2481 Brit.
487 2451 601 2480 mus.
624 2441 640 2479 Ι
673 2451 715 2492 p.
740 2443 806 2492 48,
832 2443 869 2480 2.
931 2438 1101 2492 Fayum
1132 2442 1281 2481 towns
1304 2441 1391 2481 and
1412 2441 1529 2481 their
1549 2442 1713 2493 papyri
1736 2452 1778 2493 p.
1802 2444 1884 2482 227
1916 2453 1957 2482 n.
1979 2440 2088 2494 XCI,
2113 2445 2150 2481 9.
2170 2443 2236 2480 36.
2268 2443 2274 2452 ‘

259 2511 588 2564 Oxyrhynchos
627 2523 731 2564 pap.
754 2513 790 2551 Il
823 2523 864 2564 p.
892 2515 970 2552 495
1004 2524 1044 2552 n.
1068 2511 1193 2562 XLV,
1219 2515 1284 2552 46.
1336 2511 1517 2553 Notices
1556 2514 1600 2552 et
1637 2513 1824 2552 extraits
1856 2512 1934 2553 des
1967 2512 2238 2553 manuscrits

261 2583 592 2635 xv1112‚4865
626 2586 763 2636 p.286
796 2596 836 2624 n.
863 2587 928 2636 32,
947 2587 1014 2623 27.
1058 2587 1192 2636 p.302
1215 2587 1387 2636 n.39‚7.
1421 2587 1558 2636 p.329
1582 2587 1792 2638 n.53‚27.
1924 2587 1946 2624 3
1988 2584 2049 2624 Cf.
2082 2583 2235 2624 n.991.
2308 2608 2314 2648 ἵ

262 2657 283 2693 4
323 2656 508 2695 ΤΗΓΘΥ
541 2655 666 2706 lapis.
729 2655 852 2695 Idem
875 2655 1010 2696 officii
1033 2667 1196 2696 nomen
1218 2656 1333 2696 redit
1354 2667 1393 2696 n.
1419 2659 1515 2710 433,
1540 2659 1577 2697 4.
1623 2656 1906 2697 Ptolemaeus
1922 2655 1961 2696 V
1982 2656 2236 2709 Epiphanes
2266 2699 2267 2703 ,

260 2728 399 2766 totam
422 2726 677 2778 Aegyptum
702 2727 747 2766 in
773 2729 864 2767 tres
886 2727 1195 2779 epistrategias
1218 2727 1384 2780 divisit,
1414 2739 1606 2780 quarum
1630 2739 1928 2781 unaquaeque
1948 2740 2092 2769 unum
2115 2739 2238 2769 sum·
2264 2731 2268 2750 ³

260 2809 387 2838 mum
420 2798 623 2838 omnium
654 2810 769 2850 quae
801 2799 846 2838 in
877 2810 929 2839 ea
949 2800 1099 2839 essent
1120 2799 1353 2851 copiarum
1376 2799 1538 2840 ducem
1569 2796 1902 2857 (ἐπιστράτηγον)
1935 2800 2133 2854 haberet,
2165 2801 2238 2842 cui

260 2881 420 2910 rursus
462 2870 680 2922 parebant
717 2869 942 2928 στρατηγοί
986 2871 1271 2922 singulorum
1318 2883 1561 2912 nomorum
1603 2872 1824 2913 militibus
1869 2872 2095 2926 praefecti.
2175 2871 2254 2929 Cf.
2303 2862 2305 2877 ⁴

260 2943 467 2994 Droysen
496 2942 648 2982 Kleine
671 2941 890 2983 Schriften
921 2943 958 2982 II
989 2954 1032 2995 p.
1058 2945 1152 2983 383.
1213 2943 1256 2983 P.
1279 2944 1431 2995 Meyer
1462 2943 1549 2984 Das
1581 2943 1848 2985 Heerwesen
1879 2945 1959 2985 der
1989 2945 2238 2986 Ptolemaer

261 3014 353 3054 und
384 3014 547 3054 Romer
577 3014 621 3054 in
645 3014 876 3066 Aegypten
909 3025 951 3066 p.
977 3018 1043 3054 65.
1095 3014 1199 3054 Inde
1232 3027 1254 3055 a
1286 3015 1528 3055 Ptolemaei
1549 3015 1590 3055 X
1621 3016 1788 3057 Soteris
1817 3017 1854 3056 11
1885 3027 2021 3069 regno
2054 3016 2236 3067 strategi
2302 3008 2303 3022 ¹

262 3088 306 3126 et
337 3087 595 3138 epistrategi
627 3097 815 3126 munera
845 3086 1067 3126 cumulari
1098 3087 1257 3127 solent.
1309 3087 1369 3127 Cf.
1392 3099 1434 3129 n.
1461 3090 1555 3140 468,
1576 3090 1648 3128 34;
1696 3088 1916 3146 στρατηγῷ
1945 3086 2017 3130 καὶ
2046 3086 2236 3144 ἐπιστρα-
2300 3067 2302 3084 ¹

260 3157 392 3214 τήγῳ.
438 3160 566 3198 v.49:
599 3156 672 3210 [τῷ
694 3157 898 3215 συγγε]νεῖ
916 3156 987 3199 καὶ
1019 3158 1239 3215 στρατηγῷ
1260 3157 1332 3200 ’καὶ
1363 3156 1655 3216 ἐπιστρατήγῳ
1683 3163 1762 3215 τῆς
1785 3157 2040 3216 Θ[ηβαῖὃος].
2083 3163 2234 3212 486,ae

264 3227 284 3269 ὁ
317 3229 518 3287 συγγενὴς
547 3228 620 3271 καὶ
651 3228 956 3287 ἐπιστράτηγος
986 3229 1058 3271 καὶ
1089 3229 1321 3287 στρατηγὸς
1349 3234 1428 3288 τῆς
1452 3226 1634 3286 Ἰνδικῆς
1664 3231 1737 3274 καὶ
1761 3226 1974 3290 Ἐρυθρᾶς
2005 3229 2234 3287 θαλάσσης.
2298 3228 2299 3246 ¹

263 3305 419 3352 490,5;
451 3304 525 3342 τοῦ
560 3303 781 3358 συγγενοῦς
810 3299 882 3343 καὶ
912 3304 1144 3359 στρατηγοῦ
1174 3300 1247 3342 ’καὶ
1279 3299 1584 3359 ἐπιστρατήγου
1615 3301 1687 3345 ’καὶ
1717 3300 1941 3361 θηβάρχου
1973 3307 2050 3358 τῆς
2077 3299 2234 3358 Θηβαῖ-
2296 3294 2299 3300 ’

265 3370 335 3417 ῧος
365 3370 437 3413 καὶ
464 3375 543 3429 τῆς
569 3366 769 3428 Ἰνῧι[κῆς
798 3370 886 3425 κ]αὶ
910 3366 1124 3431 Ἐρυθρᾶς
1154 3370 1416 3429 [θαλ]οἰσσης.

375 3570 487 3624 104
538 3576 681 3624 Basis
708 3577 959 3641 quadrata
984 3576 1254 3625 marmoris
1281 3576 1396 3640 albi,
1436 3577 1641 3626 inventa
1667 3578 1771 3627 Deli
1805 3592 1968 3643 prope
1991 3577 2234 3643 templum
2291 3579 2294 3645 J

263 3661 516 3725 Apollinis.
592 3661 679 3709 Ed.
721 3662 811 3710 Th.
842 3663 1069 3712 Homolle
1117 3662 1238 3711 Bull.
1281 3662 1342 3711 de
1390 3676 1519 3712 corr.
1562 3665 1684 3713 Hell.
1726 3663 1791 3711 III
1830 3661 1869 3730 (4
1886 3660 2005 3729 879)
2051 3678 2099 3728 p.
2131 3658 2230 3710 47⁰
2290 3698 2291 3705 ,
