2314 3970
225 183 327 232 576
712 181 782 221 VI.
825 181 971 231 Regna
1001 179 1162 221 Asiana
1195 181 1381 221 minora.
1446 182 1483 222 4.
1514 180 1697 221 Pontus.
2033 181 2190 233 [367—

321 352 428 406 367
481 356 579 404 Vas
626 369 958 420 permagnum
1008 353 1258 404 aheneum
1311 354 1375 421 (v.
1415 355 1688 419 imaginem
1727 369 1806 421 ap.
1848 355 1939 405 Th.
1967 356 2189 405 Reinach

213 441 541 491 Mithradates
569 441 795 506 Eupator
831 457 882 507 p.
913 438 1034 508 284)
1075 440 1315 490 effossum
1340 441 1742 491 Winckelmanni
1773 445 1934 492 aetate
1962 443 2011 490 in
2037 445 2191 508 portu

210 527 356 591 Antii,
409 531 574 576 exstat
611 528 662 575 in
700 542 877 577 museo
917 527 1212 594 Capitolino.
1277 527 1496 577 Titulum
1533 529 1728 595 primus
1767 529 1922 579 edidit
1959 529 2188 579 Pococke

212 614 380 663 Descr.
413 613 496 663 Or.
525 614 631 664 Vol.
660 614 704 662 ΙΙ
740 630 790 680 p.
821 612 924 665 207
962 614 1064 664 tab.
1098 615 1181 681 92,
1229 614 1408 664 deinde
1445 619 1564 680 post
1600 616 1786 665 multos
1824 617 1947 666 alios
1987 615 2190 666 Boeckh

212 700 261 750 C.
291 701 325 748 Ι.
357 699 412 749 G.
443 697 581 751 2278
629 715 743 750 cum
793 701 1049 751 Addendis
1086 717 1136 766 p.
1168 700 1322 752 4039.
1396 701 1786 752 Accuratissima
1835 703 2053 767 imagine
2102 718 2190 752 ex-

209 800 444 851 pressum
470 786 674 837 exhibet
713 786 768 837 Gr.
799 788 974 837 Kaibel
1011 788 1165 837 Inscr.
1197 787 1280 837 Gr.
1309 786 1402 837 Sic.
1446 792 1496 837 et
1519 789 1577 838 It.
1605 805 1654 855 p.
1686 788 1787 838 236
1829 786 1939 855 (Th.
1967 789 2189 838 Reinach

209 871 535 924 Mithradates
572 874 800 940 Eupator
835 890 885 941 p.
918 874 1019 923 460
1061 890 1110 925 n.
1143 874 1206 924 40
1247 875 1325 924 ed.
1356 873 1559 941 Germ).

356 1013 607 1076 Βασιλεὺς
670 1013 1008 1087 Μιθραδάτης
1069 1014 1351 1089 Εὐπάτωρ1
1410 1017 1545 1078 τοῖς2
1607 1015 1704 1069 ἀπὸ
1767 1021 1855 1070 τοῦ
1915 1019 2189 1089 γυμνασίου

355 1099 752 1174 Εὔπατορισταῖς
765 1105 800 1156 3.

321 1263 514 1303 Litterae
551 1264 733 1316 punctis
782 1263 996 1304 tenuibus
1043 1274 1283 1318 expressae
1328 1263 1496 1306 formas
1546 1264 1755 1317 volgares
1800 1263 1967 1306 habent
2010 1267 2190 1318 praeter

208 1335 431 1389 ΘΜΠΓῑ,
474 1335 553 1377 sed
593 1336 747 1377 hastae
787 1347 904 1389 quae
942 1338 1092 1378 rectae
1131 1347 1229 1378 esse
1271 1336 1495 1378 debebant
1532 1336 1802 1390 plerumque
1833 1337 2083 1390 paullulum
2122 1338 2188 1378 in-

206 1409 421 1448 curvatae
452 1409 569 1449 sunt.
732 1411 748 1448 4
788 1409 1067 1450 Mithridates
1095 1409 1134 1449 V
1165 1409 1369 1463 Eupator
1406 1421 1485 1450 rex
1517 1410 1646 1451 Ponti
1677 1410 1888 1461 (420-63
1922 1422 1959 1450 a.
1984 1410 2084 1450 Chr.
2116 1410 2187 1462 n.).

207 1481 231 1518 2
271 1480 415 1533 Supra
444 1480 560 1521 hanc
590 1491 751 1522 vocem
782 1481 921 1522 trium
953 1482 1233 1534 quattuorve
1262 1482 1518 1523 litterarum
1550 1482 1767 1535 reliquiae
1798 1481 2033 1536 obscurae,
2074 1493 2188 1534 quas

204 1551 457 1593 Boeckhius
489 1563 593 1594 cum
626 1555 745 1595 ΜΝΔ
779 1564 877 1595 esse
909 1554 1202 1608 existimaret,
1236 1551 1410 1612 μ(έγας),
1451 1552 1572 1607 ν(έος)
1605 1550 1835 1606 Δ(ιόνυσος)
1865 1555 2188 1607 interpretatus

205 1626 286 1665 est.
350 1624 407 1664 At
451 1625 497 1666 in
534 1625 724 1666 Kaibelii
775 1626 968 1679 imagine
1007 1628 1155 1680 primo
1204 1627 1304 1668 loco
1344 1629 1423 1669 ΛΟ
1461 1627 1619 1680 potius
1666 1638 1804 1680 quam
1849 1630 1889 1669 Μ
1935 1627 2187 1679 agnoveris.

203 1697 315 1737 Item
361 1697 471 1749 quid
513 1697 600 1738 sibi
644 1698 784 1740 velint
824 1698 1000 1740 litterae
1047 1700 1452 1742 ΘΥΦΑΔΙΑΒωΖΘ
1499 1700 1545 1740 in
1585 1699 1699 1741 collo
1741 1699 1863 1741 vasis
1901 1700 2187 1752 conspicuae,

204 1769 250 1809 in
301 1770 449 1811 medio
502 1769 848 1824 relinquendum
898 1774 978 1813 est.
1167 1775 1189 1812 3
1237 1771 1298 1814 Cf.
1344 1768 1590 1814 Βασιλισταί
1635 1783 1678 1813 n.
1708 1775 1805 1825 430,
1836 1775 1873 1813 6.
1934 1766 2188 1814 Ἀτταλισταί

204 1853 245 1883 n.
271 1845 367 1897 325,
394 1845 430 1884 4.
471 1847 567 1899 326,
591 1847 607 1884 4
636 1855 733 1898 sqq.

318 2042 427 2098 368
482 2048 672 2098 Tabula
708 2062 996 2099 marmorea.
1031 2050 1238 2099 inventa
1273 2049 1392 2099 Deli.
1457 2049 1545 2098 Ed.
1586 2050 1643 2099 A.
1671 2049 2188 2099 Hauvette-Besnault

209 2134 331 2183 Bull.
362 2134 424 2183 de
450 2147 578 2184 corr.
608 2135 732 2184 Hell.
761 2136 827 2185 VI
853 2133 892 2203 (4
909 2133 1029 2202 882)
1063 2152 1114 2203 p.
1144 2136 1245 2185 343
1286 2152 1334 2186 n.
1365 2133 1432 2185 57
1473 2135 1635 2202 (Syll.¹
1663 2136 1783 2186 254.
1850 2135 1941 2185 Th.
1964 2134 2189 2186 Reinach

208 2220 538 2272 Mithradates
587 2222 813 2288 Eupator
856 2238 906 2288 p.
938 2223 1039 2273 458
1079 2239 1128 2273 n.
1160 2223 1189 2272 5
1229 2238 1362 2273 vers,
1405 2222 1571 2273 Germ.
1644 2222 1731 2272 Ch.
1763 2222 1940 2272 Michel
1987 2223 2188 2272 Recueil

208 2303 410 2357 d'inscr.
443 2307 525 2358 Gr.
567 2324 617 2375 p.
650 2310 750 2358 844
791 2325 841 2360 n.
873 2307 1044 2377 4460).

351 2448 432 2502 Διὶ
481 2448 670 2521 Οὐρίωι
717 2450 839 2522 ὑπὲρ
879 2452 1144 2523 βα[σιλέως
1161 2452 1197 2522 1]
1244 2451 1249 2522 Ι
1299 2450 1633 2522 Μιθραδάτου
1678 2450 2000 2524 Εὐπάτορος2
2048 2451 2054 2522 Ι
2102 2450 2187 2504 καὶ

295 2549 320 2589 5
350 2540 438 2588 τοῦ
491 2537 712 2608 ἀδελφοῦ
769 2538 922 2591 αὐτοῦ
971 2538 977 2608 Ι
1027 2537 1362 2610 Μιθραδάτου
1408 2536 1680 2610 Χρηστοδ3
1722 2538 1739 2609 ΙΙ
1785 2536 1870 2592 καὶ
1914 2542 2011 2592 τῶν
2060 2559 2188 2610 πρα-

351 2621 550 2693 γμάτων
596 2622 603 2695 Ι
645 2624 821 2678 αὐτῶν.
1032 2636 1036 2641 ’

322 2784 514 2825 Litterae
556 2786 730 2827 ΑΘΠΣ.
899 2789 914 2825 4
968 2787 1121 2828 ΒΑ...Ι.
1289 2789 1313 2825 2
1355 2786 1635 2828 Mithridates
1663 2787 1701 2827 V
1731 2786 1933 2840 Eupator
1974 2787 2184 2839 (420-63

208 2867 246 2896 a.
275 2855 375 2897 Chr.
407 2855 479 2909 n.).
628 2861 650 2897 3
689 2857 842 2898 Frater
885 2859 996 2898 natu
1040 2859 1189 2899 minor
1225 2859 1495 2900 Mithridatis
1533 2859 1790 2913 Eupatoris‚
1842 2870 2040 2912 quocum
2081 2861 2187 2911 post

207 2927 420 2969 Laodices
461 2929 620 2970 matris
660 2929 1013 2970 dominationem
1052 2929 1298 2983 paullisper
1335 2942 1424 2971 una
1465 2942 1617 2971 rerum
1655 2932 1828 2984 potitus
1870 2941 1968 2972 esse
2008 2930 2188 2971 videtur

207 2999 419 3054 Eupator,
469 3001 578 3042 dum
624 3003 811 3055 propter
841 3002 1198 3043 coniurationem
1237 3005 1314 3043 aut
1355 3004 1678 3045 coniurationis
1724 3004 2032 3057 suspicionem
2079 3013 2185 3043 eum

206 3073 497 3115 interimeret.
548 3073 608 3115 Cf.
631 3075 840 3116 Memnon
865 3074 919 3116 de
941 3074 1110 3116 Heracl.
1135 3086 1204 3128 ap.
1223 3075 1433 3116 Photium
1454 3075 1565 3117 Bibl.
1584 3075 1685 3117 cod.
1704 3078 1784 3116 224
1818 3087 1861 3129 p.
1885 3078 1966 3115 230
1984 3073 2021 3128 b,
2046 3078 2061 3114 4
2087 3086 2185 3127 sqq.

209 3146 496 3201 φονικώτατος
528 3140 558 3186 δ’
596 3144 645 3188 ἐκ
674 3145 822 3193 παιδὸς
854 3145 876 3189 ὁ
908 3142 1178 3203 Μιθριδάτης
1207 3145 1283 3203 ἦν·
1315 3147 1393 3204 τὴν
1424 3146 1503 3205 γὰρ
1534 3145 1672 3205 ἀρχὴν
1702 3145 2076 3204 τρισκαιδεκαετὴς
2106 3161 2186 3188 πα-

208 3215 402 3273 ραλαβὼν
435 3212 520 3274 μετ’
543 3216 591 3260 οὐ
613 3216 721 3260 πολὺ
753 3217 831 3274 τὴν
864 3218 1040 3277 μητέρα,
1070 3218 1271 3262 κοινωνὸν
1294 3217 1408 3277 αὐτῷ
1437 3219 1553 3278 παρὰ
1580 3222 1655 3262 τοῦ
1677 3218 1834 3277 πατρὸς
1863 3224 1941 3276 τῆς
1974 3216 2186 3275 βασιλείας

205 3287 578 3348 καταλειφθεῖσαν,
610 3289 884 3350 δεσμωτηρίῳ
914 3291 1140 3350 κατασχὼν
1174 3288 1244 3348 βίᾳ
1272 3289 1346 3333 καὶ
1365 3290 1507 3349 χρόνῳ
1538 3290 1829 3347 κατανάλωσε,
1859 3290 1932 3334 καὶ
1960 3290 2030 3333 τὸν
2062 3288 2185 3331 ἀδελ-

207 3360 284 3416 φὸν
317 3359 549 3404 ἀπέκτεινε.
599 3362 787 3416 Appian.
821 3364 972 3406 Mithr.
1001 3367 1083 3405 442
1117 3362 1287 3421 φονικὸς
1320 3362 1366 3404 δὲ
1396 3363 1469 3405 καὶ
1495 3363 1613 3419 ὠμὸς
1643 3362 1687 3411 ἐς
1717 3362 1877 3411 πάντας
1906 3363 1973 3420 ἦν,
2003 3362 2076 3404 καὶ
2106 3361 2184 3418 τὴν

210 3431 372 3488 μητέρα
403 3432 561 3476 ἔκτεινε
590 3433 664 3476 καὶ
691 3434 762 3478 τὸν
795 3433 979 3493 ἀδελφὸν
1010 3434 1083 3478 καὶ
1111 3441 1196 3477 τῶν
1224 3433 1386 3477 παίδων
1417 3439 1530 3493 τρεῖς
1553 3435 1671 3483 υἱοὺς
1691 3434 1764 3478 καὶ
1793 3439 1906 3492 τρεῖς
1938 3433 2183 3493 θυγατέρας.

207 3503 269 3545 Cf.
293 3505 368 3546 Th.
390 3506 585 3548 Reinach
604 3508 898 3550 Mithradates
920 3508 1121 3561 Eupator
1149 3519 1192 3562 p.
1218 3510 1268 3549 46
1302 3508 1369 3549 ed.
1393 3509 1555 3563 Germ,
1587 3510 1666 3562 qui
1695 3509 1816 3549 hunc
1836 3509 2020 3549 titulum
2053 3508 2184 3548 item-

208 3587 297 3628 que
341 3589 382 3617 n.
422 3582 501 3619 369
549 3581 710 3632 exiguo
757 3580 834 3621 illo
882 3581 1029 3634 spatIo
1077 3581 1242 3621 incisos
1290 3579 1564 3635 observavit,
1616 3593 1697 3634 per
1737 3580 1861 3634 quod
1904 3580 2183 3622 Mithridates

209 3649 352 3688 matre
383 3650 572 3702 imperio
605 3654 738 3692 exuta
769 3653 895 3693 fratri
925 3654 1162 3694 etiamtum
1194 3653 1472 3706 pepercisset
1504 3655 1553 3706 (a.
1582 3657 1653 3694 444
1685 3666 1722 3695 a.
1746 3653 1846 3694 Chr.
1870 3653 1939 3705 n.).
1999 3652 2112 3693 Nam
2146 3653 2184 3692 si
