2314 3970
196 189 300 238 646
646 188 736 228 Vll.
780 188 927 239 Regna
958 186 1272 227 Arsacidarum
1306 189 1350 227 et
1381 187 1711 229 Sasanidarum.
2021 189 2177 240 [433-

194 361 332 415 (quod
362 373 417 402 ne
447 362 598 414 ipsum
630 359 814 412 quidem
848 360 893 399 in
915 358 1203 401 Hormisdam
1234 359 1394 401 cadere
1424 361 1606 413 poterat
1635 372 1688 402 eo
1720 362 1925 415 tempore
1948 374 2040 415 quo
2067 374 2178 405 avus

193 434 461 475 Artaxerxes
493 432 728 472 etiamtum
764 432 880 472 inter
910 432 1039 472 vivos
1071 430 1195 484 erat),
1235 428 1333 474 θεόν
1366 442 1474 473 vero
1507 430 1616 487 (hay,
1649 434 1740 474 not.
1765 433 1803 485 5)
1842 435 2068 476 neminem
2101 447 2178 488 ap·
2244 427 2245 430 ¹

193 506 410 559 pellatum
441 504 527 544 nisi
559 504 639 556 qui
670 515 718 543 re
750 514 857 544 vera
887 505 1107 555 regnaret.
1154 503 1311 556 Neque
1343 504 1527 546 omnino
1559 504 1773 546 credibile
1803 516 1902 547 esse
1933 507 2178 561 hominem,

195 578 269 618 cui
301 576 387 617 tale
419 574 618 617 officium
651 587 676 616 a
707 586 810 627 rege
842 575 1147 629 mandaretur,
1187 576 1308 616 tanta
1342 575 1606 629 stupiditate
1638 576 1777 619 fuisse
1807 579 1859 619 ut
1888 579 1980 619 tam
2013 578 2178 619 ridicu·
2255 600 2257 603 ·

195 650 289 689 lum
321 658 523 690 errorem
555 648 875 688 committeret.

302 905 416 959 434
468 908 828 976 Anaglyphum
873 910 989 976 rupi
1034 911 1248 959 incisum
1294 910 1346 958 in
1390 911 1501 959 loco
1540 906 2052 978 Nalaech-i-Radjab‚
2100 928 2182 962 re-

193 998 528 1062 praesentans
568 997 787 1062 equitem
834 1001 882 1046 et
918 1001 1037 1062 post
1075 1012 1189 1046 eum
1228 997 1399 1062 plures
1437 996 1575 1046 viros
1612 997 1824 1062 pedites.
1899 999 2025 1064 Equi
2062 1014 2181 1064 pec-

192 1083 292 1131 tori
317 1082 546 1148 inscripti
579 1083 723 1147 tituli,
759 1083 1022 1149 superiore
1047 1084 1158 1132 loco
1186 1097 1421 1132 sermone
1447 1087 1497 1133 et
1522 1083 1774 1149 scriptura
1801 1098 1932 1149 quae
1953 1081 2184 1135 Pahlavi

190 1169 364 1218 vocari
402 1170 531 1219 solet
569 1173 859 1235 concethS‚
909 1169 1150 1230 inferiore
1189 1168 1412 1219 Graecus
1451 1173 1693 1235 quattuor
1729 1185 1988 1220 versuum.
2054 1171 2176 1221 Edd.

194 1254 244 1304 C.
276 1254 503 1304 Niebuhr
540 1256 651 1304 Itin.
691 1255 840 1304 Arah.
882 1257 925 1304 ΙΙ
970 1271 1020 1322 p.
1048 1256 1146 1305 453
1186 1256 1291 1304 tab.
1326 1256 1504 1307 XXVII
1522 1253 1571 1306 h.
1649 1257 1849 1321 Morier,
1897 1271 1928 1305 a
1959 1256 2181 1323 journey
2259 1278 2261 1282 ·

190 1341 415 1406 through
441 1342 615 1391 Persia
640 1345 754 1391 cett.
786 1358 835 1408 p.
869 1340 970 1391 457
1010 1340 1268 1410 (Silvestre
1302 1343 1364 1393 de
1391 1343 1522 1409 Sacy
1549 1344 1814 1394 Memoires
1841 1359 1930 1394 sur
1956 1345 2181 1395 diverses

192 1428 463 1493 antiquitas
491 1429 627 1477 dela
651 1429 806 1479 Perse
842 1444 892 1494 p.
924 1429 980 1477 34
1029 1429 1133 1479 tab.
1162 1429 1243 1478 ΙΑ
1281 1444 1328 1478 n.
1363 1429 1516 1478 4-4,
1594 1430 1723 1479 Hick
1760 1431 1955 1481 Veteris
1989 1432 2180 1481 Mediae

193 1517 242 1563 et
267 1514 470 1563 Persiae
495 1519 828 1565 monumenta
851 1531 901 1581 p.
922 1515 987 1565 50
1010 1512 1158 1582 sqq).
1216 1515 1392 1566 Denuo
1424 1517 1739 1582 exscriptum
1766 1518 1842 1567 ed.
1874 1518 1974 1566 Ker
1999 1518 2181 1568 Porter

190 1601 301 1650 Itin.
342 1599 522 1666 Georg.
559 1603 699 1652 Pers.
741 1607 833 1652 cet.
869 1603 976 1653 Vol.
1017 1603 1038 1651 I
1081 1618 1130 1669 p.
1164 1600 1266 1653 572
1291 1618 1399 1669 sqq.
1451 1600 1509 1671 (J.
1539 1604 1702 1653 Franz
1743 1603 1793 1654 C.
1830 1605 1867 1654 Ι.
1906 1604 1961 1654 G.
2003 1602 2176 1672 4676).

190 1688 470 1752 Imaginem
513 1688 922 1755 photographica
970 1693 1080 1739 arte
1129 1689 1359 1740 effectam
1407 1691 1678 1756 proposuit
1714 1691 1767 1740 F.
1798 1691 1964 1742 Stolze
2001 1692 2182 1742 Perse-

190 1774 320 1840 polis
354 1775 397 1822 II
433 1775 535 1824 tab.
569 1775 686 1824 403.
753 1775 824 1825 Cf.
867 1791 998 1842 quae
1036 1777 1428 1842 disputaverunt
1465 1777 1555 1826 Th.
1578 1777 1802 1828 Noldeke
1839 1792 1921 1844 ap.
1961 1779 2181 1828 Bezzen-

190 1861 373 1925 berger
409 1862 559 1911 Beitr.
601 1877 693 1911 zur
730 1863 910 1913 Kunde
948 1864 1038 1914 der
1074 1864 1243 1929 indog.
1286 1864 1400 1930 Spr.
1441 1865 1507 1915 IV
1548 1862 1685 1913 4878
1724 1880 1775 1930 p.
1807 1865 1872 1914 60
1911 1868 2018 1915 not.
2060 1866 2089 1914 4
2131 1867 2182 1915 et

192 1948 258 1997 ad
284 1948 485 1997 Tabarii
511 1949 798 1998 versionem
836 1965 887 2015 p.
922 1950 986 1998 48
1026 1953 1128 1999 not.
1162 1950 1181 1998 4
1232 1953 1281 2000 et
1319 1951 1458 2016 apud
1484 1951 1650 2000 Stolze
1673 1951 1960 2017 Persepolis
1986 1952 2030 2002 II
2053 1968 2103 2018 p.
2129 1952 2176 2001 3.

191 2034 244 2083 E.
264 2035 457 2084 Drouin
483 2035 656 2086 Revue
684 2036 1073 2102 archeologique
1094 2037 1370 2088 Troisieme
1390 2037 1519 2087 serie
1539 2038 1722 2086 XXXII
1745 2037 1882 2087 4898
1899 2054 1950 2105 p.
1977 2036 2043 2087 77
2066 2054 2175 2104 sqq.

334 2173 402 2227 Τὸ
451 2177 750 2247 πρόσωπον1
795 2181 940 2230 τοῦτο
991 2176 1342 2232 Μαετδοίσνου2
1386 2179 1509 2231 θεοῦ
1560 2178 1566 2250 Ι
1613 2178 1947 2250 Σαπώ[ρ]ου3,
1997 2180 2180 2251 [β]ασι-

335 2262 462 2322 λέως
541 2265 787 2333 βασιλέων
869 2261 1108 2336 Ἀριανῶν
1186 2266 1192 2336 Ι
1269 2265 1356 2319 καὶ
1425 2262 1767 2337 Ἀναριανῶν4
1840 2268 1896 2320 ἐκ
1968 2267 2179 2337 γ[έ]νους

304 2423 499 2465 Litterae
531 2422 797 2473 ΘΘΞΠΟω.
859 2426 1020 2467 Lineae
1051 2437 1168 2478 quae
1198 2427 1349 2467 rectae
1379 2436 1478 2468 esse
1511 2425 1738 2468 debebant
1777 2427 1852 2468 hic
1882 2427 1973 2468 illic
2002 2426 2181 2480 paullu-
2267 2424 2269 2427 ’

189 2495 286 2536 lum
307 2496 510 2550 inflexae,
541 2498 593 2537 ut
626 2495 800 2542 ΑΛΠ.
939 2501 954 2538 4
997 2497 1057 2539 Cf.
1080 2510 1121 2539 n.
1140 2498 1264 2539 4321.
1403 2502 1427 2538 2
1468 2498 1528 2540 Cf.
1552 2510 1594 2539 n.
1620 2497 1740 2540 4322.
1881 2502 1903 2538 3
1949 2499 2180 2552 Saporesl
2269 2552 2271 2554 η

191 2567 432 2618 (242-272
464 2579 507 2621 p.
539 2569 638 2610 Chr.
670 2581 725 2622 n.‚
765 2569 818 2611 cf.
857 2569 1059 2612 Ndldeke
1097 2568 1260 2612 Tabari
1297 2582 1338 2623 p.
1371 2570 1597 2624 4⁴2sqq.).
1659 2570 1838 2613 Nomen
1879 2581 1933 2612 eo
1972 2572 2180 2624 tempore

191 2651 282 2691 quo
313 2640 424 2681 haec
452 2641 595 2682 incisa
633 2646 739 2683 sunt
776 2642 899 2694 apud
930 2643 1087 2684 Persas
1120 2622 1338 2697 sakpuhr
1367 2643 1572 2694 sonabat,
1612 2654 1729 2696 quae
1767 2654 1858 2685 vox
1895 2654 1951 2684 ex
1992 2644 2179 2696 antiquo

190 2706 690 2768 Klzs'ayathzjja-puthra
719 2715 951 2756 contracta
981 2714 1124 2755 filium
1156 2716 1273 2768 regis
1306 2715 1601 2767 significabat.
1661 2715 1887 2757 Romanos
1919 2716 2181 2757 constanter

192 2780 341 2838 Sapor
370 2785 442 2827 vel
474 2781 668 2840 Sapores
699 2786 912 2839 scribere,
955 2786 1149 2828 Graecos
1187 2788 1460 2840 plerumque
1491 2787 1677 2840 quidem
1715 2788 1826 2828 item
1858 2783 2070 2842 Σαπώρης
2101 2788 2179 2828 ha-

191 2855 311 2910 bere,
351 2857 430 2898 sed
473 2858 609 2899 etiam
643 2859 917 2912 scripturam
958 2870 1039 2911 per
1089 2859 1284 2900 mediam
1333 2857 1442 2917 βῆτα
1483 2855 1665 2918 (Σαβώρ,
1706 2855 1928 2915 Σαβώρης,
1967 2855 2178 2915 Σαβόρης)

190 2928 310 2969 haud
343 2941 446 2970 raro
479 2940 732 2984 occurrere,
772 2931 817 2972 in
848 2930 975 2972 libris
1008 2931 1283 2972 Talmudicis
1315 2943 1426 2972 vero
1468 2933 1512 2972 et
1543 2932 1646 2973 inde
1677 2943 1703 2973 a
1733 2933 1896 2984 quarto
1927 2942 1971 2984 p.
2002 2931 2104 2973 Chr.
2135 2943 2176 2973 n.

190 3001 398 3043 saeculos
431 3002 552 3055 apud
578 3003 718 3056 Syros
749 3004 995 3056 scriptores
1027 3004 1210 3045 omnino
1241 3003 1411 3045 nullam
1444 3004 1578 3046 aliam
1609 3004 1803 3046 inveniri
1834 3003 2040 3057 formam,
2072 3014 2178 3044 cum

191 3073 368 3114 Persica
406 3073 558 3126 lingua
595 3075 821 3116 recentior
859 3076 906 3115 in
937 3076 1026 3116 hoc
1054 3075 1239 3128 quidem
1271 3077 1457 3116 nomine
1493 3077 1724 3128 antiquam
1755 3077 1936 3117 tenuem
1974 3076 2177 3129 retineat,

192 3144 407 3186 observat
443 3145 655 3188 No'ldeke.
716 3147 780 3188 De
827 3148 912 3188 hac
951 3147 1157 3188 tenuium
1196 3149 1241 3188 et
1282 3148 1533 3189 mediarum
1575 3148 1888 3190 vicissitudine
1926 3147 2031 3189 vide
2061 3158 2178 3200 quae

191 3216 405 3258 adnotavi
447 3229 488 3259 n.
523 3217 598 3271 49;
650 3218 705 3260 de
753 3220 937 3272 Saporis
981 3220 1163 3260 nomine
1204 3219 1257 3261 cf.
1300 3221 1434 3261 etiam
1475 3221 1517 3261 F.
1540 3221 1657 3262 Justi
1695 3221 1946 3261 lranisches
1985 3219 2177 3262 Namen-

192 3288 314 3329 buch
343 3300 386 3342 p.
411 3291 508 3330 284.
657 3293 680 3331 4
721 3290 834 3332 Cum
866 3291 1136 3333 Artaxerxes
1167 3293 1185 3332 Ι
1226 3293 1271 3332 et
1301 3292 1374 3332 hic
1405 3304 1448 3333 v.
1483 3295 1522 3334 4.
1554 3295 1577 3333 5
1620 3294 1666 3333 et
1705 3304 1747 3334 n.
1778 3294 1877 3346 432,
1908 3296 1946 3332 2.
1981 3296 2002 3331 3
2044 3291 2176 3332 titulo

195 3357 400 3414 βασιλέως
433 3358 642 3416 βασιλέων
673 3356 867 3417 Ἀριανῶν
899 3365 1139 3404 contentus
1169 3363 1316 3416 fuerit,
1349 3364 1550 3416 itemque
1571 3365 1617 3405 in
1642 3365 1842 3406 nummis
1873 3364 2018 3416 ipsius
2039 3364 2177 3416 Sapo-

193 3431 254 3472 ris
285 3433 302 3471 I
341 3432 578 3474 Pahlavica
617 3434 767 3486 lingua
804 3433 994 3477 mallodn
1032 3433 1187 3478 malleat
1222 3433 1378 3477 Airdn
1414 3437 1636 3489 scriptum
1676 3438 1747 3489 sit,
1798 3447 1887 3477 non
1925 3435 2064 3477 modo
2103 3435 2176 3476 hic

193 3502 372 3544 additur
402 3502 474 3545 καὶ
504 3500 767 3560 Ἀναριανῶν,
801 3507 880 3547 sed
911 3508 1019 3548 item
1051 3508 1096 3548 in
1129 3507 1313 3548 duobus
1335 3507 1542 3549 barbaris
1573 3508 1776 3549 eiusdem
1798 3507 1919 3549 tituli
1949 3507 2176 3560 exempla·

193 3573 320 3615 ribus
350 3574 540 3618 malkcisn
567 3575 722 3620 malleat
741 3575 898 3621 Aircm
925 3591 973 3621 ve
993 3577 1182 3621 Antrum
1211 3590 1359 3633 neque
1391 3580 1520 3621 aliter
1549 3581 1594 3620 in
1626 3580 1757 3621 titulo
1788 3581 1968 3633 reperto
1999 3580 2044 3620 in
2076 3579 2174 3619 loco

194 3646 272 3697 qui
293 3646 428 3687 hodie
449 3646 744 3704 Hctdji-a‘bdd
771 3650 1036 3703 appellatur.
1083 3652 1269 3692 Drouin.
1320 3651 1383 3692 Ac
1403 3650 1604 3694 Noldeke
1625 3652 1809 3705 quidem
1831 3652 1918 3692 hoc
1938 3650 2174 3692 titulorum
