2314 3970
138 230 238 286 490]
613 231 898 273 Ptolemaeus
927 231 1028 273 XIII
1059 231 1233 284 (80-54
1264 244 1302 275 a.
1325 231 1426 274 Chr.
1448 231 1518 284 n.).
2002 231 2101 281 271

135 415 278 447 annus
308 406 377 446 est
409 407 460 445 57
484 416 522 445 a.
545 404 646 445 Chr.
668 416 726 458 n.,
759 405 846 446 hoc
875 406 1149 447 rettulerunt
1178 406 1315 447 Franz
1348 407 1392 446 et
1421 405 1652 458 Wescher,
1694 414 1840 456 neque
1871 403 2109 444 dissentire

135 477 292 531 audeo,
332 477 440 529 quia
477 486 635 518 omnes
675 477 838 530 reliqui
876 477 1078 519 eiusdem
1110 478 1284 530 generis
1316 479 1361 518 et
1399 477 1602 518 eiusdem
1639 476 1727 518 loci
1757 475 1877 517 tituli
1917 475 1974 516 ad
2011 476 2109 516 eius

133 551 324 591 aetatem
357 550 575 601 spectant.
636 549 723 590 Sed
751 561 840 591 non
872 549 1006 591 debet
1036 550 1212 591 silentio
1243 549 1426 591 transiri
1457 548 1710 602 difficultas,
1749 549 1878 589 cuius
1909 547 1973 588 illi
2004 558 2110 588 sane

133 622 410 663 mentionem
441 632 530 662 non
561 620 775 663 fecerunt.
836 622 1042 675 Namque
1082 633 1199 663 anno
1233 625 1285 662 57
1319 633 1357 662 a.
1381 621 1480 663 Chr.
1514 622 1797 663 Ptolemaeus
1837 620 1941 662 exul
1983 621 2109 660 ext-ra

131 693 387 747 Aegyptum
417 692 700 748 versabatur,
732 694 946 747 regnabat
977 706 1085 735 vero
1118 694 1214 734 eius
1245 693 1347 735 filia.
1410 694 1522 735 Sane
1553 695 1688 735 etiam
1720 694 1765 734 in
1799 692 1956 747 oppidi
1985 689 2112 746 Edfu

130 766 301 820 templo
331 767 379 807 in
408 765 540 807 titulo
573 766 732 807 eodem
764 778 881 808 anno
914 767 1055 808 inciso
1086 766 1194 806 item
1227 765 1469 806 Ptolemaei
1502 766 1606 806 anni
1636 766 1934 807 numerantur
1963 765 2110 817 negle-

131 839 279 891 gentia
321 838 534 892 quadam,
585 850 722 891 quam
764 840 899 880 etiam
944 839 1018 879 hic
1057 839 1215 879 notare
1253 837 1485 878 debemus.
1548 837 1677 886 Quod
1719 839 1756 878 si
1795 837 1941 879 facere
1981 837 2109 891 nolis,

129 921 248 952 unus
279 922 335 952 ex
359 910 584 952 inferioris
615 912 777 953 aetatis
799 911 1079 964 Ptolemaeis,
1110 911 1156 951 in
1177 921 1314 963 quem
1346 910 1430 951 hae
1460 910 1680 963 temporis
1710 912 1845 951 notae
1874 909 2109 964 quadrent,

131 983 416 1024 Ptolemaeus
455 983 516 1023 XI
559 982 811 1024 Alexander
847 984 866 1023 I
911 984 992 1037 est,
1038 982 1168 1024 cqus
1219 983 1406 1034 quintus
1457 984 1502 1022 et
1547 982 1796 1034 vigesimus
1849 993 1992 1023 annus
2042 983 2111 1023 est

132 1059 183 1096 89
215 1067 254 1097 a.
277 1055 377 1096 Chr.
400 1066 441 1096 n.
502 1055 599 1096 Diei
635 1057 740 1098 nota
771 1056 816 1097 in
846 1055 994 1109 Lepsii
1027 1055 1326 1096 delineatione
1367 1041 1436 1124 Κᾴ
1477 1056 1558 1108 est,
1605 1054 1755 1108 lapide
1794 1065 1875 1107 per
1913 1054 2107 1095 mediam

130 1127 325 1169 lItteram
355 1127 497 1170 fracto
527 1130 580 1169 ut
608 1130 768 1170 utrum
800 1131 836 1169 Θ
867 1139 923 1170 an
956 1129 996 1170 Θ
1027 1127 1162 1169 fuerit
1191 1138 1282 1168 non
1314 1126 1592 1180 dispiciatur.

239 1443 349 1500 189
405 1446 577 1498 Philis.
642 1448 829 1498 Postea
873 1446 1037 1497 eidem
1081 1447 1311 1513 planicici
1354 1461 1484 1513 quae
1527 1446 1623 1496 has
1659 1446 1854 1497 litteras
1891 1445 2113 1496 habebat

129 1534 316 1585 incisus
354 1537 432 1585 est
467 1535 641 1585 titulus
680 1535 942 1601 recentior,
995 1549 1095 1600 quo
1133 1533 1262 1584 haec
1299 1534 1552 1600 scriptura
1600 1535 1672 1583 ita
1710 1534 1980 1583 obscurata
2017 1536 2109 1599 est,

127 1626 186 1672 ut
221 1636 253 1671 a
277 1621 554 1672 Weschero
593 1622 800 1672 demum
837 1622 1214 1688 observaretur,
1255 1622 1342 1687 qui
1380 1621 1535 1671 edidit
1563 1620 1801 1687 Comptes
1840 1621 2029 1671 rendus
2067 1621 2112 1670 le

127 1704 419 1759 l'academie
457 1709 545 1760 des
583 1710 733 1759 inser.
762 1710 849 1760 VII
887 1707 1064 1777 (4874)
1102 1725 1153 1775 p.
1183 1706 1303 1759 287.

272 1863 517 1937 Τρύφων1
563 1867 589 1918 ὁ
635 1862 774 1936 παρὰ
813 1863 1110 1936 Κάστοροςῖ
1149 1863 1156 1936 Ι
1196 1868 1282 1918 τοῦ
1332 1866 1629 1935 σογγενοῦς3
1672 1862 1758 1917 καὶ
1801 1862 1923 1936 πρὸς
1968 1865 2060 1918 τῶι
2100 1862 2107 1935 Ι

275 1952 408 2006 ἰδίωι
452 1953 641 2023 λόγωι4
689 1951 774 2005 καὶ
824 1953 1089 2023 οἰκονόμου
1141 1951 1264 2022 roffi]
1314 1950 1320 2022 Ι
1372 1951 1649 2023 βασιλέωςῦ
1693 1954 1803 2023 ἥκω
1850 1949 1972 2022 πρὸς
2021 1950 2109 2022 τὴν

214 2053 240 2094 5
268 2036 457 2111 κυΙΙρίαν
494 2032 618 2093 Ἶσιν
664 2037 751 2093 καὶ
796 2038 1075 2110 πεποίημαι
1121 2037 1175 2093 τὸ
1227 2037 1571 2111 προσΙκύνημα
1617 2041 1712 2092 τῶν
1760 2039 1978 2110 γονέων6
2023 2036 2111 2091 καὶ

270 2129 367 2179 τῶν
416 2125 423 2197 Ι
474 2125 706 2199 ἀδελφῶν
754 2124 840 2180 καὶ
884 2129 981 2180 τῶν
1029 2125 1183 2198 φίλων
1227 2126 1233 2197 Ι
1275 2125 1377 2196 [καὶ
1427 2126 1542 2196 τῶ]ν
1583 2126 1875 2198 συνεφήβων
1919 2125 1924 2195 Ι
1972 2121 2110 2178 Ι-κε’

274 2211 454 2284 ΠαῦνΙὶ
486 2209 558 2266 κε’
575 2214 627 2283 ⁷].

241 2417 435 2458 Litterae
466 2418 823 2465 AAeAncm.
1001 2419 1016 2456 4
1058 2415 1119 2457 Cf.
1154 2418 1250 2469 488,
1274 2419 1312 2456 7.
1489 2419 1513 2456 2
1555 2415 1616 2457 Cf.
1651 2419 1747 2469 488,
1772 2419 1810 2457 4.
1980 2418 2002 2455 3
2046 2414 2107 2456 Cf.

128 2500 170 2529 n.
192 2488 287 2529 991.
322 2487 443 2530 4042,
593 2491 615 2530 Ιι
659 2488 720 2531 Cf.
752 2501 795 2530 n.
819 2485 944 2530 ⁴882.
1093 2492 1115 2529 5
1157 2487 1218 2529 Cf.
1250 2498 1292 2529 n.
1317 2486 1439 2529 4883.
1589 2492 1612 2529 6
1657 2487 1831 2540 Nempe
1859 2491 1944 2528 τῶν
1979 2484 2109 2540 ἐμῶν.

126 2559 240 2602 Nam
283 2571 389 2602 cum
429 2560 693 2603 mandatum
733 2562 975 2602 exsecutus
1014 2562 1135 2602 esset
1176 2561 1222 2601 et
1262 2559 1463 2602 Castoris
1506 2560 1819 2602 adorationem
1858 2571 1898 2600 n.
1926 2562 2004 2600 488
2045 2560 2109 2600 in-

129 2632 405 2687 sculpsisset,
437 2633 523 2675 hac
554 2634 790 2675 occasione
821 2644 933 2675 usus
964 2633 1124 2674 eodem
1155 2643 1309 2674 mense
1341 2634 1477 2686 atque
1499 2635 1551 2673 ut
1571 2633 1754 2686 quidem
1776 2631 2011 2686 probabile
2042 2633 2111 2673 est

128 2705 287 2747 eodem
309 2705 381 2746 die
403 2705 459 2758 (v.
484 2705 521 2758 9)
545 2707 679 2747 etiam
704 2717 891 2748 suorum
918 2707 1173 2759 parentum,
1197 2703 1399 2759 fratrum,
1433 2706 1699 2759 amicorum,
1732 2704 2109 2758 synephoborum

128 2778 311 2819 nomine
348 2777 479 2819 deam
518 2778 724 2820 adoravit
762 2779 954 2831 elusque
991 2778 1057 2819 rei
1088 2779 1435 2819 monumentum
1466 2778 1547 2819 has
1579 2778 1752 2819 litteras
1783 2778 1922 2831 lapidi
1953 2777 2110 2830 templi

129 2849 300 2891 incidit.
449 2853 471 2890 7
515 2850 575 2891 Cf.
608 2863 649 2892 n.
673 2854 754 2892 488
767 2851 797 2892 ⁷.

238 3163 352 3219 190
406 3169 462 3217 In
499 3169 663 3218 insula
699 3167 854 3219 Philis
892 3171 943 3219 in
980 3172 1171 3237 templo
1209 3185 1412 3235 magne.
1478 3170 1609 3220 Satis
1654 3171 1951 3219 lacunosum
1987 3169 2108 3218 titu-

129 3254 233 3304 lum
277 3254 506 3305 exhibuit
556 3255 666 3305 Gau
712 3256 934 3307 Menum.
975 3259 1103 3308 Nub.
1145 3258 1213 3307 XI
1260 3273 1308 3307 n.
1342 3257 1405 3306 40
1454 3254 1723 3323 (Letronne
1769 3256 1975 3305 Journal
2020 3255 2108 3304 des

88 3378 91 3381 ι
132 3346 338 3392 savants
380 3341 514 3393 4827
553 3359 603 3409 p.
635 3342 754 3393 620.
817 3345 860 3394 J.
887 3344 1051 3394 Franz
1102 3344 1151 3395 C.
1190 3346 1224 3394 I.
1264 3344 1320 3394 G.
1363 3342 1536 3409 4905).
1608 3342 1845 3392 Adhibito
1883 3342 2109 3408 pleniore

131 3426 455 3478 Lenormanti
501 3429 799 3495 apographo
839 3431 1091 3481 Letronne
1130 3432 1332 3481 Reeueil
1370 3430 1458 3479 des
1496 3430 1645 3479 inscr.
1687 3429 1770 3479 Gr.
1811 3433 1861 3478 et
1898 3430 2005 3477 Lat.
2048 3430 2109 3478 de

131 3501 360 3580 I’Egypte
385 3515 429 3563 Π
461 3530 511 3581 p.
534 3515 589 3564 44
635 3531 683 3565 n.
710 3516 922 3567 LXXIII.
963 3534 1014 3584 p.
1036 3518 1100 3566 44
1136 3533 1185 3568 n.
1205 3517 1416 3566 LXXIV.
1481 3516 1776 3565 Plenissime
1815 3519 1865 3565 et
1901 3529 2109 3565 accura-

131 3601 321 3651 tissime
347 3601 398 3651 C.
418 3602 663 3652 Wescher
688 3603 926 3670 Comptes
952 3606 1139 3655 rendus
1172 3606 1234 3654 de
1262 3602 1553 3654 l’academie
1581 3603 1668 3652 des
1688 3604 1939 3654 inscr.VII
1969 3601 2096 3651 4874

133 3702 181 3751 p.
203 3688 304 3738 285
341 3688 420 3755 (M
439 3691 491 3740 L.
509 3691 687 3740 Strack
726 3691 814 3740 Die
840 3692 1082 3756 Dynastie
1123 3693 1213 3741 der
1239 3692 1523 3740 Ptolemaer
1560 3706 1609 3755 p.
1642 3689 1742 3739 270
1784 3689 1847 3738 ad
1888 3705 1934 3738 n.
1969 3687 2104 3752 452).
