2314 3970
235 195 338 247 592
659 198 726 238 VI.
774 197 919 248 Regna
952 197 1113 237 Asiana
1143 197 1333 237 minora.
1394 199 1432 237 7.
1466 196 1778 249 Commagene.
2106 198 2201 251 [383

235 374 479 423 cacumini
516 372 784 437 impositus
823 373 873 421 et
910 371 973 420 ab
1013 371 1238 421 orientali
1282 375 1331 420 et
1369 371 1431 420 ab
1471 373 1763 422 occidentali
1801 376 1946 439 parte
1985 374 2206 438 singulas

232 461 468 526 planicies
508 473 690 508 saxeas
728 459 1006 523 laevigatas
1042 458 1214 525 habet,
1255 473 1469 524 quarum
1496 460 1547 508 in
1584 462 1800 525 utraque
1836 461 1952 510 olim
1979 461 2204 525 ingentes

232 550 428 595 statuae
466 560 711 611 novenae,
753 548 895 610 tergo
935 546 1000 594 ad
1038 547 1286 595 tumulum
1327 561 1620 613 conversae,
1668 547 1897 610 stabant,
1949 552 2204 597 extremae

231 634 293 681 ab
331 636 547 698 utraque
583 633 846 698 utriusque
873 633 1061 682 ordinis
1099 637 1246 699 parte
1274 634 1452 698 singuli
1491 636 1660 683 leones
1700 638 1749 684 et
1786 635 1998 701 aquilae,
2038 636 2205 685 medio

228 721 358 769 inter
405 735 492 770 eos
537 721 647 770 loco
686 721 869 786 quinae
917 719 1109 784 figurae
1146 719 1399 771 humanae
1437 721 1487 769 in
1527 721 1658 771 sellis
1708 722 1957 788 sedenteS,
2009 723 2206 772 medius
2281 722 2291 728 ’

227 807 455 872 Iuppiter
481 806 804 873 Oromasdes,
844 822 875 856 a
914 808 1095 857 dextra
1119 806 1330 857 Mithras
1370 809 1420 857 et
1443 808 1707 875 Artagnes,
1748 823 1779 857 a
1816 809 2019 859 sinistra
2058 808 2206 859 Com-

226 908 438 959 magene
494 897 544 944 et
599 910 692 944 rex
746 893 1040 944 Antiochus.
1118 895 1194 944 Ex
1250 894 1432 960 quibus
1490 910 1620 961 quae
1675 896 1727 944 in
1783 897 2013 946 orientali
2060 900 2207 962 parte

225 980 444 1047 fuerunt,
474 982 760 1032 etiamnunc
786 984 988 1031 exstant
1013 983 1108 1032 etsi
1132 982 1462 1032 multifariam
1493 984 1676 1048 laesae,
1705 984 1795 1033 sed
1821 984 2206 1034 occidentalium

225 1068 424 1118 illarum
469 1083 571 1118 non
621 1070 982 1135 repperiuntur
1018 1070 1114 1119 nisi
1163 1070 1420 1136 relliquiae
1456 1070 1595 1120 haud
1644 1085 1851 1137 paucae.
1938 1072 2065 1121 Ante
2113 1070 2207 1120 has
2284 1102 2288 1105 -

226 1159 419 1204 statuas
457 1156 571 1222 ipsa
607 1156 846 1222 planicies
875 1157 1129 1207 orientalis
1158 1157 1362 1223 quidem
1399 1172 1431 1206 a
1455 1158 1663 1207 meridie
1702 1162 1751 1207 et
1788 1172 1818 1207 a
1845 1157 2203 1223 septentrione,

226 1243 548 1292 occidentalis
586 1258 710 1293 vero
756 1258 788 1293 a
825 1244 1034 1293 meridie
1073 1248 1123 1294 et
1160 1245 1420 1294 occidente
1458 1244 1701 1295 humilem
1738 1260 1943 1294 murum
1981 1260 2045 1294 ex
2080 1245 2207 1310 lapi-
2288 1283 2289 1288 ,

224 1330 370 1379 dibus
419 1331 681 1395 quadratis
729 1332 952 1381 calcariis
990 1331 1161 1397 hahet,
1215 1333 1356 1382 cuius
1395 1332 1682 1398 superficiei
1719 1333 1877 1382 incisa
1914 1337 2033 1382 sunt
2069 1333 2207 1381 fora·
2284 1356 2291 1376 ⁴

224 1417 361 1466 mina
398 1418 580 1483 quibus
619 1419 738 1468 olim
774 1419 1033 1468 immissae
1079 1422 1225 1469 erant
1270 1421 1424 1470 stelae
1470 1421 1651 1486 lapidis
1691 1421 1936 1469 arenacei.
2014 1420 2091 1469 Ex
2126 1419 2207 1468 his
2283 1439 2286 1488 j

224 1505 360 1554 stelis
398 1504 538 1555 haud
574 1520 770 1572 paucae
793 1507 937 1556 iuxta
961 1507 1101 1573 ipsas
1125 1507 1259 1556 muri
1285 1509 1476 1573 parteS,
1505 1507 1687 1573 quibus
1725 1508 1945 1557 insertae
1983 1506 2202 1572 fuerunt,
2282 1504 2293 1533 ’ἴ

223 1596 456 1658 repertae
495 1596 627 1644 sunt.
703 1595 806 1644 Eae
844 1609 1021 1644 omnes
1059 1595 1111 1643 in
1160 1595 1328 1644 fronte
1377 1594 1683 1662 anaglypha,
1735 1596 1788 1644 in
1832 1609 2016 1645 aversa
2059 1597 2206 1661 parte
2278 1579 2289 1637 J

221 1680 394 1730 titulos
433 1677 498 1748 (n.
537 1679 839 1748 388—404)
887 1681 1160 1748 habebant,
1212 1697 1277 1732 ex
1325 1682 1509 1748 quihus
1554 1686 1770 1748 apparet
1816 1682 2035 1732 maiores
2072 1682 2207 1746 regis
2272 1681 2314 1744 3

222 1766 455 1817 Antiochi
507 1767 591 1817 hic
647 1769 952 1833 imaginibus
998 1784 1270 1835 expressos
1324 1769 1496 1834 fuisse,
1555 1772 1707 1835 atque
1751 1770 1822 1818 ita
1871 1769 2091 1835 quidem,
2148 1771 2206 1818 ut

2275 1743 2293 1766 ‹³-
2308 1753 2314 1766 ,ι

2279 1797 2290 1810 -Ᾰ
2310 1770 2314 1824 l

2276 1824 2281 1833 A

221 1854 273 1903 in
312 1855 691 1921 septentrionali
728 1855 963 1922 planicici
1001 1850 1258 1907 orientalis
1308 1861 1357 1907 et
1401 1857 1452 1905 in
1489 1856 1807 1907 meridionali
1850 1857 2082 1923 planicici
2120 1870 2205 1906 oc-
2276 1856 2285 1913 Q¹

222 1942 480 1992 cidentalis
535 1958 682 1992 muro
738 1947 955 2010 paterna
1008 1945 1142 2009 regis
1200 1944 1341 2009 origo
1393 1943 1510 1993 inde
1560 1959 1591 1993 a
1637 1945 1803 1994 Dareo
1849 1944 2120 2010 Hystaspis
2169 1943 2200 1993 f.
2274 1942 2289 2003 ἐ·

222 2027 288 2096 (n.
319 2027 455 2094 388),
509 2030 561 2080 in
604 2031 919 2080 meridionali
962 2031 1216 2081 orientalis
1255 2035 1306 2081 et
1346 2031 1640 2081 occidentali
1679 2031 2000 2081 occidentalis
2042 2031 2204 2097 partis
2271 2030 2289 2058 ‘⁴'

220 2131 367 2166 muro
406 2118 624 2167 materni
660 2119 881 2168 maiores
919 2119 1036 2168 inde
1073 2119 1138 2168 ab
1175 2119 1463 2168 Alexandro
1502 2119 1684 2183 Magno
1723 2116 1788 2186 (n.
1819 2117 1941 2183 398)
1989 2118 2205 2168 deduce-
2271 2178 2282 2190 ,-

219 2208 409 2254 rentur.
474 2204 637 2270 Atque
676 2206 769 2254 etsi
807 2207 995 2255 multae
1031 2206 1234 2255 tabulae
1265 2206 1543 2271 perierunt,
1581 2209 1754 2255 tamen
1794 2221 1859 2255 ex
1897 2205 2204 2255 foraminum
2271 2195 2288 2270 ξ

219 2291 443 2340 numeris
482 2295 637 2357 quoto
677 2293 891 2358 quisque
940 2308 1005 2342 ex
1050 2283 1409 2359 superstitibus
1446 2294 1556 2343 loco
1612 2293 1744 2342 inter
1787 2293 2008 2360 maiores
2054 2293 2205 2342 fuerit

219 2380 519 2445 plerumque
569 2380 850 2430 certissima
895 2380 1091 2430 ratione
1141 2379 1337 2430 definiri
1382 2380 1512 2430 licet.
1578 2381 1849 2431 Praeterea
1893 2380 1950 2430 in‘
1989 2381 2202 2446 planicie

221 2466 516 2517 occidentali
564 2471 738 2517 erutae
783 2472 902 2518 sunt
938 2472 1180 2534 quattuor
1225 2468 1430 2536 tabulae
1475 2483 1591 2518 cum
1635 2467 1939 2534 anaglyphis
1983 2468 2050 2517 ad
2095 2469 2203 2518 illo-

220 2568 334 2602 rum
385 2557 626 2619 quattuor
673 2555 886 2604 deorum
933 2570 1080 2605 sacra
1130 2556 1476 2622 spectantibus
1527 2560 1576 2605 et
1618 2556 1774 2605 titulis
1814 2570 1941 2621 quos
1987 2556 2202 2621 repetivi

219 2655 267 2689 n.
309 2638 607 2690 384—387.
685 2642 792 2691 Hae
838 2642 958 2691 olim
1002 2657 1149 2696 muro
1196 2636 1466 2709 impositae
1514 2645 1672 2707 erant,
1731 2643 1817 2708 qui
1873 2634 1927 2691 in
1972 2643 2201 2692 orientali

218 2727 451 2792 planicici
488 2728 718 2792 margine
744 2728 808 2778 ab
846 2729 939 2778 illis
965 2730 1179 2779 deorum
1205 2730 1386 2780 statuis
1424 2730 1795 2796 septentriones
1820 2744 2001 2780 versus
2037 2744 2200 2795 usque

219 2814 285 2862 ad
322 2815 563 2880 angulum
602 2816 898 2866 orientalem
944 2821 994 2866 et
1031 2817 1479 2882 septentrionalem
1515 2817 1747 2883 planicici
1784 2817 2020 2883 decurrit,
2066 2831 2200 2866 nunc

218 2916 412 2967 pronae
450 2895 568 2953 ante
606 2917 723 2952 eum
760 2903 937 2953 iacent.
965 2905 1120 2952 —In
1156 2908 1372 2970 utraque
1408 2907 1556 2970 parte
1592 2919 1686 2970 per
1714 2909 1915 2969 tergum
1945 2905 2199 2970 sellarum,

218 2989 269 3037 in
320 2980 502 3055 quihus
548 2990 661 3039 illae
712 2991 932 3056 quinque
978 2991 1206 3055 ingentes
1261 2991 1454 3056 figurae
1500 2982 1766 3041 hominum
1813 2992 2006 3057 sedent,
2065 2991 2200 3040 idem
2301 3026 2303 3053 :

216 3077 390 3127 titulus
427 3093 521 3144 per
559 3079 734 3128 decem
774 3079 1049 3144 columnaS,
1087 3078 1232 3128 binas
1269 3080 1323 3127 in
1353 3093 1553 3144 quaque
1592 3079 1728 3144 sella,
1770 3079 2045 3144 dispositus
2081 3093 2200 3144 per·
2299 3070 2303 3132 ἑ

220 3165 390 3214 currit.
465 3164 629 3230 Atque
678 3166 729 3215 in
773 3166 1070 3216 universum
1114 3165 1319 3231 quidem
1369 3166 1625 3215 orientalis
1672 3151 1862 3219 ordinis
1909 3161 2229 3231 exemplum*

219 3248 302 3318 (A)
340 3253 510 3318 paullo
555 3253 734 3302 melius
781 3257 1138 3303 conservatum
1187 3256 1263 3302 est
1307 3267 1462 3318 quam
1510 3253 1830 3303 occidentalis
1871 3249 1982 3319 <B);
2042 3266 2197 3318 quare
2259 3278 2265 3287 ·

217 3338 597 3389 Puchsteinium
634 3341 791 3390 secuti
830 3355 894 3390 ex
930 3341 1012 3390 illo
1049 3339 1347 3390 retinuimus
1379 3355 1623 3390 versuum
1662 3340 2065 3406 dispositionem,
2108 3339 2197 3388 sed

216 3426 358 3476 uncis
386 3441 446 3476 ea
469 3427 623 3477 modo
650 3428 951 3494 saepsimus,
980 3442 1109 3493 quae
1133 3427 1403 3491 utrobique
1430 3427 1794 3476 desiderantur.
1843 3427 1930 3475 Ed.
1961 3425 2198 3475 O.Puch-
2297 3448 2299 3474 ι

218 3513 346 3561 stein
384 3514 566 3563 Reisen
603 3515 654 3562 in
692 3514 976 3564 Kleinasien
1013 3514 1120 3564 und
1157 3513 1470 3578 Nordsyrien
1508 3529 1558 3580 p.
1590 3514 1692 3564 259
1716 3529 1824 3579 sqq.
1881 3511 1987 3579 (Ch.
2019 3511 2194 3560 Michel

218 3599 419 3649 Recueil
460 3597 663 3651 d'inscr.
695 3601 777 3651 Gr.
817 3618 867 3668 p.
899 3595 1089 3653 629'n.
1121 3598 1258 3668 735).

2272 2063 2290 2129 ,ἒ

2269 2241 2311 2354 ³0}

2266 2319 2288 2571 l
