2314 3970
125 208 221 260 348]
804 206 1054 246 Deiotarus.
1114 204 1426 257 Adobogiona.
2001 203 2103 253 557

235 381 427 421 Litterae
448 380 655 432 volgares
676 382 857 433 praeter
876 381 964 422 ΑΣ.
1125 383 1140 419 4
1180 379 1274 420 Etsi
1296 378 1422 432 quod
1448 378 1695 430 scriptores
1716 376 1867 417 tacent
1887 386 1942 415 ex
1964 375 2107 415 titulis

122 452 378 504 didicimus,
418 451 554 492 fuisse
585 454 765 504 praeter
798 451 1132 493 nobilissimum
1174 451 1303 491 illum
1340 451 1605 492 Deiotarum
1644 449 1834 501 eiusque
1872 447 2016 488 filium
2064 447 2110 486 et

120 525 420 578 pronepotem
453 523 856 576 (Pauly-Wissowa
878 522 1313 575 Realencyklopadie
1337 522 1395 562 IV
1418 525 1442 561 2
1470 533 1514 574 p.
1534 524 1643 561 2403
1679 532 1720 562 n.
1740 524 1775 561 3.
1819 530 1862 572 p.
1877 521 1987 560 2404
2011 529 2053 558 n.
2068 517 2106 570 4)

121 597 258 638 etiam
280 596 419 637 alium
440 596 692 648 principem
716 596 1059 647 Gallograecum
1082 595 1160 647 qui
1181 605 1235 635 eo
1259 594 1440 635 nomine
1461 595 1667 634 uteretur
1689 593 1852 646 (n.348,
1866 595 1904 632 2.
1937 593 2034 642 349,
2054 589 2108 642 2),

119 670 272 709 tamen
303 669 340 708 is
373 667 577 719 profecto
610 668 728 719 regis
760 667 1064 720 appellatione
1096 666 1199 718 (not.
1227 665 1262 716 4)
1295 665 1480 706 carebat
1512 666 1561 705 ut
1591 665 1702 717 quin
1733 665 1807 705 hic
1836 663 1965 704 illum
1997 663 2108 703 iam-

121 740 299 794 pridem
331 742 494 780 notum
526 742 761 781 teneamus
791 751 882 780 non
914 738 1105 780 dubium
1137 738 1209 780 sit.
1258 738 1323 778 De
1354 738 1451 778 eius
1483 738 1579 778 vita
1608 737 1838 789 rebusque
1871 736 2023 788 gestis,
2056 734 2111 775 de

121 811 289 865 quibus
330 824 424 853 non
461 814 531 853 est
567 823 650 853 cur
685 812 772 852 hoc
811 812 911 852 loco
950 810 1095 851 fusius
1133 811 1401 863 exponatur,
1450 809 1503 851 cf.
1544 810 1590 850 B.
1613 809 1746 851 Niese
1787 808 1909 861 apud
1947 807 2109 859 Pauly-

120 884 348 925 Wissowa
378 883 815 936 Realencyklopadie
845 883 917 935 IV,
948 885 972 922 2
1011 893 1055 934 p.
1080 884 1183 922 2404
1225 893 1264 923 n.
1290 884 1329 921 4.
1507 884 1531 920 2
1575 881 1791 933 Supplevi
1828 880 1875 920 in
1916 889 2110 931 corpore

121 957 470 1009 inscriptionum
492 956 757 1009 Atticarum,
790 966 879 996 non
904 954 1047 995 celato
1078 954 1260 1007 lectore,
1293 953 1560 1005 neutiquam
1592 954 1762 994 certam
1795 963 1895 994 esse
1927 951 2111 992 restitu-

120 1029 304 1069 tionem.
366 1029 422 1068 At
457 1030 508 1069 ut
540 1029 727 1068 nomina
765 1039 963 1080 quorum
1006 1026 1144 1067 altera
1182 1036 1289 1078 pars
1329 1027 1399 1066 est
1428 1022 1525 1067 -rioo
1560 1024 1682 1077 apud
1713 1025 1861 1065 Gallos
1902 1024 2110 1065 omnium

121 1099 487 1152 frequentissima
509 1101 627 1152 sunt,
661 1099 726 1141 sic
756 1100 907 1140 tamen
938 1109 1125 1151 perrara
1152 1109 1268 1150 quae
1300 1099 1556 1150 postremas
1580 1096 1693 1138 duas
1725 1096 1923 1149 syllabas
1955 1091 2112 1137 —ozorioe

120 1171 327 1212 habeant.
387 1170 509 1212 Num
540 1171 662 1213 aliud
693 1171 919 1212 eiusmodi
949 1170 1211 1223 exemplum
1242 1171 1423 1222 praeter
1453 1166 1716 1211 Dumnorix
1747 1165 2011 1220 (Dubnorix)
2043 1168 2110 1207 in-

120 1244 329 1285 veniatur
358 1244 529 1296 ignoro.
694 1245 716 1282 3
756 1245 868 1285 ἈΛ
899 1243 1029 1296 lapis.
1185 1245 1208 1283 4
1250 1243 1480 1295 Supplevi,
1513 1253 1660 1294 neque
1691 1241 1746 1282 de
1777 1243 1895 1294 regis
1927 1240 2111 1281 nomine

121 1315 321 1357 dubitari
357 1326 492 1369 posse
531 1316 643 1356 mihi
685 1315 878 1356 videtur.
938 1314 1055 1356 Nam
1093 1315 1132 1356 si
1173 1316 1416 1367 antequam
1456 1315 1543 1355 hoc
1582 1314 1793 1355 Deiotaro
1831 1313 2112 1354 tribueretur

121 1389 325 1429 erectum
365 1390 486 1429 esset
523 1389 885 1441 monumentum,
927 1399 1018 1428 non
1055 1388 1236 1440 poterat
1267 1398 1357 1428 non
1385 1384 1624 1444 τετράρχης
1666 1386 1895 1438 appellari.
1959 1383 2016 1425 At
2045 1386 2110 1424 te-

120 1461 301 1502 trarcha
331 1472 420 1501 non
451 1460 538 1501 fuit
559 1460 951 1512 Gallograecorum
974 1459 1311 1513 universorum,
1346 1459 1426 1500 sed
1447 1459 1839 1511 Tolistoagiorum,
1873 1457 1926 1499 cf.
1949 1456 2109 1498 Strabo

121 1532 214 1585 XII,
240 1535 278 1585 5,
302 1534 325 1572 2
356 1543 399 1584 p.
425 1534 504 1573 567
539 1531 660 1574 Cas:
699 1528 1031 1588 Τολιστοβώγιοι
1070 1529 1117 1572 δὲ
1149 1529 1301 1588 ὅμοροι
1329 1526 1533 1576 Βιθυνοῖς
1565 1528 1647 1570 εἰσι
1675 1528 1749 1572 καὶ
1789 1524 2109 1586 τῇΈπικτήτῳ

52 1622 53 1625 “
120 1602 367 1661 καλουμένῃ
398 1600 581 1661 Φρυγίῳ
615 1602 795 1662 φρούρια
834 1597 867 1645 δ’
889 1601 1027 1645 αὐτῶν
1070 1602 1157 1644 ἐστι
1185 1601 1232 1644 τό
1269 1616 1315 1644 τε
1345 1599 1559 1645 Βλούκιον
1598 1600 1670 1643 καὶ
1699 1600 1746 1643 τὸ
1776 1599 1928 1656 Πήϊον,
1969 1601 2025 1642 ὦν
2064 1598 2112 1641 τὸ

44 1675 47 1725 j
124 1675 201 1732 μὲν
240 1674 295 1732 ἦν
341 1674 550 1732 βασίλειον
592 1672 848 1735 Δηϊοτάρου,
895 1675 942 1718 τὸ
982 1674 1029 1717 δὲ
1067 1673 1407 1732 γαζοφυλάκιον;
1453 1686 1600 1728 neque
1638 1686 1748 1716 vero
1790 1673 2110 1727 supplemento

13 1743 50 1805 'ss
121 1743 339 1801 Γαλ[ατῶν
361 1745 676 1804 Τολιστοαγίων
706 1746 958 1807 τετράρχην]
990 1747 1056 1800 (cf.
1080 1760 1121 1789 n.
1147 1750 1243 1801 349,
1267 1747 1392 1799 2-4)
1426 1748 1626 1800 spatium
1653 1746 1831 1787 sufficit.
1882 1745 1977 1786 Nec
2006 1755 2112 1797 pro-

36 1816 50 1890 ,ἑ
122 1820 273 1862 babile
314 1823 383 1862 est
418 1820 714 1862 Athenienses
743 1821 957 1862 Deiotaro
1001 1822 1198 1862 statuam
1239 1821 1472 1872 posituros
1512 1819 1651 1860 fuisse
1688 1819 1959 1871 priusquam
2000 1827 2111 1869 opes

36 1888 47 1917 ³'
124 1894 221 1934 eius
243 1905 269 1934 a
289 1893 504 1945 Pompeio
527 1894 814 1945 augerentur.
866 1893 1014 1941 Quare
1034 1893 1194 1944 utique
1214 1893 1302 1933 hoc
1323 1893 1672 1933 monumentum
1695 1902 1811 1932 anno
1835 1893 1887 1931 62
1905 1902 1942 1931 a.
1954 1890 2054 1931 Chr.
2067 1901 2110 1930 n.

124 1977 212 2007 non
242 1966 472 2018 antiquius
505 1967 573 2006 est
603 1966 877 2007 habendum.

233 2179 347 2235 348
405 2184 628 2233 Marmor
687 2182 1057 2249 leucophaeum
1119 2182 1406 2231 immissum
1461 2182 1757 2247 pavimento
1821 2180 2112 2230 ecclesiolae

10 2320 12 2322 ,
43 2280 53 2342 ᾖ(
125 2270 250 2319 sitae
288 2270 340 2318 in
377 2270 608 2320 orientali
645 2270 793 2319 Lesbi
839 2270 1035 2318 insulae
1073 2283 1178 2318 ora.
1255 2268 1377 2318 Edd.
1419 2269 1474 2317 A.
1507 2267 1672 2318 Conze
1710 2268 1858 2317 Reise
1896 2267 1988 2316 auf
2021 2267 2113 2315 der

123 2357 253 2406 Insel
279 2356 469 2406 Lesbos
507 2372 556 2422 p.
584 2356 647 2405 49
688 2356 789 2406 tab.
819 2356 864 2404 X
900 2371 948 2404 n.
982 2356 1000 2404 4
1051 2353 1125 2422 (G.
1156 2354 1446 2404 Hirschfeld
1484 2355 1705 2403 Hermae
1739 2355 1851 2402 XIV
1887 2370 1938 2420 p.
1970 2350 2109 2420 474).

43 2446 52 2509 ζζ
127 2442 176 2492 C.
209 2443 261 2491 T.
292 2443 508 2491 Newton
535 2443 740 2492 Travels
767 2443 868 2492 and
896 2442 1200 2492 discoveries
1227 2442 1249 2490 I
1286 2457 1336 2507 p.
1361 2441 1461 2490 409
1502 2439 1571 2506 (F.
1601 2439 1806 2490 Bechtel
1834 2455 1912 2505 ap.
1939 2439 2111 2489 Collitz

44 2578 55 2602 ι
127 2527 209 2578 Gr.
239 2528 624 2578 Dialektinschr.
654 2530 675 2577 I
712 2545 762 2595 p.
796 2528 895 2577 440
936 2544 984 2578 n.
1016 2528 1134 2578 296.
1202 2528 1257 2578 O.
1288 2527 1561 2577 Hoffmann
1595 2527 1685 2576 Die
1711 2542 1785 2591 gr.
1814 2526 2042 2576 Dialekte
2069 2527 2113 2575 ΙΙ

125 2631 175 2681 p.
206 2616 271 2665 92
311 2630 360 2664 n.
394 2614 530 2679 428).
595 2616 739 2664 Nunc
785 2614 908 2664 nihil
960 2618 1127 2665 exstat
1170 2615 1267 2664 nisi
1312 2615 1463 2664 tertia
1510 2614 1616 2663 fere
1663 2628 1785 2680 pars
1834 2629 1865 2662 a
1912 2614 2107 2663 dextra.

126 2701 233 2751 Hac
280 2717 458 2751 rursus
505 2702 759 2767 exscripta
812 2705 975 2751 totum
1019 2702 1221 2751 titulum
1264 2701 1500 2768 repetivit
1543 2703 1623 2750 W.
1653 2701 1708 2749 R,
1741 2701 1906 2749 Paion
1952 2701 2108 2749 Inscr.

8 2857 11 2864 μ
129 2787 211 2838 Gr.
240 2802 366 2837 mar.
396 2789 512 2852 Aeg.
542 2788 586 2836 II
622 2803 672 2853 p.
707 2787 804 2837 409
845 2803 894 2837 n.
925 2788 1045 2836 546.

263 2926 315 2983 Ὀ
347 2931 505 2998 δᾶμος
547 2928 551 3000 Ι
588 2925 1020 3000 Ἀ[δ]οβογιώναν1
1052 2926 1369 3000 Δηϊοτάρω2,
1411 2930 1824 3000 εὐεργετήκοισαν
1856 2926 1861 2998 Ι
1890 2924 1981 2979 τὰν
2021 2928 2113 2979 πό-

243 3090 435 3130 Litterae
466 3091 598 3131 ΑΠΣ.
748 3093 762 3128 4
800 3090 932 3130 Initio
966 3091 1122 3131 ΑΛΟΒ
1153 3089 1360 3141 Newton,
1394 3120 1403 3129 .
1423 3090 1528 3131 ,ΟΒ
1562 3088 1722 3129 Conze.
1785 3083 2110 3128 Hirschfeldius

130 3163 362 3215 perspexit
390 3163 507 3202 hanc
537 3172 636 3202 esse
667 3162 936 3203 Mithridatis
967 3163 1230 3213 Pergameni
1261 3163 1469 3213 matrem,
1508 3162 1638 3201 cuius
1669 3171 1835 3201 nomen
1875 3160 2036 3200 lateret
2065 3160 2112 3200 in

129 3234 400 3287 corruptela,
432 3244 548 3286 quae
578 3234 666 3274 hoc
693 3234 826 3275 titulo
857 3235 1041 3275 invento
1062 3235 1185 3275 certa
1215 3234 1390 3274 ratione
1411 3232 1661 3285 tolleretur,
1693 3231 1814 3284 apud
1843 3231 2111 3272 Strabonem

42 3294 46 3348 ,¹
128 3305 243 3359 XIII,
266 3308 304 3359 4,
330 3309 352 3345 3
385 3317 428 3358 p.
449 3309 529 3346 625
553 3305 670 3346 Cas.:
702 3303 850 3362 ἄνδρες
877 3300 906 3347 δ’
934 3303 1126 3363 ἐγένοντο
1149 3303 1368 3361 ἐλλόγιμοι
1398 3299 1495 3346 καθ’
1516 3302 1633 3359 ἡμᾶς
1664 3300 1935 3360 Περγαμηνοὶ
1955 3299 2112 3357 Μιθρι-

51 3378 54 3400 ³
132 3375 262 3432 ὃάτης
290 3391 334 3418 τε
366 3373 620 3433 Μηνοδότου
651 3376 741 3423 υἱὸς
770 3377 843 3419 καὶ
871 3372 1172 3434 Ἀδοβογιώνης
1203 3374 1450 3432 (άὸοβογίων
1485 3373 1529 3422 ὃς
1562 3375 1705 3428 codd.,
1738 3386 1823 3416 em.
1846 3374 2110 3426 Hirschfeld)

128 3450 202 3490 τοῦ
231 3451 508 3507 τετραρχικοῦ
539 3454 622 3490 τῶν
650 3445 853 3491 Γαλατῶν
885 3448 1045 3506 γένους,
1075 3447 1129 3505 ἢν
1163 3447 1228 3503 (ἦν
1251 3449 1399 3501 codd.,
1431 3459 1516 3489 em.
1539 3446 1803 3498 Hirschfeld)
1834 3445 1907 3488 καὶ
1929 3446 1987 3498 (ὃν
2010 3446 2110 3488 add.

131 3521 275 3575 codd.,
309 3521 391 3562 del.
414 3521 680 3573 Hirschfeld)
703 3519 998 3564 παλλακεῦσαι
1027 3527 1106 3563 τῶι
1130 3519 1294 3576 βασιλεῖ
1314 3516 1561 3578 Μιθριδάτῃ
1596 3517 1732 3576 φασίν.
1782 3519 1958 3560 Nomen
1981 3519 2112 3560 Celti-

131 3604 236 3634 cum
267 3594 389 3634 idem
419 3605 532 3647 esse,
574 3593 698 3646 quod
730 3597 990 3635 occurreret
1019 3595 1065 3635 in
1105 3594 1237 3634 titulo
1269 3594 1544 3634 Poetovione
1584 3594 1766 3645 reperto
1799 3592 2110 3645 (Arch.-epigr.

130 3659 288 3708 Mitth.'
319 3677 401 3707 aus
449 3666 730 3707 Oesterreich
766 3666 846 3706 XV
894 3671 1003 3708 4892
1051 3678 1093 3719 p.
1128 3669 1230 3706 425:
1277 3662 1603 3720 Adbuyiounae
1646 3661 1890 3707 Atnamati
1930 3661 2109 3718 Ῑζίῖἱαο»
