2314 3970
220 201 321 252 102
897 197 946 236 11.
994 196 1192 247 Regnum
1227 195 1507 245 Lagidarum.
2120 194 2193 246 [56

365 391 474 422 στον
516 371 705 439 μῆνα53
745 367 951 436 ἄγονται
989 368 1039 418 ἐν
1077 366 1179 423 τοῖς
1222 366 1370 435 ἱεροῖς
1409 364 1578 434 ἑορταὶ
1614 368 1710 418 τῶν
1739 364 2026 436 Εὐεργετῶν
2065 366 2196 418 θεῶν

362 454 492 508 κατὰ
539 454 591 506 τὸ
645 455 882 523 πρότερον
932 450 1121 522 γραφὲν
1175 453 1469 521 ψήφισμα54
1510 450 1514 519 Ι
1555 453 1587 521 ἥ
1628 471 1680 503 τε
1727 453 1982 520 πέμπτη55
2031 451 2116 504 καὶ
2163 455 2195 521 ἡ

362 540 508 609 ἐνάτη
525 543 569 576 ⁵⁶
608 537 690 591 καὶ
738 542 768 608 ἡ
818 539 1013 607 πέμπτη
1064 533 1143 589 ἐπ’
1200 536 1439 605 εἰκάδι57,
1492 539 1595 595 τοῖς
1642 557 1694 589 τε
1734 537 1905 597 ἄλλοις
1953 539 2200 607 μεγίστοις

369 628 564 684 θεοῖς58
611 622 720 677 κατ’
767 623 991 677 ἐνιαυτὸν
1044 626 1392 676 συντελοῦνται
1432 622 1602 694 ἑορταὶ
1649 622 1734 676 καὶ
1770 625 2074 695 πανηγύρεις
2114 627 2201 694 δη-

278 726 329 767 35
365 710 619 782 μοτεΙΙλεῖς,
660 709 878 780 ἄγεσθαι
913 706 1024 762 κατ’
1058 709 1281 763 ἐνιαυτὸν
1332 711 1605 779 πανήγυριν
1644 712 1895 780 δημοτελῆ
1931 709 1982 762 ἔν
2010 730 2063 761 τε
2099 711 2203 769 τοῖς

367 800 518 867 ἱεροῖς
575 795 661 849 καὶ
715 792 835 849 καθ’
898 799 1020 866 ὅλην
1071 796 1217 867 τὴν59
1272 796 1446 867 χώραν
1505 797 1701 866 βασιλεῖ
1751 795 2070 865 Πτολεμαίωι
2115 795 2201 848 καὶ

367 883 654 953 βασιλίσσηι
692 881 962 953 Βερενίκηι
1002 888 1007 952 Ι
1050 884 1186 941 θεοῖς
1225 881 1531 952 Εὐεργέταις
1569 888 1653 951 τῆι
1688 883 1879 953 ἡμέραι
1917 884 1967 934 ἐν
2007 883 2061 951 ἧι
2095 884 2202 935 ἐπι-

361 970 526 1022 τέλλει
571 968 626 1021 τὸ
677 969 855 1039 ἄστρον
904 968 957 1021 τὸ
1008 974 1096 1038 τῆς
1121 962 1348 1036 Ἴσιοςθθ,
1397 970 1428 1038 ἢ
1471 969 1728 1036 νομίζεται
1776 966 1861 1020 διὰ
1910 974 2007 1020 τῶν
2057 970 2200 1039 ἱερῶν

362 1053 672 1125 γραμμάτων
723 1056 833 1108 νέον
885 1055 994 1114 ἔτος
1043 1053 1247 1120 εἷναιθῙ,
1298 1053 1473 1122 ἄγεται
1522 1053 1576 1106 δὲ
1625 1058 1707 1106 νῦν
1752 1057 1802 1107 ἐν
1839 1059 1932 1107 τῶι
1973 1054 1979 1124 Ι
2021 1053 2204 1108 ἐνάτωι

365 1142 465 1193 ε’τει
504 1142 770 1209 νουμηνίαι
817 1145 904 1193 τοῦ
946 1139 1108 1193 Παϋνὶ
1150 1142 1374 1210 μηνόςθῖ,
1424 1142 1474 1192 ἐν
1525 1142 1588 1192 ὧι
1637 1140 1722 1192 καὶ
1773 1137 1836 1193 τὰ
1879 1138 2032 1212 μικρὰ
2075 1138 2205 1194 Βου-

336 1349 386 1386 53
426 1346 655 1387 Menstrua
686 1355 813 1384 sacra
844 1344 1050 1384 natalicia
1080 1354 1240 1395 regum
1273 1345 1408 1384 etiam
1441 1346 1566 1385 extra
1593 1343 1849 1396 Aegyptum
1880 1354 2203 1395 nonnunquam

218 1418 650 1458 commemorantur.
682 1415 1057 1466 Cfn.339‚35.36.
1083 1418 1400 1468 383‚432.i33.
1521 1418 1572 1457 54
1607 1415 1667 1456 Cf.
1682 1418 1822 1456 ηοω».
1944 1420 1995 1456 55
2029 1415 2089 1456 Cf.
2108 1427 2151 1456 v.
2166 1419 2202 1455 5.

220 1494 272 1530 56
312 1489 393 1529 Hic
422 1489 607 1529 videtur
649 1488 830 1539 reginae
869 1487 963 1528 dies
1005 1487 1165 1527 natalis
1209 1498 1321 1527 esse.
1470 1491 1521 1528 57
1566 1487 1628 1528 Cf.
1659 1490 1750 1528 not.
1777 1491 1841 1528 ⁴6.
1868 1491 1933 1528 ⁴7.
1997 1487 2205 1528 Ceterum

219 1572 324 1602 cum
355 1561 429 1601 hic
460 1570 587 1600 sacra
617 1570 802 1611 quoque
833 1569 989 1599 mense
1018 1558 1116 1599 fieri
1147 1558 1401 1611 iubeantur,
1441 1561 1605 1611 sponte
1635 1561 1760 1611 patet
1791 1559 1847 1600 de
1876 1559 2203 1611 Aegyptiorum

220 1632 453 1673 mensibus
484 1631 685 1683 cogitari.
746 1630 803 1671 At
833 1641 971 1671 causa
1001 1641 1083 1670 cur
1112 1631 1285 1683 quinto,
1326 1642 1462 1683 nono,
1505 1632 1664 1683 quinto
1696 1633 1740 1671 et
1770 1631 1991 1683 vigesimo
2025 1631 2206 1684 potissi-

220 1717 347 1745 mum
387 1704 555 1744 mensis
594 1703 666 1743 die
706 1713 778 1743 res
818 1702 972 1742 divina
1010 1701 1100 1754 fiat,
1142 1702 1199 1742 ab
1235 1703 1300 1743 eis
1341 1713 1457 1754 quae
1487 1702 1763 1746 Macedonici
1803 1703 1972 1743 mensis
2012 1703 2083 1743 his
2114 1703 2205 1743 die-

221 1777 306 1817 bus
345 1776 459 1817 facta
501 1777 608 1816 sunt
650 1775 884 1827 repetitur.
947 1773 1007 1814 Cf.
1048 1774 1236 1827 Lepsius
1277 1785 1319 1826 p.
1354 1779 1392 1815 9.
1421 1777 1489 1815 40.
1550 1775 1838 1815 Kornemann
1874 1786 1917 1827 p.
1950 1777 2002 1815 72
2044 1777 2134 1815 not.
2166 1776 2205 1814 Ιι.

221 1853 272 1889 58
312 1849 598 1888 Kornemann
635 1857 680 1898 p,
705 1848 757 1886 74
800 1847 933 1886 not.4
991 1845 1238 1897 Euergetae
1278 1846 1472 1887 maiores
1512 1846 1677 1887 divinis
1722 1846 1976 1887 honoribus
2022 1845 2206 1887 affectos

220 1921 556 1972 interpretatur,
588 1918 634 1958 id
665 1917 790 1970 quod
823 1917 933 1957 mihi
964 1928 1053 1957 non
1076 1917 1132 1958 ab
1157 1918 1282 1957 omni
1306 1920 1433 1970 parte
1454 1919 1628 1958 certum
1650 1918 1845 1958 videtur.
1965 1922 2016 1958 59
2050 1920 2204 1960 ΟΛΗΝ

218 1992 450 2033 ΤΗΝΤΗΝ
483 1988 537 2031 Α.
702 1993 753 2029 60
800 1989 953 2029 Sirius.
1007 1988 1067 2029 Cf.
1099 1989 1212 2029 Plut.
1246 1989 1302 2029 de
1339 1990 1456 2030 Iside
1487 1992 1532 2030 et
1563 1989 1736 2031 Osiride
1768 1993 1813 2030 2⁴
1862 2001 1906 2042 p.
1931 1993 2011 2031 359
2033 1990 2090 2031 D:
2131 1989 2206 2037 τὰς

221 2061 267 2104 δὲ
298 2061 440 2120 ψυχὰς
472 2060 515 2102 ἐν
549 2059 713 2117 οὐρανῷ
740 2058 924 2116 λάμπειν
957 2057 1101 2118 ἄστρα,
1132 2058 1204 2101 ’καὶ
1233 2058 1457 2103 καλεῖσθαι
1486 2059 1594 2102 ’κύνα
1626 2061 1702 2116 μὲν
1732 2060 1809 2117 τὴν
1829 2051 1988 2108 Ἴσιδος
2020 2055 2085 2118 ὑφ’
2113 2056 2207 2103 Ἐλ-

219 2132 378 2190 λήνων,
419 2126 484 2174 ὑπ’
521 2129 762 2189 Αἰγυπτίων
797 2130 843 2172 δὲ
877 2128 1032 2174 Σῶθιν.
1085 2135 1138 2171 22
1171 2143 1214 2185 p.
1241 2135 1321 2173 359
1345 2132 1399 2174 E:
1440 2131 1514 2174 καὶ
1543 2132 1591 2174 τὸ
1621 2130 1786 2187 πλοῖον,
1826 2131 1848 2174 ὃ
1878 2131 2079 2175 καλοῦσιν
2102 2124 2207 2176 ’Έλ-

220 2204 346 2262 ληνες
376 2199 519 2262 Ἀργώ,
558 2209 636 2260 τῆς
662 2199 875 2261 Ὀσίριδος
915 2204 1023 2250 νεὼς
1064 2201 1242 2268 ε’ίδωολον
1285 2202 1352 2245 ἐπὶ
1381 2204 1485 2261 τιμῇ
1517 2204 1910 2263 κατηστερισμένον,
1950 2203 1997 2246 οὐ
2042 2202 2206 2263 μακρὰν

222 2275 423 2334 φέρεσθαι
452 2270 751 2332 τοῦᾪρὶωνος
780 2274 854 2316 καὶ
882 2278 958 2316 τοῦ
988 2273 1127 2328 κυνός,
1161 2276 1218 2317 ὧν
1249 2274 1297 2317 τὸ
1330 2274 1406 2331 μὲν
1432 2267 1563 2332 Ὤρου
1593 2276 1640 2318 τὸ
1673 2271 1702 2317 δ’
1727 2267 1882 2323 Ἴσιδος
1915 2275 2023 2332 ἱερὸν
2045 2273 2208 2333 Αἰγύπ-

219 2363 301 2391 τιοι
330 2347 585 2405 νομίζουσιν.
640 2352 690 2388 38
723 2359 766 2400 p.
792 2351 872 2388 365
895 2348 944 2388 F:
976 2353 1060 2388 τῶν
1093 2342 1123 2387 δ’
1149 2345 1314 2403 ἄστρων
1344 2347 1415 2390 τὸν
1438 2346 1587 2403 σείριον
1608 2339 1765 2395 Ἴσιδος
1793 2346 2050 2404 νομίζουσιν,
2082 2346 2207 2405 ὕδρα-

220 2421 355 2478 γωγὸν
387 2418 500 2462 ὄντα.
554 2424 598 2461 64
638 2431 681 2473 p.
707 2424 788 2460 376
809 2420 867 2461 A:
907 2413 1152 2475 Ἑλληνιστὶ
1180 2417 1296 2460 κύων
1325 2418 1532 2477 ’κέκληται
1572 2419 1619 2462 τὸ
1651 2418 1819 2476 ἄστρον,
1861 2419 1963 2472 ὅπερ
1991 2418 2100 2462 ἴδιον
2129 2425 2207 2475 τῆς

222 2484 378 2539 Ἴσιδος
407 2490 660 2547 νομίζουσιν.
712 2493 762 2532 In
791 2492 1023 2545 epitaphio
1055 2491 1185 2532 Isidis
1216 2492 1338 2544 apud
1358 2492 1608 2534 Diodorum
1629 2494 1660 2546 I,
1684 2496 1752 2546 27,
1776 2495 1799 2533 4
1831 2493 1944 2534 haec
1972 2493 2206 2545 leguntur:
2283 2480 2297 2534 ἓ

223 2563 306 2620 ἐγώ
352 2563 439 2619 εἰμι
482 2561 512 2618 ἡ
559 2562 603 2604 ἐν
648 2563 709 2619 τῷ
758 2561 897 2621 ἄστρῳ
941 2563 1004 2619 τῷ
1046 2561 1141 2605 κυνὶ
1188 2561 1485 2606 ἐπιτέλλουσα.
1705 2568 1749 2606 64
1798 2566 1934 2606 Suam
1983 2565 2038 2606 de
2090 2576 2206 2606 anno
2280 2583 2299 2604 υ·

226 2636 394 2677 Siriaco
434 2636 703 2676 sententiam
747 2635 850 2685 (not.
882 2634 921 2686 9)
960 2635 1031 2675 his
1075 2635 1230 2676 verbis
1271 2636 1446 2688 egregie
1491 2636 1749 2678 confirmari
1790 2637 2001 2690 opinatur
2037 2637 2206 2689 struck,
2283 2635 2287 2652 '

225 2707 395 2760 quippe
426 2717 542 2758 quae
573 2705 754 2747 definite
785 2717 952 2746 annum
985 2706 1041 2746 ab
1074 2708 1178 2747 ortu
1201 2707 1301 2747 Sirii
1332 2708 1512 2748 initium
1544 2719 1706 2760 capere
1736 2708 2059 2750 demonstrent.
2111 2709 2208 2757 Qua
2285 2722 2292 2738 ·»

224 2779 269 2819 in
301 2789 350 2819 re
380 2789 486 2818 eum
516 2778 648 2830 plane
679 2777 770 2818 falli
801 2788 889 2818 non
921 2776 1099 2818 difficile
1130 2779 1200 2818 est
1220 2778 1544 2819 demonstratu.
1595 2779 1710 2820 Nam
1732 2781 1835 2832 quis
1855 2792 2059 2833 unquam
2089 2781 2208 2822 eius·
2283 2796 2286 2798 ’

228 2850 351 2892 modi
383 2850 559 2891 dicendi
602 2849 794 2890 formula
831 2859 945 2890 usus
985 2852 1054 2890 est
1092 2849 1146 2890 de
1185 2861 1302 2891 anno
1343 2851 1479 2903 civili,
1519 2862 1655 2903 quem
1697 2863 1854 2892 omnes
1893 2854 2072 2904 norunt,
2112 2863 2205 2905 quo

227 2933 385 2963 omnes
414 2919 641 2962 utuntur?
691 2922 836 2961 Immo
878 2922 923 2960 et
953 2932 1007 2961 ex
1045 2922 1141 2962 toto
1182 2922 1417 2962 enuntiato
1456 2924 1502 2962 et
1539 2934 1596 2963 ex
1634 2924 1802 2964 mensis
1831 2924 1972 2976 Payni
2011 2925 2115 2975 (not.
2140 2923 2207 2975 62)

226 2994 453 3035 mentione
498 2994 698 3045 apparet,
745 2992 962 3044 distingui
1002 2992 1078 3033 hic
1120 2993 1224 3034 anni
1269 2992 1464 3034 formam
1505 3005 1621 3046 quae
1662 2995 1977 3036 sacerdotibus
2023 2995 2207 3048 quidem
2280 2980 2281 2983 Ἰ

227 3065 371 3120 probe
401 3067 509 3106 nota
539 3065 598 3105 sit
627 3074 775 3117 neque
805 3075 914 3104 vero
945 3064 1088 3105 ullum
1119 3064 1302 3117 publice
1331 3075 1468 3106 usum
1496 3066 1661 3107 habeat
1691 3078 1716 3108 a
1747 3066 1874 3108 fastis
1895 3067 2120 3119 civilibus,
2151 3066 2208 3108 ad
2269 3062 2286 3119 ζ’,

228 3148 344 3190 quos
376 3137 528 3178 omnia
557 3147 639 3189 per
659 3136 781 3177 hunc
802 3136 986 3177 titulum
1008 3136 1235 3177 mensium
1255 3138 1440 3177 nomina
1461 3137 1693 3179 referenda
1724 3139 1825 3179 sint.
1878 3139 1954 3179 Ille
1974 3140 2043 3180 est
2064 3149 2207 3180 annus

228 3210 436 3260 Siriacus,
474 3209 549 3249 hic
579 3208 792 3260 antiquus
822 3207 1149 3262 Aegyptiorum
1181 3219 1325 3249 annus
1357 3209 1453 3249 sine
1489 3210 1826 3251 intercalatione
1857 3211 1936 3263 qui
1972 3221 2120 3263 usque
2151 3210 2208 3251 ad
2267 3231 2277 3267 3

230 3281 419 3331 Augusti
457 3282 649 3321 aetatem
690 3281 869 3321 mansit.
1037 3283 1088 3320 62
1129 3280 1342 3320 Decimus
1382 3282 1486 3321 anni
1527 3281 1789 3334 Aegyptiaci
1828 3283 2009 3323 mensis.
2069 3282 2206 3323 Cuius
2267 3285 2281 3335 ζ

229 3353 404 3404 primus
438 3352 531 3393 dies
563 3363 668 3392 cum
698 3352 839 3393 totius
882 3352 986 3393 anni
1017 3351 1354 3392 ducentesimus
1394 3354 1754 3404 septuagesimus
1797 3365 1912 3394 unus
1951 3355 2022 3407 sit,
2064 3363 2206 3395 annus

230 3434 338 3463 vero
369 3423 551 3463 mobilis
571 3424 899 3476 Aegyptiorum
926 3424 1004 3476 qui
1033 3433 1178 3464 nonus
1200 3425 1296 3464 erat
1322 3424 1564 3465 Ptolemaei
1585 3425 1832 3477 Euergetae
1862 3422 2005 3481 (239s8
2029 3437 2068 3466 a.
2090 3425 2206 3477 Chr.)
2267 3422 2270 3449 Τ

232 3506 258 3535 a
288 3494 360 3534 die
390 3495 610 3545 vigesimo
655 3496 795 3536 altero
836 3495 1004 3536 mensis
1037 3493 1243 3536 Octobris
1280 3495 1460 3535 initium
1500 3497 1684 3550 ceperit,
1725 3496 1929 3549 sequitur
1964 3500 2016 3537 ut
2051 3497 2126 3536 ille
2162 3497 2208 3536 in

233 3566 350 3606 diem
383 3565 775 3617 undevigesimum
808 3568 977 3608 mensis
1007 3567 1107 3608 Iulii
1137 3566 1327 3618 incidat;
1362 3569 1407 3607 at
1428 3567 1528 3607 Sirii
1550 3570 1677 3609 ortus
1705 3568 1858 3621 potius
1889 3567 1961 3608 die
1988 3569 2207 3620 vigesimo

234 3636 435 3677 eiusdem
469 3637 637 3677 mensis
668 3637 848 3678 accidit.
910 3637 1054 3687 Quam
1086 3636 1383 3679 differentiam
1418 3639 1554 3680 unius
1596 3639 1684 3679 diei
1714 3639 1904 3680 Vincent
1933 3639 2117 3691 quidem
2147 3638 2209 3679 ita

2308 3537 2314 3589 Ι.

2308 3593 2310 3600 .

2307 3638 2314 3660 Γ,

2303 3746 2307 3798 ι

2160 3947 2193 3970 2
2231 3820 2305 3970 ..ί
