2314 3970
196 229 299 278 326
835 224 904 264 1v.
951 224 1150 271 Regnum
1183 222 1532 263 Seleucidarum.
2069 221 2129 272 [24
2146 225 2165 261 4

258 412 308 452 10
340 394 591 454 Βασιλεὺς
647 393 927 451 Σέλευκος6
984 389 1248 461 Μιλησίων
1306 395 1389 460 τῆι
1442 391 1620 461 βουλῆι
1668 390 1674 459 Ι
1725 389 1810 443 καὶ
1854 394 1945 443 τῶι
2002 392 2167 460 ὃήμωι

338 483 557 554 χαίρειν·
599 477 1017 551 ἀφεστάλκαμεν7
1069 479 1139 537 εἰς
1181 478 1186 547 l
1226 476 1280 530 τὸ
1333 475 1462 547 ἱερὸν
1508 480 1594 529 τοῦ
1636 474 1946 536 ’Λπόλλωνος
1992 481 2078 529 τοῦ
2118 481 2167 531 ἐν

339 569 607 637 Διδύμοις8
648 565 654 637 Ι
695 562 783 636 τήν
831 586 882 618 τε
927 564 1131 636 λυχνίαν
1178 564 1265 633 τὴν
1315 561 1533 633 μεγάλην
1580 562 1663 615 καὶ
1701 567 1917 635 ποτήρια
1959 564 1964 634 1
2006 569 2168 634 χρυσᾶ

252 669 302 708 15
336 652 420 706 καὶ
469 654 661 723 ἀργυρᾶ
707 654 779 711 εἰς
819 649 1061 704 ἀνάθεσιν
1099 651 1204 709 τοῖς
1242 650 1378 708 θεοῖς
1413 648 1429 718 ΙΙ
1464 650 1564 708 τοῖς
1603 648 1867 720 Σωτῆρσι9
1904 651 2170 719 κομίζοντα

339 737 627 808 Πολιάνθην
646 740 702 806 ¹⁰,
756 734 1058 810 ἐπιιγραφάς
1107 735 1305 807 ἔχοντα.
1379 735 1518 805 ὑμεῖς
1568 734 1652 787 οὖν
1703 738 1821 788 ὅταν
1871 736 2173 808 παραγέΙνη-

194 894 351 935 sratres
382 892 593 945 intellexi,
631 892 686 933 ad
718 891 926 945 proxima
957 892 1061 943 post
1091 889 1298 930 Antiochi
1329 890 1365 928 ΙΙ
1407 890 1599 929 mortem
1633 890 1729 940 (246
1752 902 1789 930 a.
1813 890 1928 941 Chr.)
1969 893 2173 942 tempora

192 965 332 1005 relata
369 965 488 1005 tituli
527 965 710 1016 origine.
770 964 842 1004 Sic
870 964 989 1003 enim
1024 962 1198 1003 facilem
1235 961 1581 1014 explicationem
1614 961 1780 1002 habere
1818 962 2038 1014 opinabar
2078 973 2173 1002 rem

192 1047 274 1089 per
305 1047 352 1077 se
384 1047 490 1077 sane
522 1037 699 1089 miram,
741 1035 867 1087 quod
899 1034 1121 1075 dedicatio
1156 1034 1338 1086 quidem
1384 1033 1440 1074 ad
1472 1035 1718 1086 utrumque
1749 1044 1901 1086 regem
1935 1034 2176 1075 referretur

193 1110 248 1159 (v.
272 1112 310 1149 7.
335 1109 387 1161 8),
421 1111 465 1149 at
496 1108 689 1160 epistula
721 1106 777 1148 ab
808 1118 899 1147 uno
931 1107 1117 1147 Seleuco
1149 1107 1318 1158 scripta
1350 1107 1469 1146 esset
1499 1105 1556 1156 (v.
1581 1107 1669 1157 ⁴0);
1702 1107 1867 1146 etenim
1899 1106 2173 1147 Antiochum

192 1182 291 1220 tum
322 1180 606 1233 impuberem
639 1180 791 1220 fuisse.
845 1178 900 1219 At
930 1178 1090 1220 fratres
1123 1178 1447 1229 aliquantisper
1476 1188 1565 1217 una
1589 1188 1797 1229 regnasse
1830 1189 2054 1231 nusquam
2087 1181 2176 1220 tra-

193 1252 327 1294 ditur.
391 1253 535 1293 Immo
566 1263 644 1293 eos
681 1251 737 1292 ab
776 1251 904 1291 initio
937 1251 1054 1291 inter
1094 1261 1141 1290 se
1173 1250 1513 1290 inimicissimos
1554 1249 1692 1290 fuisse
1722 1251 1959 1291 verissime
2001 1253 2177 1292 monuit

192 1324 456 1375 Feldmann;
499 1323 712 1365 Seleucus
743 1333 861 1363 unus
893 1323 1011 1375 patri
1043 1322 1276 1374 successit,
1307 1321 1555 1363 Antiochus
1587 1322 1818 1374 aliquanto
1851 1324 1956 1374 post
1985 1323 2047 1363 illi
2080 1334 2176 1375 reg-

193 1408 300 1436 num
333 1398 604 1448 extorquere
635 1396 824 1435 conatus
856 1396 937 1435 est.
989 1393 1136 1442 Quare
1165 1395 1261 1435 sine
1283 1393 1421 1434 dubio
1444 1404 1606 1434 verum
1630 1394 1840 1434 viderunt
1860 1394 2102 1435 Feldmann
2133 1398 2178 1436 et

193 1467 409 1520 Wilcken,
452 1478 558 1508 cum
590 1468 631 1507 ei
662 1467 858 1519 tempori
889 1466 1070 1506 titulum
1105 1465 1398 1518 vindicarent,
1438 1477 1529 1518 quo
1562 1466 1776 1506 Seleucus
1807 1466 1823 1505 I
1854 1465 2040 1508 Nicator
2071 1478 2175 1508 cum

191 1539 412 1579 Antiocho
443 1538 535 1579 filio
566 1550 657 1579 una
679 1537 907 1590 regnabat.
958 1537 1104 1585 Quam
1136 1537 1262 1589 regni
1293 1538 1658 1578 communionem
1691 1538 1810 1578 tituli
1841 1538 2079 1591 Babylonii
2100 1551 2177 1580 an-

192 1622 357 1651 norum
390 1614 487 1651 289.
522 1614 617 1652 285.
651 1612 731 1651 284
761 1622 798 1651 a.
822 1610 922 1650 Chr.
946 1621 987 1650 n.
1021 1610 1256 1649 testantur.
1308 1609 1394 1650 Sed
1424 1609 1529 1661 quia
1562 1609 1891 1651 administratio
1923 1611 2047 1662 regni
2079 1614 2176 1652 tum

193 1683 309 1723 inter
340 1685 515 1735 patrem
547 1685 592 1723 et
622 1682 765 1723 filium
796 1683 859 1723 ita
891 1681 1036 1722 divisa
1067 1684 1175 1731 erat,
1208 1683 1259 1721 ut
1279 1681 1509 1734 Euphrate
1531 1692 1661 1722 amne
1683 1681 2018 1735 distinerentur,
2051 1682 2178 1724 facile

193 1755 477 1808 intellegitur,
516 1766 599 1795 cur
630 1755 825 1807 epistula
856 1754 912 1795 ad
942 1754 1141 1795 Milesios
1173 1753 1230 1794 ab
1260 1765 1352 1794 uno
1384 1754 1570 1794 Seleuco
1610 1754 1778 1806 scripta
1810 1755 1880 1795 sit.
1931 1755 2179 1796 Haussoul-

194 1828 330 1867 lierus
371 1838 477 1867 sane
515 1829 703 1880 propter
732 1827 850 1867 Deos
882 1827 1144 1868 Servatores
1177 1826 1282 1877 (not.
1307 1826 1346 1877 9)
1386 1827 1430 1866 et
1462 1826 1608 1866 Osirin
1640 1827 1745 1879 (not.
1770 1827 1836 1878 49)
1879 1827 1935 1867 ad
1966 1828 2178 1868 Boeckhii

194 1900 462 1940 sententiam
493 1899 548 1940 de
585 1899 702 1939 tituli
735 1900 880 1940 aetate
913 1899 1055 1950 magis
1087 1898 1283 1950 inclinat,
1324 1898 1403 1938 sed
1443 1909 1588 1950 neque
1619 1899 1752 1940 video
1783 1899 2014 1951 quomodo
2047 1911 2178 1952 argu-

195 1972 344 2011 menta
385 1971 653 2023 gravissima
693 1970 948 2011 Feldmanni
985 1972 1029 2010 et
1059 1969 1281 2010 Wilckeni
1322 1971 1465 2011 everti
1504 1971 1692 2023 possint,
1742 1981 1888 2023 neque
1930 1971 2179 2024 praefracte

194 2043 446 2095 negandum
480 2043 690 2083 existimo
723 2043 812 2083 iam
844 2043 963 2083 intra
994 2053 1215 2082 annorum
1249 2044 1474 2082 290-280
1508 2053 1545 2082 a.
1576 2041 1676 2083 Chr.
1709 2054 1750 2082 n.
1783 2043 1982 2094 spatium
2015 2044 2179 2085 Osiridi

193 2115 363 2166 aliquid
384 2115 521 2155 Mileti
549 2114 746 2155 dedicari
773 2115 991 2167 potuisse.
1042 2114 1078 2155 J.
1102 2114 1264 2154 Beloch
1296 2113 1405 2154 Hist.
1430 2114 1598 2154 Ztschr.
1621 2113 1695 2153 LX
1718 2117 1827 2154 4888
1860 2125 1903 2166 p.
1928 2118 2009 2155 505
2043 2118 2134 2157 not.
2153 2119 2177 2156 2

191 2189 296 2238 post
327 2199 365 2227 a.
396 2190 477 2227 237
502 2199 538 2227 a.
563 2186 663 2227 Chr.
688 2199 728 2227 n.
763 2187 1001 2227 Seleucum
1033 2186 1296 2226 Callinicum
1336 2188 1381 2226 et
1409 2186 1684 2226 Antiochum·
1711 2185 1943 2227 Hieracem
1977 2188 2178 2240 aliquan-

191 2259 333 2311 tisper
364 2270 445 2311 per
471 2260 615 2299 otium
647 2260 692 2299 et
714 2258 1003 2299 concordiam
1025 2259 1206 2309 vixisse,
1238 2259 1290 2298 ut
1310 2258 1383 2298 ille
1411 2258 1588 2310 Syriam
1619 2258 1693 2298 hic
1714 2260 1857 2299 terras
1890 2260 1954 2300 cis
1978 2260 2174 2301 Taurum

191 2333 376 2382 teneret,
418 2332 577 2371 statuit
608 2332 652 2371 et
683 2342 764 2383 per
794 2331 904 2371 illud
935 2332 1116 2383 tempus
1148 2331 1259 2370 haec
1290 2331 1432 2370 incisa
1461 2341 1581 2382 esse;
1621 2330 1701 2370 sed
1738 2330 1783 2370 id
1815 2331 2033 2383 probasse
2065 2333 2175 2373 mihi
2251 2319 2254 2323 ⁴
2312 2316 2314 2363 j

191 2414 283 2443 non
315 2403 507 2444 videtur.
636 2406 658 2442 6
702 2403 763 2444 Cf.
787 2405 878 2443 not.
893 2407 932 2444 5.
983 2402 1175 2444 B.Niese
1207 2402 1362 2442 Gesch.
1387 2402 1465 2442 der
1488 2402 1653 2454 griech.
1674 2413 1719 2442 u.
1742 2402 1915 2444 maked.
1939 2405 2117 2445 Staaten
2138 2406 2175 2445 II

190 2486 233 2527 p.
259 2479 310 2516 85
344 2477 434 2516 not.
458 2479 481 2515 2
516 2476 790 2516 mentionem
823 2475 928 2516 facit
959 2476 1231 2516 narrationis
1264 2475 1508 2515 Pausaniae
1540 2475 1793 2527 periegetae
1823 2475 1854 2528 I,
1881 2479 1946 2528 46,
1971 2479 2015 2517 3;
2050 2480 2174 2518 τοῦτο
2248 2474 2252 2477 ’

191 2545 268 2601 μὲν
313 2544 391 2604 γὰρ
432 2542 641 2593 Σέλευκός
687 2544 796 2588 ἐστιν
845 2545 866 2588 ὁ
909 2542 1146 2602 Μιλησίοις
1185 2545 1256 2587 τὸν
1294 2544 1484 2603 χαλκοῦν
1530 2544 1814 2603 καταπέμψας
1851 2541 2094 2589 Ἀπόλλωνα
2132 2548 2174 2594 ἐς
2251 2555 2266 2567 “

189 2614 450 2675 Βραγχίδας,
490 2616 835 2674 ἀνακομισθέντα
875 2615 918 2664 ἐς
951 2612 1197 2673 Ἐκβάτανα
1237 2617 1290 2660 τὰ
1329 2613 1507 2673 Μηδικὰ
1546 2615 1626 2659 ὑπὸ
1668 2613 1839 2674 Ξέρξου.
1898 2619 2008 2673 VIII,
2033 2622 2102 2672 46,
2129 2624 2174 2662 3:
2251 2615 2260 2652 7

188 2688 259 2730 τὸν
289 2687 480 2747 χαλκοῦν
514 2687 663 2745 ἔλαβεν
697 2686 889 2748 (Ξέρξης)
920 2685 1164 2732 Ἀπόλλωνα
1193 2689 1263 2732 τὸν
1297 2687 1340 2732 ἐν
1371 2686 1651 2748 Βραγχίδαις·
1691 2688 1763 2731 καὶ
1791 2690 1863 2731 τὸν
1897 2690 1974 2747 μὲν
2007 2689 2176 2750 ὕστερον
2240 2695 2258 2747 ᾗ,

191 2758 344 2815 ἔμελλε
374 2760 517 2818 χρόνῳ
542 2757 750 2808 Σέλευκος
781 2760 1076 2817 καταπέμψειν
1098 2758 1339 2820 Μιλησίοις.
1392 2762 1478 2802 Sed
1509 2763 1554 2802 ni
1583 2762 1711 2803 fallor
1732 2764 1931 2815 primum
1964 2764 2176 2806 Seleucus
2244 2754 2257 2810 f.

190 2833 371 2874 Milesiis
402 2834 546 2886 ipsius
579 2833 650 2874 dei
681 2834 976 2874 simulacrum
1008 2834 1215 2887 reddidit,
1249 2834 1398 2886 paullo
1429 2836 1534 2887 post
1564 2835 1603 2874 ei
1635 2835 1753 2875 dona
1783 2846 1899 2887 quae
1930 2836 2004 2876 hic
2026 2847 2177 2878 recen·

191 2906 347 2945 santur
385 2906 522 2946 misit.
701 2909 723 2946 7
768 2905 827 2946 cf.
860 2917 902 2946 n.
927 2906 990 2946 64.
1024 2905 1148 2946 2204.
1327 2910 1349 2946 8
1392 2908 1663 2948 ΔιΔΥΜοιΣ
1701 2907 1881 2947 Boea-kh
1919 2909 2014 2948 sine
2053 2910 2177 2950 varia
2241 2895 2245 2909 ²
2310 2925 2314 2935 ‹

190 2977 395 3029 lectione,
429 2974 644 3032 ΔΙΙΔΙΜΩ
675 2977 779 3029 Cyr.
811 2989 866 3018 ex
897 2978 1134 3030 Targionii,
1168 2979 1379 3019 ΔΙΔΥΜΩ
1411 2978 1529 3019 idem
1563 2989 1617 3019 ex
1640 2979 1872 3020 Riemanni
1902 2981 2174 3022 testimonio.
2246 2994 2250 2995 ⁷

192 3053 215 3089 9
258 3049 355 3097 Quo
388 3051 598 3102 tempore
629 3050 788 3090 titulus
820 3051 1056 3090 etiamtum
1090 3051 1276 3090 Seleuco
1310 3051 1521 3092 Callinico
1554 3053 1598 3092 et
1630 3051 1849 3092 Antiocho
1882 3052 2056 3093 Hieraci
2097 3054 2175 3093 tri-

190 3121 428 3174 buebatur,
461 3122 662 3174 proclive
694 3123 790 3162 erat
820 3122 893 3162 hic
923 3122 1233 3163 Antiochuml
1266 3123 1422 3163 Sotera
1454 3124 1644 3175 eiusque
1674 3135 1866 3164 uxorem
1898 3125 2174 3165 Stratonicen
2235 3123 2239 3126 ’
2291 3108 2293 3121 ³

191 3194 296 3244 post
329 3195 523 3234 mortem
557 3193 721 3234 divinis
760 3193 1010 3234 honoribus
1042 3193 1228 3234 affectos
1270 3205 1524 3246 agnoscere.
1585 3194 1642 3235 At
1681 3206 1802 3236 nunc
1842 3198 2030 3249 apparet
2068 3197 2175 3238 deos
2231 3204 2249 3243 ssz·
2290 3248 2291 3262 γ

191 3265 433 3317 quoslibet,
466 3264 634 3317 quibus
666 3265 788 3306 salus
822 3266 939 3317 regis
970 3267 1015 3305 et
1045 3267 1168 3317 regni
1201 3277 1335 3307 curae
1367 3269 1475 3319 erat,
1517 3268 1582 3308 sic
1613 3268 1836 3308 nominari
1868 3269 2093 3320 potuisse;
2131 3270 2175 3309 et
2234 3307 2240 3311 ,
2288 3266 2291 3297 f

191 3336 265 3376 hic
285 3337 470 3388 quidem
495 3338 1023 3378 accommodatissimum
1046 3340 1127 3390 est,
1160 3339 1310 3390 ipsum
1334 3339 1586 3391 Apollinem
1605 3338 1878 3391 Didymeum
1902 3342 1947 3380 et
1967 3339 2075 3381 deos
2096 3341 2174 3393 qui

192 3418 297 3447 cum
329 3419 382 3449 eo
414 3420 504 3448 una
535 3409 790 3449 colerentur
821 3410 1119 3462 interpretari.
1267 3413 1318 3450 4ο
1356 3411 1690 3452 ΠΟΛΙΑΝΘΗΝ
1726 3411 1903 3451 Boeckh
1934 3411 2030 3452 sine
2050 3413 2174 3453 varia

192 3478 403 3532 lectione;
452 3481 559 3521 item
604 3481 878 3522 Riemannus
923 3482 996 3521 hic
1041 3481 1150 3521 nihil
1197 3492 1251 3521 ex
1293 3482 1482 3534 Cyriaco
1523 3482 1719 3535 adnotat,
1767 3493 1871 3523 cum
1911 3483 2174 3535 Targionius

195 3551 541 3592 ΠΟΛΥΑΝΘΗΣ
577 3553 798 3593 exhibeat.
862 3553 1070 3594 Ceterum
1104 3554 1328 3605 scriptura
1364 3565 1447 3606 per
1479 3551 1582 3594 ἰῶτα
1614 3565 1751 3594 versu
1782 3557 1834 3594 22
1868 3554 2172 3609 confirmatur,

191 3633 356 3663 nomen
387 3625 624 3675 proprium
656 3621 901 3680 Πολιάνθης
933 3626 1067 3666 etiam
1101 3624 1229 3678 Sy11.2
1252 3629 1345 3678 305,
1371 3630 1393 3665 6
1428 3627 1640 3666 occurrit.
1699 3626 1763 3665 De
1801 3627 1983 3670 nomine
2021 3627 2172 3680 appel-

193 3695 330 3734 lativo
362 3694 528 3735 ficticio
561 3693 788 3751 πολιοίνθη,
829 3697 954 3749 quod
985 3697 1162 3749 priores
1195 3697 1389 3738 editores
1428 3698 1500 3737 hic
1540 3708 1780 3748 agnoscere
1821 3698 1906 3737 sibi
1942 3699 2024 3739 visi
2056 3701 2171 3750 sunt,

2265 924 2305 1739 “wa-:m-flQJ—mffmmmv.4
2289 909 2294 914 ,
2287 886 2290 893 .
2290 859 2294 862 ,
2291 782 2293 786 ,
2295 715 2299 725 q
