2314 3970
241 211 339 262 106
918 210 966 250 11.
1013 210 1214 261 Regnum
1247 210 1527 262 Lagidarum.
2141 213 2210 264 [56

381 381 675 452 ἀμφοτέρων
710 383 805 433 τῶν
835 384 996 450 μερῶν
1035 383 1122 432 τοῦ
1150 382 1409 451 δρόμουθο,
1454 381 1459 451 Ι
1502 379 1626 451 μετὰ
1656 382 1710 435 δὲ
1740 387 1897 437 ταῦτα
1934 380 2054 435 τοὶ91
2089 384 2210 455 πρὸς

378 468 465 537 τὴν
516 468 755 521 ἐκθέωσιν
808 467 960 536 αὐτῆς
1004 468 1195 536 νόμιμα
1244 465 1329 519 καὶ
1384 467 1473 538 τὴν
1519 471 1606 519 τοῦ
1657 470 1870 530 πένθους
1919 471 2213 523 ἀπόλυσιν92

382 555 646 606 ἀπέδωκαν
688 555 1074 623 μεγαλοπρεπῶς
1112 551 1198 606 καὶ
1223 556 1581 623 κηδεμονικῶς,
1620 555 1852 627 καθάπερ
1890 556 1975 609 καὶ
2014 556 2094 608 ἐπὶ
2124 560 2215 610 τῶι

366 633 511 692 ’Άπει
552 639 557 709 Ι
598 638 682 692 καὶ
723 638 979 710 Μνηύει93
1017 640 1298 710 εἰθισμένον
1327 638 1458 692 ἐστὶν
1484 639 1726 711 γίνεσθαι,
1767 643 2015 714 δεδόχθαι
2049 663 2214 696 συντε-

378 727 481 778 λεῖν
520 730 602 795 τῆι
641 728 698 779 ἐκ
735 728 832 779 τῶν
869 724 1158 797 Εὐεργετῶν
1199 727 1330 778 θεῶν
1369 728 1699 797 γεγενημένηι
1738 728 2025 799 βασιλίσσηι
2062 727 2215 799 Βερε-

296 825 348 865 55
379 813 514 881 νίκηι
557 812 706 881 τιμὰς
754 813 944 873 ἀϊδίους
994 815 1045 866 ἐν
1088 813 1246 865 ἅπασι
1288 813 1390 872 τοῖς
1427 811 1443 884 [Ι
1478 810 1669 866 ›ea-colu
1704 814 1792 885 τὴν
1830 815 2004 886 χώραν
2047 816 2212 885 ἱεροῖς,

378 898 462 951 καὶ
511 896 618 951 ἐπεὶ
665 900 735 958 εἰς
784 898 933 959 θεοὺς
983 900 1288 970 μετῆλθεν95
1339 902 1390 952 ἐν
1439 903 1530 953 τῶι
1568 898 1691 970 Τυβὶ
1731 901 1918 970 μηνί96,
1968 903 2019 954 ἐν
2058 904 2215 973 ῶιπερ

378 983 463 1037 καὶ
501 987 533 1055 ἡ
574 989 661 1037 τοῦ
689 981 870 1039 εΗλίου
907 983 1196 1058 θυγάτηρ97
1234 988 1286 1039 ἐν
1326 987 1484 1057 ἀρχῆι
1523 988 1825 1057 μετήλλαξεν
1863 986 1946 1040 τὸν
1990 988 2109 1059 βίον,
2152 991 2215 1059 ἣν

351 1150 401 1187 90
445 1146 557 1187 Ante
587 1147 827 1188 introitum
858 1147 1028 1199 templi,
1066 1157 1202 1199 quem
1235 1157 1291 1186 ex
1321 1146 1541 1199 relliquiis
1570 1149 1758 1200 apparet
1788 1147 1928 1189 fuisse
1959 1159 1986 1188 a
2015 1148 2217 1201 meridie,

237 1230 323 1271 qua
370 1230 425 1259 ex
462 1217 575 1259 urbe
612 1218 878 1260 Alexandria
924 1218 1156 1260 acceditur
1195 1218 1251 1259 ad
1291 1217 1545 1259 delubrum.
1606 1219 1670 1259 De
1708 1220 1836 1260 vocis
1881 1217 2039 1274 δρόμος
2081 1220 2125 1260 vi
2163 1219 2217 1261 cf.

236 1303 276 1331 n.
302 1290 442 1330 47711.
591 1293 636 1331 94
681 1291 935 1331 Articulum
974 1291 1128 1332 omisit
1164 1287 1217 1331 A.
1263 1325 1272 1332 ,
1377 1293 1428 1330 92
1468 1291 1656 1343 Lepsius
1695 1302 1736 1344 p.
1771 1294 1787 1331 4
1800 1294 1823 1332 6
1866 1292 1912 1332 in
1950 1292 2217 1333 universum

235 1362 418 1414 quidem
457 1363 606 1403 luctus
651 1364 831 1416 tempus
871 1373 1019 1414 usque
1058 1362 1112 1403 ad
1152 1362 1391 1415 exsequias
1436 1364 1644 1415 peractas
1690 1364 1975 1416 septuaginta
2021 1363 2217 1404 duorum

236 1434 411 1474 dierum
451 1435 587 1475 fuisse
628 1436 783 1475 monet
824 1434 890 1485 (cf.
922 1434 1102 1475 Diodor.
1133 1434 1162 1484 I,
1194 1437 1261 1485 72,
1292 1434 1345 1487 2),
1387 1435 1467 1475 sed
1503 1435 1576 1475 hic
1607 1437 1794 1488 propter
1835 1436 2054 1477 instantes
2087 1436 2218 1477 ferias

235 1506 359 1557 regni
391 1506 501 1558 initi,
541 1507 625 1546 etsi
658 1506 891 1558 sepultura
922 1506 1106 1558 quidem
1138 1517 1228 1546 non
1258 1508 1413 1558 posset
1443 1507 1562 1547 intra
1590 1506 1777 1548 brevius
1819 1508 2018 1560 spatium
2049 1507 2218 1561 perfici,

236 1581 385 1618 tamen
423 1578 597 1619 luctum
636 1577 726 1619 fere
757 1579 802 1618 in
834 1578 1197 1630 quattuordecim
1230 1578 1325 1619 dies
1356 1580 1640 1619 contractum
1673 1589 1785 1619 esse.
1838 1578 1968 1627 Quod
1997 1582 2050 1620 ut
2078 1579 2218 1632 fieret,

236 1649 571 1702 dispensatione
610 1650 808 1702 quadam
849 1661 965 1703 opus
1006 1649 1158 1703 fuisse,
1198 1661 1336 1702 quam
1376 1650 1636 1691 sacerdotes
1676 1662 1768 1692 una
1806 1662 1914 1691 cum
1952 1651 2133 1693 decreto
2165 1651 2220 1693 de

236 1721 402 1762 infante
432 1722 550 1763 inter
582 1722 689 1763 deos
730 1721 962 1763 referenda
995 1719 1227 1774 (ἐκθέωσις)
1266 1721 1545 1763 tribuissent.
1606 1722 1730 1763 Hanc
1765 1723 1982 1775 intellegit
2019 1720 2220 1765 ἀπόλυσιν

234 1796 309 1835 τοῦ
342 1790 540 1839 πένθους.
599 1794 656 1834 At
684 1806 775 1835 vox
806 1796 905 1847 ipsa
936 1796 1057 1835 certe
1094 1794 1263 1835 nullam
1295 1793 1521 1835 eiusmodi
1557 1794 1799 1847 licentiam,
1838 1795 1918 1836 sed
1954 1795 2221 1848 simpliciter

236 1865 371 1906 finem
411 1866 561 1906 luctus
600 1865 780 1907 indicat.
840 1866 900 1907 Cf.
932 1866 1114 1907 Diodor.
1152 1867 1184 1919 I,
1217 1869 1284 1919 85,
1318 1869 1341 1906 2
1394 1864 1490 1907 ὅταν
1531 1859 1562 1906 δ’
1596 1863 1753 1923 εὑρεθῇ
1791 1865 1828 1918 (ὁ
1854 1857 2010 1920 Ἆπις),
2048 1865 2102 1909 τὰ
2143 1865 2220 1922 μὲν

237 1935 386 1992 πλήθη
416 1941 491 1979 τοῦ
524 1936 706 1984 πένθους
738 1935 981 1980 ἀπολύεται.
1042 1937 1201 1990 Neque
1231 1949 1341 1979 vero
1371 1938 1427 1979 de
1458 1939 1590 1980 venia
1616 1939 1748 1980 solito
1780 1939 1907 1991 prius
1938 1939 2112 1980 luctum
2144 1939 2218 1980 de-

236 2009 434 2062 ponendi
466 2011 755 2051 sacerdotum
787 2010 998 2063 suffragio
1031 2021 1258 2063 concessa,
1296 2010 1376 2051 sed
1417 2010 1472 2051 de
1510 2010 1797 2052 caerimoniis
1834 2011 2219 2064 religionibusque

237 2081 404 2135 quibus
436 2082 585 2123 luctus
616 2083 820 2124 solvatur
849 2083 923 2123 hic
961 2084 1151 2135 cogitari
1182 2082 1409 2124 vocabula
1449 2081 1783 2139 μεγαλοπρεπῶς
1819 2081 1892 2124 καὶ
1921 2082 2219 2138 κηδεμονικῶς

234 2156 470 2207 testantur,
510 2166 626 2208 quae
665 2155 721 2196 ad
760 2155 954 2208 simplex
992 2155 1226 2196 decretum
1265 2154 1320 2196 de
1359 2155 1572 2196 breviore
1610 2155 1791 2207 lugendi
1835 2158 2042 2209 tempore
2080 2156 2219 2197 relata

236 2226 388 2278 inepta
418 2237 470 2267 ac
499 2237 640 2279 paene
671 2227 861 2268 ridicula
890 2229 1053 2268 essent.
1115 2226 1262 2275 Quare
1292 2227 1446 2268 nescio
1486 2239 1542 2267 an
1579 2225 1657 2282 τὴν
1686 2229 1762 2268 τοῦ
1802 2225 1985 2273 πένθους
2015 2224 2219 2268 ἀπόλυσιν

236 2310 327 2338 non
368 2310 393 2339 a
431 2298 571 2339 verbo
612 2296 840 2340 ἀπέδωκαν
879 2299 1085 2352 pendeat,
1133 2299 1212 2340 sed
1252 2311 1277 2340 a
1314 2299 1653 2352 praepositione
1693 2297 1810 2354 πρός,
1847 2302 1900 2340 ut
1938 2299 2221 2351 intellegatur

238 2364 356 2411 ‘cum
387 2370 622 2423 magnifice
653 2372 698 2411 et
729 2371 936 2423 religiose
967 2370 1270 2412 absolvissent
1308 2371 1423 2412 ritus
1455 2370 1682 2412 sollennes
1711 2371 1790 2423 qui
1828 2373 2035 2423 spectant
2064 2371 2121 2412 ad
2150 2382 2219 2412 re-

237 2444 387 2494 ginam
418 2444 463 2483 in
495 2443 683 2484 deorum
705 2454 948 2484 numerum
970 2443 1275 2496 recipiendam
1307 2446 1352 2484 et
1380 2443 1437 2484 ad
1457 2442 1632 2484 luctum
1661 2438 1935 2484 finiendum'.
1987 2443 2084 2492 Qua
2114 2454 2219 2484 cum

236 2515 610 2567 interpretatione
639 2516 854 2556 convenit
884 2515 1009 2568 quod
1044 2515 1432 2568 hieroglyphicam
1462 2515 1722 2556 versionem
1762 2526 1846 2567 pro
1879 2515 2046 2556 Graeco
2087 2526 2221 2556 voca-

239 2585 347 2627 bulo
385 2584 589 2632 ἀπόλυσις
620 2584 917 2641 puryatiom's
957 2588 1188 2628 notionem
1229 2587 1396 2628 habere
1435 2589 1658 2628 testantur
1698 2586 1922 2627 Revillout
1959 2589 2003 2627 et
2038 2588 2219 2640 Pierret‚

240 2658 374 2709 atque
394 2658 492 2710 ipse
514 2658 702 2710 Lepsius
724 2659 771 2699 in
798 2659 1073 2700 interlineari
1093 2659 1544 2712 hieroglyphicorum
1565 2659 1774 2700 versione
1793 2653 2054 2714 ‘Sic‘kmmq'
2070 2658 2219 2712 habet,

240 2727 364 2781 quod
393 2729 595 2782 profecto
627 2741 716 2770 non
748 2730 868 2771 cadit
897 2731 943 2771 in
974 2730 1209 2771 decretum
1240 2742 1332 2783 quo
1373 2732 1556 2783 tempus
1598 2730 1778 2782 lugendi
1815 2731 1861 2770 in
1899 2730 2084 2771 brevius
2115 2741 2220 2771 con·

240 2801 446 2842 trahitur.
498 2802 642 2842 Luctu
672 2802 880 2842 homines
910 2802 1137 2854 inquinari
1170 2803 1322 2854 opinio
1355 2804 1424 2842 est
1452 2803 1498 2842 in
1528 2802 1859 2854 permultarum
1885 2803 2086 2854 gentium
2119 2802 2220 2842 reli-

240 2872 449 2925 gionibus
471 2873 748 2927 pervulgata,
777 2874 913 2914 etiam
937 2885 961 2914 a
985 2873 1166 2914 Graecis
1188 2874 1453 2925 neutiquam
1480 2873 1644 2924 aliena;
1675 2885 1816 2926 quare
1837 2874 2124 2915 caerimoniis
2146 2885 2220 2914 ex-

240 2945 444 2998 piatoriis
475 2956 591 2998 opus
622 2947 704 2998 est,
736 2957 841 2987 cum
872 2946 1022 2986 luctus
1052 2945 1218 2986 finitur.
1367 2949 1420 2986 93
1459 2940 1576 2987 Ἄπει
1605 2940 1774 3002 Μνηύει
1811 2946 1856 2985 in
1886 2943 1931 2987 B
1956 2956 2055 2986 esse
2086 2945 2222 2986 refert

242 3018 396 3058 Strack
427 3017 563 3070 idque
592 3018 786 3070 recepit;
825 3018 904 3058 sed
933 3017 1007 3058 hic
1037 3028 1164 3058 error
1193 3019 1274 3070 est,
1315 3028 1419 3058 nam
1449 3017 1495 3057 in
1526 3016 1681 3058 tabula
1710 3017 2067 3070 photographica
2098 3017 2220 3070 apud

241 3089 461 3131 Millerum
494 3090 569 3131 Ι<ΑΙ
602 3089 811 3131 distincte
842 3090 1114 3142 agnoscitur,
1152 3100 1299 3141 neque
1337 3089 1522 3130 omnino
1554 3090 1800 3142 quicquam
1841 3089 1916 3130 hic
1955 3091 2024 3130 est
2054 3089 2219 3130 discre-

241 3162 391 3214 pantis
425 3162 643 3214 lectionis,
681 3162 768 3203 nisi
809 3162 932 3214 quod
970 3162 1015 3202 in
1046 3157 1088 3202 A
1128 3171 1292 3201 nomen
1321 3156 1440 3202 Ἄπει
1478 3162 1657 3214 praeter
1694 3161 1890 3202 litteram
1928 3161 2143 3202 initialem
2173 3161 2220 3201 in
2305 3163 2307 3174 ⁴

242 3232 329 3274 fine
349 3244 510 3275 versus
530 3234 729 3275 evanuit.
769 3234 833 3274 De
853 3234 937 3286 Api
959 3235 1003 3274 et
1022 3233 1171 3274 Mnevi
1193 3232 1245 3273 cf.
1269 3234 1359 3273 not.
1376 3235 1443 3273 24.
1571 3235 1623 3273 94
1661 3233 1818 3275 ΤΑΤΑ
1848 3230 1903 3274 A.
2030 3237 2082 3272 95
2113 3233 2219 3273 For·
2303 3204 2306 3252 s

244 3305 366 3345 mula
412 3306 467 3346 de
511 3316 668 3358 regum
709 3306 1038 3358 hominumque
1076 3305 1225 3356 regiae
1262 3304 1417 3356 stirpis
1461 3304 1591 3345 obitu
1628 3315 1710 3356 per
1749 3305 1900 3345 omnia
1938 3315 2074 3355 regna
2104 3314 2220 3355 quae
2298 3322 2301 3370 3

245 3377 348 3427 post
375 3376 678 3418 Alexandrum
706 3377 888 3419 fuerunt
917 3377 1226 3419 usitatissima.
1288 3375 1349 3416 Cf.
1388 3375 1434 3416 E.
1456 3376 1742 3417 Kornemann
1761 3376 1816 3416 ⁴in
1846 3375 1890 3416 C.
1911 3375 1954 3416 F.
1976 3374 2219 3416 Lehmanni

244 3447 446 3499 Beitrag'e
478 3460 559 3489 zur
589 3449 706 3490 alten
739 3449 1005 3491 Geschichte
1034 3448 1052 3488 1
1082 3459 1126 3501 p.
1152 3450 1195 3488 61
1235 3448 1330 3488 not.
1353 3451 1390 3488 4.
1452 3447 1570 3488 Infra
1600 3459 1641 3488 n.
1666 3451 1762 3500 339,
1786 3450 1858 3487 46:
1896 3451 1981 3487 τῶν
2018 3460 2063 3487 τε
2106 3444 2219 3501 βασι·
2293 3472 2297 3498 ,,

246 3515 357 3558 λέων
389 3517 447 3564 εἰς
477 3517 604 3566 θεοὺς
636 3519 945 3575 μεταστάντων.
1105 3523 1158 3561 96
1199 3519 1260 3561 Cf.
1291 3520 1384 3560 not.
1407 3523 1445 3560 9.
1592 3523 1645 3560 97
1686 3518 1748 3560 Cf.
1780 3514 1969 3571 Lepsius
1998 3530 2044 3572 p.
2068 3521 2120 3558 46
2138 3529 2217 3570 sq„
2292 3499 2295 3538 ,¹

247 3589 326 3640 qui
356 3592 512 3630 monet
551 3591 597 3631 in
635 3593 940 3633 monumentis
970 3591 1258 3644 Aegyptiacis
1295 3590 1553 3643 frequenter
1590 3601 1829 3631 occurrere
1868 3589 1998 3630 deam
2039 3590 2220 3630 nomine
2289 3595 2291 3616 ³

253 3657 404 3714 Tafne,
436 3672 552 3714 quae
582 3672 724 3715 paene
756 3674 936 3717 semper
965 3663 1056 3704 filia
1086 3662 1157 3703 dei
1187 3660 1272 3715 Ra,
1304 3663 1331 3703 i.
1354 3673 1390 3702 e.
1424 3662 1550 3715 Solis,
1582 3662 1844 3715 appelletur,
1875 3663 1927 3701 ut
1955 3660 2092 3702 frater
2121 3661 2218 3702 eius
2286 3673 2288 3703 5
