2314 3970
242 194 341 243 154
918 191 966 230 ll.
1014 190 1213 241 Regnum
1247 189 1527 242 Lagidarum.
2139 189 2205 240 [90

383 383 522 434 τερον
574 364 772 433 χρόνοις
813 361 1211 430 ἀποκατέστησεν
1251 361 1321 419 εἰς
1366 360 1454 431 τὴν
1493 361 1826 430 καθήκουσαν
1865 358 2016 429 τάξιν,
2064 381 2212 430 φρον-

381 450 526 508 τίζων
574 451 706 507 ὅπως
752 443 815 499 τὰ
865 447 1128 516 εἰθισμένα
1174 449 1466 516 συντελῆται
1509 446 1706 516 τοῖ(ς)65
1749 447 1885 505 θεοῖς
1930 443 2061 499 κατὰ
2106 446 2159 499 τὸ
2203 446 2208 516 ξ

382 539 661 606 προσῆκον’
703 534 886 603 ὁμοίως
926 532 981 586 δὲ
1018 531 1102 586 καὶ
1140 531 1194 586 τὸ
1235 534 1426 586 δίκαιον
1463 536 1612 585 πᾶσιν
1653 533 1931 602 ἀπένειμεν,
1978 530 2211 603 καθάπερ

372 618 560 691 Ἑρμῆς
599 622 624 671 ὁ
667 621 822 690 μέγας
859 618 944 672 καὶ
985 620 1219 690 μέγαςθθ·
1257 619 1650 691 πρ(ο)σέταξεν67
1687 618 1742 671 δὲ
1780 616 1864 672 καὶ
1912 617 2025 678 τοὺς
2062 639 2215 671 κατα-

380 707 741 777 πορευομένους
786 706 844 759 ἔκ
891 726 944 759 τε
991 709 1087 759 τῶν
1129 707 1362 778 μαχίμων
1379 709 1423 742 ⁶8
1470 705 1555 758 καὶ
1592 708 1688 758 τῶν
1728 705 1893 758 ἄλλων
1931 708 2026 758 τῶν
2067 706 2215 758 ἀλλό-

238 913 436 966 pretium
467 913 562 953 erat
591 911 715 965 quod
744 910 853 952 fisco
885 912 1061 952 certum
1094 921 1335 951 numerum
1367 909 1579 961 vestium,
1611 910 1690 949 aut
1719 909 1757 949 si
1789 908 1968 960 quando
2000 919 2089 949 non
2119 909 2215 950 tan-

238 987 334 1025 tum
367 984 617 1037 effecerant,
649 984 884 1036 pecuniam
918 983 1112 1036 pendere
1134 981 1420 1022 iubebantur.
1474 981 1558 1022 Sed
1589 981 1686 1021 eius
1707 980 1938 1032 vectigalis
1970 980 2084 1021 duas
2115 991 2216 1033 par-

237 1059 304 1098 tes
335 1057 490 1098 tertias
520 1057 775 1109 Epiphanes
808 1055 1121 1097 sacerdotibus
1153 1054 1339 1095 remisit.
1399 1053 1499 1095 Non
1531 1052 1892 1106 improbabiliter
1929 1052 1986 1094 ad
2015 1053 2086 1092 ius
2116 1062 2216 1092 ves-

238 1130 353 1170 tium
374 1129 595 1170 linearum
624 1128 1005 1170 conficiendarum
1027 1128 1134 1180 regi,
1163 1128 1322 1180 postea
1349 1125 1629 1178 imperatori,
1658 1125 1940 1166 reservatum
1955 1123 2217 1164 Wilckenus

238 1201 373 1243 refert
401 1201 608 1242 Trebellii
639 1201 850 1242 Pollionis
881 1201 1001 1242 vitae
1034 1199 1218 1241 Gallieni
1250 1210 1286 1239 c.
1321 1202 1360 1251 6,
1385 1200 1432 1238 4:
1472 1209 1587 1239 nasm
1617 1209 1722 1239 eum
1752 1194 1797 1238 ei
1834 1196 2060 1247 (Gallieno)
2096 1207 2218 1238 nun-

238 1271 404 1316 tiatum
432 1275 541 1315 esset
558 1270 810 1328 Aeyyptum
840 1269 1086 1325 descivisse,
1118 1268 1288 1313 dimisse
1317 1267 1463 1324 fertur
1482 1263 1618 1324 ‘quid‚
1649 1266 1750 1311 s‘bne
1769 1266 1864 1310 lmo
1885 1265 2099 1323 Aeyyptio
2129 1280 2220 1309 esse

239 1359 334 1388 non
355 1340 655 1401 possumus'?
822 1348 872 1385 65
911 1345 1084 1387 ΤΟΙΞ.
1234 1347 1285 1384 66
1327 1342 1388 1384 Cf.
1421 1354 1462 1383 n.
1489 1341 1611 1383 ⁴763.
1775 1345 1825 1382 67
1871 1341 2219 1383 ΠΡΣΕΤΑΞΕΝ.

242 1423 292 1460 68
332 1419 426 1459 Hoc
456 1418 637 1459 nomine
670 1417 874 1458 ordinem
905 1417 1102 1457 militum
1133 1416 1179 1456 in
1221 1416 1406 1468 antiquo
1437 1414 1770 1467 Aegyptiorum
1800 1423 1939 1466 regno
1972 1411 2224 1464 significant
2280 1426 2291 1471 '-

240 1491 452 1532 Herodot.
474 1491 526 1543 Il,
553 1492 647 1531 ⁴64.
696 1489 878 1530 Diodor.
902 1490 932 1542 I,
956 1491 1023 1542 73,
1043 1491 1080 1529 7.
1117 1490 1183 1540 74,
1203 1491 1240 1528 i.
1276 1490 1343 1540 94,
1365 1489 1400 1528 4.
1462 1487 1578 1527 Eum
1610 1497 1699 1528 non
1731 1485 1963 1527 sublatum
1993 1495 2093 1526 esse
2118 1485 2223 1525 Per·
2283 1476 2293 1535 f

241 1574 395 1604 sarum
427 1562 734 1603 dominatione
765 1561 930 1602 indicio
971 1561 1042 1600 est
1073 1559 1287 1600 Herodoti
1317 1559 1444 1600 locus
1475 1558 1548 1611 IX,
1574 1561 1640 1611 32,
1679 1557 1761 1598 ubi
1798 1558 1843 1597 in
1883 1557 2085 1598 exercitu
2115 1557 2222 1596 Per-

239 1646 394 1676 sarum
432 1634 490 1675 ad
519 1634 719 1675 Plataeas
759 1633 1175 1674 commemorantur
1215 1627 1256 1672 οἵ
1291 1643 1339 1671 τε
1367 1623 1642 1685 Ἑρμοτύβιες
1678 1629 1752 1670 καὶ
1790 1627 1832 1671 οἱ
1862 1623 2116 1686 Καλασίριες
2145 1642 2222 1670 κα·
2283 1628 2292 1670 '2

238 1705 438 1762 λεόμενοι
477 1703 801 1764 μαχαιροφόροι,
843 1702 965 1761 οἵπερ
1005 1701 1083 1745 εἰσὶ
1113 1699 1355 1760 Αἰγυπτίων
1397 1704 1547 1757 μοῦνοι
1589 1699 1784 1760 μάχιμοι.
1846 1701 1912 1742 Ex
1955 1701 2222 1742 Ptolemaeis
2273 1687 2296 1809 ἱ

242 1781 391 1820 autem
425 1781 515 1819 tres
548 1778 683 1831 primi
714 1778 759 1818 in
791 1778 1056 1819 universum
1088 1775 1273 1829 quidem
1304 1775 1530 1816 exercitus
1552 1774 1849 1815 Macedonum
1880 1775 1926 1815 et
1946 1774 2220 1814 Graecorum

242 1851 655 1892 mercennariorum
688 1849 933 1902 habebant;
966 1850 1012 1890 at
1040 1850 1161 1889 certe
1182 1848 1504 1889 Ptolemaeusl
1536 1858 1625 1888 non
1655 1846 1787 1899 plane
1818 1845 2036 1887 abstinuit
2064 1845 2224 1886 militia
2271 1828 2279 1862 .·

241 1923 567 1976 indigenarum.
623 1922 683 1963 Cf.
717 1922 899 1963 Diodor.
922 1921 1038 1974 XIX,
1062 1924 1128 1974 80,
1154 1923 1176 1960 4
1210 1919 1452 1976 συναγαγὼν
1482 1916 1554 1960 οὖν
1587 1919 1717 1970 (anno
1743 1921 1823 1958 342
1846 1930 1884 1961 a.
1908 1918 2009 1960 Chr.
2031 1917 2087 1969 n.)
2120 1930 2223 1958 παν·
2312 1901 2314 1908 ’

241 1992 424 2053 ταχόθεν
462 1993 538 2041 τὰς
576 1992 775 2049 δυνάμεις
816 1991 1030 2042 ἀνέζευξεν
1071 1990 1155 2034 ἀπὸ
1185 1987 1492 2048 Ἀλεξανδρείας
1523 1989 1584 2037 εἰς
1624 1987 1880 2046 Πηλούσιον,
1920 1988 2031 2047 ἔχων
2070 1987 2222 2037 πεζοὺς
2267 1987 2271 1991 ’
2311 1969 2314 1982 ⁴

247 2067 322 2123 μὲν
364 2065 537 2126 μυρίους
577 2063 929 2124 ὀκτακισχιλίους,
974 2063 1116 2111 ἱππεῖς
1157 2063 1205 2106 δὲ
1233 2061 1608 2123 τετρακισχιλίους,
1651 2063 1708 2104 ὦν
1745 2059 1853 2116 ἦσαν
1897 2060 1938 2104 οἱ
1968 2060 2044 2118 μὲν
2076 2057 2223 2104 Μακε-

244 2139 375 2194 ῧόνες,
415 2138 455 2181 οἱ
487 2138 532 2180 δὲ
571 2136 839 2196 μισθοφόροι,
882 2133 1122 2193 Αἰγυπτίων
1161 2135 1209 2178 δὲ
1248 2133 1426 2191 πλῆθος.
1487 2136 1552 2176 De
1592 2135 1881 2188 Philadelpho
1921 2136 1966 2175 et
2004 2134 2224 2187 Euergeta

244 2213 363 2253 idem
395 2211 506 2252 dicit
535 2211 788 2252 Lumbi-oso
820 2210 1098 2250 Recherches
1129 2220 1171 2262 p.
1196 2212 1292 2262 227,
1325 2208 1404 2249 sed
1435 2208 1490 2248 de
1521 2219 1574 2249 ea
1604 2219 1652 2248 re
1683 2207 1740 2248 ad
1761 2207 1942 2260 Polybii
1973 2207 2096 2248 locos
2119 2217 2223 2259 pro·

244 2286 390 2337 vocat,
429 2285 507 2337 qui
546 2284 602 2325 ad
639 2295 782 2325 unum
821 2293 978 2324 omnes
1020 2282 1077 2323 ad
1112 2281 1411 2334 Philopatoris
1442 2281 1596 2333 potius
1634 2291 1822 2332 regnum
1861 2280 2077 2332 spectant.
2138 2278 2224 2318 Sed
2304 2264 2313 2330 Ξ

247 2358 465 2399 mansisse
496 2357 679 2397 illorum
710 2356 907 2396 militum
928 2355 1239 2407 indigenarum
1271 2353 1466 2406 posteris
1497 2353 1619 2394 bona
1638 2363 1722 2394 sua
1743 2363 1912 2404 eosque
1933 2352 2064 2404 quasi
2084 2362 2223 2404 quen·
2301 2345 2311 2404 fi

246 2430 351 2471 dam
383 2429 590 2470 ordinem
622 2428 824 2470 effecisse
854 2428 975 2469 haud
1005 2426 1267 2468 incredibile
1298 2427 1378 2467 est.
1439 2426 1533 2466 Iam
1566 2436 1673 2466 cum
1695 2424 1979 2466 Ptolemaeus
2000 2423 2058 2464 IV
2079 2423 2224 2464 Philo·
2299 2404 2311 2530 ί

247 2503 380 2554 pator
429 2503 586 2543 contra
635 2501 908 2542 Antiochum
955 2499 1012 2539 111
1056 2500 1265 2551 Magnum
1316 2498 1485 2539 bellum
1537 2498 1711 2550 gereret
1760 2508 1877 2538 anno
1925 2498 2007 2538 2⁴8
2037 2508 2075 2537 a.
2109 2496 2224 2549 Chr.‚
2301 2533 2309 2562 ,ι

247 2574 492 2627 Aegyptios
528 2573 750 2614 exercitui
789 2583 871 2613 suo
908 2572 1110 2613 inseruit.
1172 2570 1232 2612 Cf.
1265 2570 1420 2623 Polyb.
1443 2569 1482 2610 V
1505 2573 1570 2623 65,
1595 2573 1642 2610 9:
1686 2567 1734 2610 τὸ
1776 2567 1822 2610 δὲ
1861 2573 1944 2610 τῶν
1984 2563 2250 2624 Αἰγυπτίων·
2299 2567 2310 2680 ἶ

247 2643 416 2701 πλῆθος
446 2644 498 2701 ἦν
532 2644 607 2701 μὲν
640 2642 698 2690 είς
729 2641 971 2700 δισμυρίους
1004 2639 1556 2700 φαλαγγίτας,’ὑπετοίττετο
1589 2638 1636 2682 δὲ
1657 2637 1866 2697 Σωσιβίῳ.
1916 2640 1971 2681 Hi
1991 2651 2101 2682 vero
2122 2641 2246 2694 post<
2300 2685 2310 2705 J

247 2728 319 2758 res
358 2718 404 2757 in
434 2717 564 2770 Syria
605 2727 821 2769 prospere
852 2717 999 2768 gestas
1046 2715 1195 2756 animo
1235 2713 1413 2755 sublato
1457 2713 1750 2754 rebellionem
1792 2712 2009 2754 fecerunt.
2068 2711 2243 2765 Polyb.÷
2277 2710 2314 2777 j

249 2791 300 2843 V,
325 2793 420 2844 407,
443 2793 573 2830 4——32
621 2785 873 2844 Πτολεμαίῳ
904 2802 950 2844 γε
982 2786 1066 2842 μὴν
1089 2784 1248 2832 εὐθέως
1278 2783 1360 2827 ἀπὸ
1392 2783 1553 2827 τούτων
1582 2790 1666 2826 τῶν
1687 2790 1848 2842 καιρῶν
1877 2782 2092 2841 συνέβαινε
2120 2781 2225 2841 γίνε-
2296 2780 2314 2812 ·,³

251 2860 349 2905 σθαι
386 2860 456 2903 τὸν
497 2860 602 2917 πρὸς
638 2858 737 2907 τοὺς
769 2856 1027 2917 Αἰγυπτίους
1059 2856 1261 2914 πόλεμον.
1294 2856 1315 2900 ὁ
1347 2855 1425 2914 γὰρ
1456 2856 1763 2915 προειρημένος
1795 2855 1990 2913 βασιλεὺς
2019 2853 2225 2900 καθοπλί-

252 2948 324 2981 σας
354 2932 452 2980 τοὺς
482 2930 737 2990 Αἰγυπτίους
768 2930 836 2973 ἐπὶ
865 2930 936 2973 τὸν
968 2930 1072 2990 πρὸς
1101 2925 1308 2987 Ἀντίοχον
1340 2927 1529 2985 πόλεμον
1568 2929 1671 2986 πρὸς
1705 2929 1782 2986 μὲν
1812 2928 1860 2971 τὸ
1891 2928 2025 2985 παρὸν
2058 2926 2226 2988 ἐνδεχο-
2296 2951 2300 2958 r

254 3005 389 3062 μὲνως
421 3004 714 3062 ἐβουλεύσατο,
755 3007 830 3046 τοῦ
871 3003 918 3046 δὲ
957 3001 1188 3060 μέλλοντος
1224 3001 1460 3060 ἠστόχησε·
1507 2999 1918 3060 φρονηματισθέντες
1954 3000 2032 3061 γὰρ
2073 3000 2123 3043 ἐκ
2151 3002 2224 3043 τοῦ

252 3074 546 3136 περὶῬαφίαν
568 3076 887 3136 προτερήματος
917 3075 1058 3118 οὐκέτι
1086 3074 1134 3118 τὸ
1161 3073 1525 3131 προσταττόμενον
1558 3072 1705 3116 οἷοίτε
1724 3072 1832 3130 ἦσαν
1864 3071 2104 3129 ὑπομένειν,
2134 3065 2226 3114 ἀλλ”

254 3150 426 3208 ἐζήτουν
466 3148 658 3208 ἡγεμόνα
691 3148 764 3192 καὶ
805 3147 1028 3205 πρόσωπον
1069 3147 1126 3194 ὡς
1174 3145 1308 3188 ἱκανοὶ
1346 3144 1526 3202 βοηθεῖν
1568 3144 1684 3193 ὄντες
1726 3144 1885 3192 αὑτοῖς.
1936 3144 1957 3187 ὃ
1994 3144 2063 3188 καὶ
2106 3142 2230 3191 τέλος,

256 3221 456 3279 ἐποίησαν
499 3221 547 3264 οὐ
590 3220 694 3278 μετὰ
725 3219 856 3263 πολὺν
897 3218 1065 3277 χρόνον.
1127 3219 1240 3260 Cum
1287 3219 1371 3259 hac
1413 3219 1633 3260 seditione
1670 3220 1903 3259 Drumann
1950 3219 1995 3258 et
2034 3215 2226 3268 Mahaffy
2260 3255 2262 3257 ,

255 3296 496 3336 cohaerere
526 3296 730 3336 statuunt
760 3304 876 3346 quae
906 3293 952 3333 in
993 3292 1124 3333 titulo
1154 3292 1394 3332 Rosettano
1434 3291 1656 3343 leguntur.
1716 3291 1800 3331 Sed
1838 3290 1910 3330 ille
1951 3289 2135 3342 quidem
2173 3284 2263 3338 deg-

257 3367 411 3408 ordine
434 3368 618 3420 antiquo
641 3366 826 3407 militari
849 3376 938 3406 non
961 3363 1262 3416 cogitandum,
1293 3373 1454 3403 verum
1487 3360 1700 3420 μαχίμους
1732 3362 1786 3403 de
1818 3361 2029 3403 omnibus
2060 3360 2237 3412 indige-f

256 3440 325 3480 nis
363 3441 441 3491 qui
481 3442 580 3480 tum
621 3439 916 3480 descivissent
955 3449 980 3478 a
1017 3447 1123 3489 rege
1159 3435 1506 3487 intellegendum
1548 3435 1771 3487 opinatur.
1831 3433 1888 3474 At
1926 3434 1988 3474 ita
2026 3433 2072 3473 ni
2102 3424 2258 3491 falloryf

257 3511 614 3552 additamentum
654 3509 726 3552 καὶ
754 3516 837 3551 τῶν
869 3507 1010 3551 ἄλλων
1040 3514 1124 3551 τῶν
1165 3505 1365 3562 ἀλλότρια
1404 3505 1702 3563 φρονησάντων
1741 3516 1877 3547 sensu
1917 3515 2097 3546 cassum
2138 3500 2253 3555 est3}
2299 3509 2314 3520 ··

259 3594 398 3634 quare
432 3583 546 3623 malo
578 3584 701 3624 illam
724 3583 921 3623 veterem
943 3581 1137 3622 militum
1160 3579 1483 3632 Aegyptiorum
1515 3579 1704 3619 classem
1737 3587 1991 3629 agnoscere,
2023 3578 2075 3616 ut
2096 3567 2245 3616 Lum-⁴

2294 3792 2297 3819 ι

259 3654 396 3696 broso
430 3665 472 3707 p.
498 3658 548 3702 89
582 3656 626 3694 et
657 3653 862 3707 Mahaffy.
913 3653 1027 3695 Nam
1058 3652 1181 3705 quod
1201 3651 1466 3692 Letronnius
1496 3651 1608 3704 vult,
1640 3650 1887 3691 exercitum
1919 3649 1964 3689 in
1995 3647 2225 3700 superiore
