2314 3970
88 188 156 240 90]
571 185 810 226 Ptolemaei
833 184 869 224 V
901 185 1248 226 monumentum
1279 184 1584 226 Rosettanum.
1955 181 2051 234 151

231 358 333 416 τοῖς
371 356 508 415 θεοῖς
546 356 626 408 ἐπὶ
664 361 751 409 τοῦ
789 355 973 427 πατρὸς
1013 357 1164 409 αὐτοῦ
1206 355 1212 426 Ι
1255 356 1417 426 μένειν
1456 354 1536 408 ἐπὶ
1584 355 1835 426 χώρας58’
1880 356 2062 425 προσέ-

231 445 370 506 ταξεν
418 442 472 495 δὲ
517 443 602 495 καὶ
650 442 761 514 περὶ
798 446 894 496 τῶν
944 443 1115 514 ἱερέων
1155 445 1288 502 ὅπως
1335 441 1495 513 μηθὲν
1541 442 1710 495 πλεῖον
1750 442 1952 494 διδῶσιν
1991 443 2061 501 εἰς

225 529 279 583 τὸ
339 529 616 582 τελεστικὸν
631 533 676 566 59
722 529 779 582 οὗ
827 528 1092 583 ἐτάσσοντο
1146 530 1242 588 ἕως
1287 532 1374 582 τοῦ
1417 529 1615 600 πρώτου
1667 528 1807 588 ἔτους
1851 526 1932 580 ἐπὶ
1974 531 2062 580 τοῦ

227 615 411 687 πατρὸς
451 617 683 668 αὐτοόθθ·
725 617 967 669 ἀπέλυσεν
1009 615 1064 668 δὲ
1101 614 1189 667 καὶ
1225 614 1339 675 τοὺς
1377 615 1435 668 ἐκ
1470 618 1568 668 τῶν
1610 615 1615 685 Ι
1661 616 1805 686 ἱερῶν
1845 615 2063 667 ἐθνῶν61

201 781 252 819 58
291 777 534 819 Immutata
564 779 787 830 maneant,
825 777 877 817 ut
907 775 1247 830 perfrequenter
1278 775 1446 816 dicitur
1477 774 1519 816 ἐν
1550 776 1673 832 χώρᾳ
1703 778 1748 818 et
1776 773 1886 818 κατὰ
1915 775 2062 833 χώραν

84 848 235 907 μένειν.
401 853 453 891 59
497 849 610 890 Cum
640 850 874 890 Drumann
917 849 962 888 et
990 849 1201 900 Droysen
1239 847 1304 888 Kl.
1329 847 1548 888 Schriften
1580 849 1616 887 Il
1648 859 1691 900 p.
1717 851 1796 888 393
1838 849 1885 889 in
1926 848 2063 888 huius

83 923 207 964 vocis
239 922 538 974 explicatione
569 933 595 962 a
624 921 827 962 solvendi
858 920 1054 972 notione,
1085 930 1202 972 quae
1234 930 1341 960 sane
1372 919 1488 960 inest
1517 920 1563 959 in
1596 919 1735 960 verbo
1765 917 1922 972 τελεῖν,
1953 931 2063 973 pro—

83 994 185 1036 fecti
215 995 379 1047 essent,
410 994 645 1035 Ameilhon
667 995 711 1034 et
733 993 896 1034 Pahlen
918 1003 1026 1034 vero
1049 992 1104 1033 de
1134 992 1459 1044 mysteriorum
1493 992 1746 1033 initiatione
1777 993 2064 1045 cogitassent,

83 1078 198 1120 quae
243 1078 313 1107 res
359 1067 415 1107 ad
466 1077 619 1118 regem
664 1065 918 1118 fiscumque
968 1075 1257 1117 nequaquam
1302 1063 1571 1118 pertinebat,
1622 1065 1801 1117 primus
1844 1065 2065 1106 Letronne

81 1139 206 1192 vidit,
238 1138 427 1180 subesse
458 1139 689 1179 notionem
711 1137 995 1179 sacerdotem
1015 1136 1294 1178 instituendi.
1347 1136 1396 1177 Id
1426 1147 1508 1189 per
1537 1136 1656 1189 leges
1678 1137 1900 1177 sermonis
1932 1137 2065 1178 licere

81 1214 176 1266 ipse
208 1212 393 1264 quidem
423 1223 514 1252 una
544 1210 846 1264 Horapallinis
878 1210 1108 1251 locutione
1147 1208 1254 1265 πρὸς
1284 1207 1331 1249 τὸ
1366 1207 1479 1266 ἱερέα
1509 1206 1669 1250 τέλειον
1700 1206 1897 1266 γενέσθαι
1929 1209 1973 1262 (1,
1998 1209 2064 1260 39)

80 1284 304 1339 probavit,
346 1283 425 1324 sed
465 1294 583 1324 nunc
621 1283 765 1336 ipsius
806 1282 934 1324 verbi
971 1279 1108 1323 τελεῖν
1150 1282 1216 1323 sic
1254 1282 1462 1334 usurpati
1501 1281 1707 1334 exempla
1737 1282 1919 1334 praesto
1960 1282 2067 1322 sunt

82 1355 224 1410 (Syll.2
245 1359 340 1410 597,
365 1360 387 1396 6
427 1354 498 1397 τὸν
541 1353 588 1396 δὲ
628 1354 718 1412 ἰερῆ
759 1352 972 1396 τελεσάτω
1005 1353 1032 1396 ἁ
1063 1352 1201 1401 πόλις.
1250 1358 1346 1408 598,
1371 1357 1422 1394 20
1455 1351 1530 1395 τὰν
1565 1352 1611 1395 δὲ
1652 1352 1805 1410 ἱέρειαν
1844 1350 2008 1394 τελέσει
2038 1351 2066 1394 ά

81 1427 216 1475 πόλις.
268 1428 328 1470 Cf.
361 1429 494 1469 etiam
526 1439 568 1469 v.
593 1430 660 1468 24.
686 1430 753 1469 25.
777 1431 843 1468 29.
869 1430 936 1468 34.
961 1427 1042 1480 60),
1084 1429 1130 1468 et
1158 1424 1360 1482 τέλεστρα
1390 1427 1446 1468 de
1477 1427 1694 1480 impensis
1732 1437 1814 1479 per
1844 1426 1960 1468 hanc
1992 1437 2065 1468 oc-

83 1502 310 1543 casionem
356 1499 568 1542 faciendis
606 1502 867 1553 usurpatur,
907 1511 1000 1541 non
1039 1500 1247 1541 dissimili
1278 1500 1460 1541 notione
1507 1500 1605 1541 eius
1642 1510 1779 1552 quam
1819 1499 1892 1540 hic
1930 1498 2068 1540 habet

81 1572 128 1615 τὸ
158 1571 396 1614 τελεστικόν
428 1571 571 1625 (Syll.2
594 1575 689 1625 597,
713 1575 751 1614 7.
786 1575 882 1624 598,
906 1575 973 1613 59.
1008 1574 1104 1621 645,
1130 1572 1210 1623 47).
1273 1571 1558 1625 Quicumque
1588 1572 1726 1624 igitur
1757 1571 1968 1613 sacerdos
1998 1572 2066 1612 in-

84 1646 370 1698 stituebatur,
412 1646 530 1698 regis
560 1644 669 1686 fisco
700 1645 892 1697 vectigal
923 1644 1119 1698 pendere
1151 1644 1366 1697 debebat;
1406 1645 1528 1697 quod
1561 1645 1825 1697 neutiquam
1856 1644 2065 1697 iniquum

81 1719 452 1771 fuisse·propter
497 1717 668 1758 reditus
715 1718 760 1757 et
804 1717 1112 1757 emolumenta
1158 1717 1280 1758 haud
1321 1717 1483 1769 exigua
1520 1728 1625 1757 cum
1665 1715 1917 1758 sacerdotio
1956 1727 2068 1757 con-

83 1792 235 1831 iuncta
273 1790 487 1831 observat
527 1789 778 1831 Lumbroso
822 1789 1103 1830 Recherches
1144 1800 1187 1842 p.
1211 1792 1292 1830 299
1313 1800 1410 1842 sqq.
1473 1788 1533 1830 Cf.
1566 1788 1608 1829 U.
1634 1788 1836 1830 Wilcken
1875 1788 2068 1830 Hermae

82 1863 223 1904 XXIII
254 1874 296 1916 p.
316 1866 410 1904 595.
459 1863 530 1903 Gr.
555 1862 743 1904 Ostraka
765 1863 781 1902 I
813 1873 855 1915 p.
882 1865 976 1903 397.
1029 1862 1142 1903 Cum
1164 1862 1208 1903 in
1231 1861 1459 1903 demotica
1479 1862 1687 1903 versione
1709 1862 1901 1914 vectigal
1932 1862 2067 1915 signi-

79 1935 254 1988 ficetur,
281 1935 403 1987 quod
427 1935 529 1987 quis
551 1934 708 1987 pendit
728 1935 787 1975 ut
818 1934 1055 1975 sacerdo
1069 1945 1090 1975 s
1121 1933 1140 1975 f
1148 1934 1160 1974 i
1175 1936 1231 1975 at
1253 1933 1482 1986 (n-er-ueb
1502 1934 1555 1976 cf.
1574 1934 1800 1975 Revillout
1816 1935 2064 1976 Chrestom.

82 2007 386 2060 demotiquel
418 2018 459 2060 p.
483 2010 551 2048 47.
604 2007 714 2047 Hess
747 2018 789 2060 p.
813 2006 895 2059 40),
928 2007 1078 2048 nullus
1109 2007 1200 2047 iam
1231 2006 1287 2048 de
1317 2007 1546 2048 Letronnii
1577 2007 1948 2060 interpretatione
1979 2007 2067 2048 du-

83 2079 294 2122 bitationi
324 2080 450 2121 locus
482 2079 766 2132 relinquitur.
963 2083 1014 2120 60
1046 2074 1216 2132 ‘Usque
1254 2079 1310 2120 ad
1351 2080 1552 2132 primum
1584 2080 1828 2121 Ptolemaei
1858 2080 2066 2134 Philopa-

83 2153 195 2194 toris
217 2146 405 2194 annum?
438 2152 525 2203 (22⁴
558 2163 594 2192 a.
618 2151 719 2192 Chr.
743 2151 797 2203 n.)
831 2152 1187 2205 interpretantur
1207 2153 1383 2205 priores
1405 2152 1600 2194 editores
1622 2153 1825 2205 itemque
1847 2153 2067 2194 Druman-

82 2235 180 2266 nus.
233 2223 364 2273 Quod
394 2235 476 2277 per
506 2224 682 2276 linguae
713 2225 833 2277 leges
865 2235 954 2266 non
985 2224 1121 2265 licere
1151 2235 1257 2266 cum
1288 2226 1568 2278 perspiceret
1598 2225 1832 2278 Letronne,
1864 2226 2066 2278 primum

83 2308 249 2338 annum
292 2308 382 2338 non
421 2297 552 2350 regis,
595 2296 675 2341 sed
717 2296 1006 2338 sacerdotum
1047 2297 1304 2349 intellegere
1341 2297 1513 2350 maluit,
1564 2299 1615 2338 ut
1652 2298 1899 2350 Epiphanis
1939 2300 2067 2351 patre

82 2371 294 2422 regnante
326 2369 517 2420 vectigal
550 2368 819 2421 pependisse
852 2368 1028 2410 dicatur
1058 2370 1375 2422 unusquisque
1406 2369 1620 2410 sacerdos
1651 2380 1732 2422 per
1763 2371 1963 2422 primum
1997 2370 2068 2411 sui

83 2441 217 2483 officii
247 2452 429 2482 annum.
492 2440 577 2480 Sed
608 2441 811 2492 primum
843 2441 1041 2494 quidem,
1074 2441 1294 2494 quicquid
1323 2441 1434 2482 dicit
1463 2442 1746 2495 Letronnius,
1788 2442 1854 2483 sic
1884 2453 2067 2496 quoque

85 2510 163 2559 ἕως
203 2513 455 2566 permirum
486 2513 652 2565 manet,
690 2524 794 2554 nam
827 2524 931 2554 cum
965 2525 990 2554 a
1020 2514 1169 2566 primo
1205 2514 1384 2554 initium
1415 2513 1505 2566 fiat,
1538 2525 1627 2555 non
1657 2516 1780 2555 recte
1808 2516 2069 2556 enuntiatur

83 2585 252 2639 aliquid
293 2585 547 2626 continuari
588 2584 753 2626 debere
794 2596 976 2638 usque
1015 2585 1080 2627 ad
1125 2586 1349 2639 primum3
1396 2586 1557 2628 deinde
1598 2597 1708 2628 vero
1751 2588 1936 2629 omnino
1978 2599 2068 2629 non

0 2665 1 2675 ¹
84 2669 284 2700 annuum
314 2668 463 2710 neque
496 2658 770 2710 perpetuum
801 2660 870 2699 est
900 2659 988 2699 hoc
1014 2659 1220 2711 vectigal,
1252 2658 1331 2699 sed
1362 2659 1500 2700 semel
1533 2660 1800 2701 numeratur
1830 2671 1911 2713 per
1941 2671 2071 2702 occa-

84 2731 256 2772 sionem
299 2729 503 2771 initiandi
541 2729 788 2771 sacerdotis
821 2729 886 2782 (cf.
920 2732 1011 2772 not.
1035 2730 1115 2782 59).
1168 2730 1316 2779 Quare
1347 2732 1459 2772 mihi
1487 2731 1670 2784 quidem
1702 2732 1825 2774 nulla
1855 2744 1910 2773 ex
1941 2734 2069 2785 parte

85 2802 275 2843 dubium
307 2803 377 2842 est
405 2802 516 2854 quin
546 2802 893 2855 intellegendum
938 2804 996 2844 sit
1026 2797 1131 2856 ‘per
1171 2804 1318 2844 totum
1351 2804 1654 2857 Philopatoris
1692 2815 1882 2857 regnum
1921 2816 2068 2858 usque

86 2874 141 2916 ad
187 2875 388 2927 primum
434 2874 742 2927 Epiphanis
788 2869 990 2928 annum'‚
1029 2877 1296 2928 praesertim
1345 2887 1450 2916 cum
1489 2877 1626 2918 etiam
1665 2874 1807 2918 ἔνατον
1855 2877 1910 2928 (v.
1946 2877 1982 2928 ¹0)
2024 2878 2069 2918 et

85 2943 231 3003 ὄγδοον
265 2945 358 2992 ἔτος
389 2947 443 2998 (v.
470 2946 535 2998 24)
579 2948 645 2987 sic
687 2948 783 2988 sine
826 2947 1135 2989 additamento
1174 2948 1229 2989 de
1267 2949 1364 2990 eius
1404 2949 1482 3002 qui
1520 2951 1619 2989 tum
1657 2950 1810 3002 ipsum
1854 2949 2070 3002 regnabat

87 3019 212 3060 annis
254 3018 474 3060 dicantur.
536 3019 703 3060 Eadem
744 3020 918 3062 ratione
956 3032 1038 3073 per
1075 3021 1259 3062 titulum
1292 3033 1333 3062 n.
1357 3024 1410 3062 56
1450 3023 1708 3063 constanter
1738 3022 1982 3063 Ptolemaei
2011 3023 2067 3062 111

86 3090 331 3143 Euergetae
372 3092 475 3134 anui
515 3091 783 3133 indicantur.
844 3092 904 3134 Cf.
945 3097 1027 3134 v.⁴
1079 3090 1199 3139 ἔτους
1238 3091 1401 3135 ἐνάτου.
1449 3106 1490 3135 v.
1515 3097 1566 3134 27
1608 3092 1650 3134 ἐν
1689 3094 1751 3150 τῷ
1792 3091 1925 3149 ἐνάτῳ
1969 3091 2066 3135 ἔτει.

86 3174 128 3204 v.
151 3165 218 3204 26.
241 3166 292 3203 27
325 3161 423 3209 τοὺς
455 3160 537 3204 ἀπὸ
568 3166 642 3204 τοῦ
673 3163 842 3218 πρώτου
876 3163 997 3211 ἔτους
1027 3164 1334 3223 γεγενημένους
1367 3164 1507 3223 ἱερεῖς,
1540 3168 1585 3207 et
1613 3166 1736 3218 quod
1766 3166 1898 3218 plane
1928 3166 2067 3218 gemi-

87 3245 198 3276 num
230 3237 298 3276 est
327 3236 463 3276 huius
494 3235 594 3289 loci,
626 3247 668 3276 v.
694 3239 746 3277 28
779 3233 858 3284 ἕως
889 3239 963 3278 τοῦ
995 3237 1162 3293 πρώτου
1196 3236 1328 3284 ἔτους.
1479 3241 1523 3279 64
1573 3237 1661 3279 Aut
1682 3238 1856 3290 singula
1881 3236 2067 3290 collegia

90 3307 378 3348 sacerdotum
417 3308 496 3360 qui
537 3308 582 3348 in
621 3308 807 3360 singulis
846 3309 1047 3350 delubris
1086 3312 1248 3363 essent,
1291 3312 1370 3351 aut
1406 3320 1569 3362 genera
1609 3310 1910 3363 sacerdotum,
1950 3321 2068 3362 quae

90 3389 130 3419 n.
152 3382 220 3432 56,
245 3382 266 3419 3
285 3390 381 3432 sqq.
415 3381 460 3420 et
489 3379 562 3420 hic
582 3392 624 3422 v.
648 3383 670 3419 6
690 3391 755 3433 sq.
790 3381 1186 3435 distinguerentur,
1223 3382 1460 3435 antistites,
1499 3382 1761 3435 prophetas,
1792 3381 2067 3435 hierogram-

5 3485 8 3504 x
89 3452 231 3492 mates
280 3451 349 3505 aL,
398 3451 655 3504 intellegere
698 3452 833 3493 licere
879 3454 995 3495 vidit
1046 3455 1288 3506 Letronne;
1342 3454 1459 3494 hanc
1506 3454 1921 3506 interpretationem
1969 3455 2066 3508 ipse

89 3523 300 3574 praetulit
353 3524 553 3576 itemque
599 3523 866 3580 Mahaffyus‚
924 3526 1045 3567 illam
1098 3527 1226 3578 sequi
1282 3525 1442 3566 maluit
1489 3525 1742 3567 Lumbroso
1787 3526 2066 3568 Recherches

91 3603 134 3646 p.
157 3597 252 3636 23¹7.
276 3598 370 3637 27⁴.
421 3595 477 3636 At
507 3606 618 3637 usus
651 3599 873 3639 sermonis
894 3598 1079 3651 quidem
1101 3599 1216 3639 hanc
1236 3597 1543 3650 commendat;
1575 3609 1721 3650 neque
1752 3600 1872 3640 enim
1896 3610 2064 3652 corpus

93 3666 170 3706 aut
206 3665 443 3718 collegium
468 3668 616 3708 ‚certis
651 3668 827 3721 legibus
862 3671 1159 3711 constitutum
1194 3668 1445 3721 significare
1480 3670 1596 3710 solet
1632 3667 1768 3724 ἔθνος,
1808 3671 1887 3713 sed
1924 3682 2064 3724 genus
