2314 3970
221 229 326 279 294
906 226 974 266 ΙΙΙ.
1020 223 1167 265 Nubia
1199 226 1243 263 et
1272 223 1520 275 Aethiopia.
2090 220 2188 272 [499

654 300 700 304 -—
711 296 1759 303 -———-⁴——--—————-—-——-——————-——-——-
1763 295 1945 300 .-—--—-›
1951 295 1984 298 —

321 398 406 452 καὶ
478 397 748 451 ὁδεύεσθαι
823 390 919 464 μετ’
990 395 1189 464 εἰρήνης
1251 391 1335 445 καὶ
1455 391 1723 464 Ὁμηρίτην
1789 394 2046 463 σημαίνει,
2098 389 2225 445 τοῦτ’

319 484 634 549 πλέεσθαι54,
725 487 730 550 Ι
817 481 915 533 ἀπό
1037 500 1091 532 τε
1209 480 1336 531 Λευ·
1467 479 1570 533 ἐστὶ
1613 479 1728 540 τοὺς
1776 482 1825 533 ἐν
1863 487 1924 550 τῇ
1962 477 2238 549 Εὔδαίμονι

320 574 412 639 κῆς
493 565 785 638 κώμηςῧῧ-ί·1
866 567 961 626 ἕως
1057 569 1153 618 τῶν
1237 564 1337 617 Σα-
1459 562 1754 637 Ἀρραβίορὸ3
1790 570 1835 618 R

329 654 482 725 βαίων
499 656 544 690 ⁵⁸
651 654 825 724 χώρας
950 651 1335 722 ἐπολέμησα.*“’
1400 648 1449 716 †¹
1471 652 1666 723 Λευκὴν
1722 654 1880 722 κόμην
1939 651 2120 719 κ[αλεῖ]
2181 649 2236 702 τὸ

248 741 293 793 C
325 738 490 793 πάντα
580 738 635 791 δὲ
725 739 897 811 ταῦΗτα
993 734 1056 790 τὰ
1071 740 1115 774 ⁶⁹
1212 737 1334 806 ἔθνη
1470 740 1732 808 λεγόμενον
1752 740 1852 791 Λευ
1867 766 2092 776 -------
2103 738 2148 771 ⁵⁶
2161 733 2241 788 ἐπὶ

236 814 289 853 30
321 828 513 896 πρῶτος
580 824 666 878 καὶ
724 826 869 895 μόνος
935 824 1180 895 βασιλέων
1240 827 1337 876 τῶν
1468 820 1532 876 τὰ
1572 825 1697 895 μέρη
1726 827 1821 877 τῶν
1848 821 2165 893 Β[λεμ]μύων
2178 824 2239 890 ⁵⁷,

321 911 413 984 πρὸ
508 913 630 982 ἐμοῦ
645 913 688 947 ⁶⁰
781 910 998 968 ὑπέταξα
1080 905 1138 963 δι’
1223 911 1283 980 ἣν
1297 912 1341 946 ⁶1
1469 911 1524 963 ὂν
1561 905 1702 981 παρὰ
1740 908 2043 980 θ[άλασσαν]
2082 911 2121 958 F

323 998 429 1070 ἔχω
503 996 510 1070 Ι
590 996 713 1068 πρὸς
728 999 772 1033 ⁶2
898 995 981 1049 τὸν
1113 995 1340 1066 μέγιστον
1388 996 1454 1028 *¹¹²
1472 997 1542 1055 εἰς
1580 992 1642 1047 τὰ
1685 996 1811 1067 με’ρη
1836 1000 1932 1049 τῶν
1960 993 2241 1064 Βλεμμύων

325 1086 443 1137 θεόν
580 1105 673 1154 μου
796 1075 947 1154 Ἄρην
962 1083 1006 1118 ⁶3
1136 1082 1342 1153 εὔχαρι·
1472 1079 1599 1135 ἐστὶν
1657 1082 1802 1152 κώμη
1851 1082 2136 1152 καλουμένη
2186 1079 2240 1132 τὸ

1473 1169 1727 1238 Λευκογην
1767 1171 1812 1219 R

221 1304 329 1344 Plin.
349 1302 419 1355 VI,
443 1305 538 1342 459.
585 1295 734 1355 Ἀδάνη
764 1300 1089 1351 Philostorgius
1119 1298 1230 1340 Hist.
1263 1299 1368 1340 eccl.
1392 1300 1463 1352 III,
1488 1300 1540 1352 4),
1583 1300 1706 1352 quod
1736 1299 1842 1340 alibi
1873 1299 1994 1352 apud
2026 1301 2200 1340 veteres

221 1375 418 1427 regionis
464 1374 604 1414 totius
644 1372 826 1413 nomine
863 1367 1089 1422 Εὐδαίμων
1121 1365 1290 1428 Ἀραβία
1328 1371 1580 1424 appellatur
1622 1371 1838 1424 (Periplus
1871 1383 1982 1413 mar.
2018 1371 2198 1424 Erythr.

222 1459 258 1488 c.
283 1451 335 1488 26
368 1457 411 1498 p.
435 1449 532 1498 276,
557 1449 592 1486 6.
644 1439 811 1499 Ἀραβία
845 1440 1047 1498 ἐμπόριον
1079 1443 1362 1484 Ptolemaeus
1395 1444 1553 1496 Geogr.
1577 1443 1648 1496 VI,
1675 1447 1712 1496 7,
1737 1447 1775 1497 9,
1801 1448 1839 1486 6.
1898 1444 2012 1485 Mela
2032 1444 2102 1497 ΙΙΙ,
2127 1447 2199 1484 8οε

220 1517 350 1563 urbes
388 1519 496 1559 sunt
537 1513 715 1559 Charra
754 1518 792 1558 et
829 1512 1007 1557 Arabia
1047 1516 1086 1556 et
1137 1512 1370 1568 Gadaum,
1419 1516 1497 1568 qui
1543 1526 1650 1557 sane
1689 1515 1743 1556 de
1781 1517 1873 1557 situ
1910 1517 2203 1557 vehementer

223 1590 370 1643 errat),
413 1590 492 1631 sed
523 1600 670 1641 usque
700 1588 756 1629 ad
785 1588 1055 1629 hodiernum
1088 1587 1207 1628 diem
1238 1589 1528 1629 conservavit
1559 1589 1798 1640 antiquum
1835 1599 2001 1629 nomen
2033 1585 2201 1640 (Aden).

224 1667 275 1705 53
318 1663 475 1704 Totius
506 1663 653 1702 terrae
683 1660 875 1702 Arabiae
905 1671 957 1701 ea
986 1670 1093 1713 pars
1124 1670 1241 1712 quae
1272 1660 1469 1700 maxime
1501 1659 1556 1701 ad
1581 1659 1861 1702 occidentem
1893 1663 1938 1700 et
1967 1660 2203 1701 meridiem

223 1736 368 1788 vergit
401 1731 611 1786 (Yemen),
643 1734 688 1774 in
719 1744 810 1785 qua
839 1733 1020 1785 praeter
1050 1732 1158 1773 alias
1190 1733 1389 1772 minores
1419 1735 1574 1784 gentes
1606 1732 1789 1772 fuerunt
1818 1731 1977 1773 Sabaei
2008 1732 2112 1783 (not.
2137 1734 2204 1782 58)

224 1810 267 1848 et
291 1807 546 1848 Homeritae
579 1806 682 1858 (not.
709 1805 790 1857 54).
840 1803 955 1846 Nam
987 1804 1043 1846 de
1075 1804 1244 1858 oppido
1276 1806 1506 1857 portuque
1538 1804 1642 1856 (not.
1666 1803 1734 1855 53)
1766 1804 1839 1844 hic
1870 1806 1991 1845 certe
2021 1815 2111 1844 non
2137 1806 2207 1844 est

223 1879 531 1931 cogitandum.
697 1880 749 1918 54
793 1877 928 1918 Vides
974 1877 1048 1917 hic
1093 1887 1277 1929 quoque
1322 1878 1543 1928 quantum
1586 1877 1631 1917 in
1667 1877 1848 1929 imperii
1891 1876 2206 1918 Axomitarum

226 1953 398 2004 origine
429 1953 473 1992 et
502 1950 829 2003 propagatione
859 1949 1053 1990 valuerit
1090 1959 1199 1989 cura
1237 1949 1500 1989 commercii
1531 1951 1576 1989 et
1605 1950 1899 1990 mercaturae.
2047 1951 2101 1990 55
2141 1948 2203 1989 Cf.

225 2023 384 2064 Strabo
408 2023 523 2076 XVI,
546 2025 584 2075 4,
608 2025 660 2061 23
692 2033 735 2074 p.
759 2024 838 2062 780
863 2021 959 2062 Cas.
992 2017 1132 2062 πολλὰ
1163 2018 1210 2061 δὲ
1229 2017 1380 2063 παθὼν
1402 2018 1474 2062 καὶ
1492 2017 1835 2077 ταλαιπωρηθεὶς
1867 2021 2031 2073 (Aelius
2053 2020 2205 2062 Gallus

226 2107 342 2137 anno
377 2099 428 2135 25
458 2107 495 2136 a.
519 2094 617 2135 Chr.
641 2093 698 2146 n.)
728 2092 834 2149 ἧκεν
866 2090 925 2140 εἰς
955 2090 1127 2149 Λευκὴν
1157 2094 1311 2148 κώμην
1340 2096 1418 2148 τῆς
1449 2088 1704 2148 Ναβαταίων
1736 2097 1814 2150 γῆς
1847 2090 2048 2151 ἐμπόριον
2082 2091 2205 2149 μέγα,

224 2166 367 2210 πολλὰ
396 2173 480 2209 τῶν
512 2164 674 2208 πλοίων
715 2163 946 2220 ἀποβαλών
978 2175 1057 2194 —·
1099 2167 1226 2206 τοῦτο
1269 2158 1298 2205 δ’
1325 2161 1607 2220 ἀπειργάσατο
1647 2161 1677 2219 ἡ
1717 2167 1793 2206 τοῦ
1826 2161 2038 2207 Συλλαίου
2077 2162 2206 2206 κακία

222 2243 298 2281 τοῦ
328 2238 440 2298 πεζῇ
467 2236 679 2295 φήσαντος
716 2236 923 2279 ἀνόδευτα
961 2234 1068 2278 εἶναι
1100 2235 1398 2293 στρατοπέδοις
1436 2235 1495 2283 είς
1535 2236 1614 2292 τὴν
1645 2233 1817 2293 Λευκὴν
1847 2237 2015 2292 κώμην,
2055 2235 2115 2283 εἰς
2150 2235 2203 2292 ἣν

224 2311 298 2354 καὶ
328 2310 371 2361 ἐξ
400 2310 455 2367 ἧς
486 2309 526 2352 οἱ
554 2307 886 2367 καμηλέμποροι
913 2306 1102 2365 τοσούτῳ
1125 2306 1284 2364 πλήθει
1314 2306 1480 2363 ἀνδρῶν
1509 2306 1583 2350 καὶ
1601 2306 1811 2364 καμήλων
1834 2306 2048 2350 ὁδεύουσιν
2070 2306 2205 2366 ἀσφα-

225 2382 312 2430 λῶς
342 2381 416 2425 καὶ
446 2380 638 2437 εὐπόρως
668 2379 727 2428 εἰς
759 2377 923 2437 Πέτραν
956 2378 1055 2433 [καὶ]
1087 2378 1137 2422 ἐκ
1167 2376 1345 2436 Πέτρας,
1390 2379 1498 2421 ὥστε
1529 2379 1590 2437 μὴ
1622 2378 1833 2437 διαφέρειν
1867 2380 2000 2436 μηδὲν
2033 2394 2205 2436 στρατο-
2307 2414 2314 2430 Ἴ,

225 2454 369 2497 πέδου.
420 2456 444 2506 ἓ
468 2456 520 2495 24
543 2466 586 2508 p.
602 2457 674 2495 784
715 2451 841 2495 πάλιν
873 2451 922 2494 ἐκ
942 2456 1018 2508 τῆς
1039 2449 1213 2510 Λευκῆς
1232 2452 1386 2508 κώμης
1409 2450 1430 2494 ὁ
1452 2447 1619 2499 Γάλλος
1648 2449 1876 2502 ἀναζεύξας
1903 2451 1980 2508 τὴν
2012 2451 2205 2507 στρατιὰν
2281 2472 2284 2474 ·
2306 2433 2314 2496 ί

227 2526 296 2569 διὰ
324 2525 526 2568 τοιούτων
558 2517 628 2584 ᾔει
657 2522 827 2584 χωρίων
849 2523 957 2567 ὥστε
993 2523 1066 2566 καὶ
1088 2520 1201 2582 ὕδωρ
1221 2521 1434 2581 καμήλοις
1453 2522 1643 2579 κομίζειν
1666 2525 1869 2578 Periplus
1889 2536 2002 2568 mar.
2024 2525 2204 2578 Erythr.
2306 2521 2307 2532 ¹

228 2611 265 2640 c.
284 2603 335 2640 49
358 2602 510 2653 p.272,
527 2602 572 2639 44
593 2609 712 2651 sqq.:
754 2595 804 2639 ἐκ
835 2595 881 2639 δὲ
902 2602 988 2638 τῶν
1009 2593 1236 2652 εὐωνύμων
1257 2593 1467 2654 Βερνίκης
1489 2593 1573 2638 ἀπὸ
1594 2592 1716 2643 Μυὸς
1746 2593 1882 2652 ὅρμου
1912 2595 2005 2638 δυσὶ
2036 2595 2205 2654 δρόμοις

226 2669 255 2727 ἢ
274 2669 403 2727 τρισὶν
423 2669 482 2718 εἰς
508 2669 587 2727 τὴν
613 2667 824 2726 ἀνατολὴν
850 2665 1146 2710 διαπλεύσαντι
1167 2667 1240 2711 τὸν
1264 2666 1572 2725 παρακείμενον
1594 2667 1756 2711 κόλπον
1778 2667 1909 2726 ὅρμος
1930 2667 2042 2711 ἐστὶν
2064 2667 2207 2725 ἕτερος

227 2742 300 2786 καὶ
321 2740 535 2800 φρούριον,
569 2740 590 2784 ὃ
612 2739 779 2798 λέγεται
798 2737 946 2798 Λευκὴ
967 2740 1112 2796 κώμη,
1145 2734 1189 2782 δι’
1215 2739 1269 2796 ἧς
1299 2738 1427 2793 [ὁδός]
1457 2738 1568 2783 ἐστιν
1594 2739 1655 2787 εἰς
1675 2737 1842 2797 Πέτραν
1864 2739 1968 2798 πρὸς
1989 2737 2206 2799 Μαλίχαν,

230 2813 405 2871 βασιλέα
425 2810 696 2870 Ναβαταίων.
729 2811 821 2871 ἔχει
844 2811 891 2854 δὲ
917 2810 1121 2868 ἐμπορίου
1143 2810 1236 2854 τινὰ
1256 2810 1329 2854 καὶ
1350 2809 1457 2869 αὐτὴ
1478 2810 1610 2862 τάξιν.
1655 2824 1692 2854 c.
1707 2816 1759 2853 20
1784 2824 1827 2866 p.
1844 2815 1940 2867 273,
1955 2817 1999 2854 6:
2033 2811 2138 2868 μετὰ
2160 2812 2207 2857 δὲ

227 2885 385 2943 ταύτην
416 2883 578 2933 εὐθέως
600 2883 689 2928 ἐστὶ
710 2882 903 2941 συναφὴς
922 2878 1121 2940 Ἀραβῑκὴ
1151 2884 1275 2941 χώρα
1303 2882 1413 2926 κατὰ
1437 2887 1576 2941 μῆκος
1602 2883 1671 2926 ἐπὶ
1693 2882 1801 2926 πολὺ
1825 2883 2130 2941 παρατείνουσα
2151 2884 2207 2943 τῇ

223 2956 420 3016 Ἐρυθρᾷ
456 2956 666 3014 θαλάσσῃ.
726 2957 938 2998 Extrema
973 2957 1111 3008 igitur
1146 2957 1231 2998 fuit
1268 2957 1324 2998 ad
1364 2957 1600 2998 meridiem
1636 2957 1970 2999 Nabataeorum
2010 2959 2206 2999 nationis

231 3033 458 3086 simulque
489 3031 669 3084 imperii
699 3029 900 3082 Romani,
931 3028 1051 3069 unde
1082 3029 1365 3082 intellegitur,
1398 3040 1479 3070 cur
1509 3040 1599 3070 non
1628 3030 1823 3083 amplius
1854 3031 2206 3083 septentrionem

230 3116 392 3147 versus
422 3113 693 3158 progressus
725 3102 784 3143 sit
824 3111 903 3142 rex
937 3100 1267 3142 Axomitarum.
1321 3102 1589 3143 Mommsen.
1656 3101 1717 3143 Cf.
1749 3103 1840 3142 not.
1865 3103 1932 3142 37.
1996 3101 2207 3142 Hodierni

232 3176 280 3220 al
308 3173 474 3220 Ham-a*
510 3176 665 3217 locum
696 3174 896 3215 tenuisse
926 3173 1216 3214 consentiunt
1244 3172 1450 3226 plerique
1477 3173 1684 3215 homines
1723 3173 1856 3214 docti.
1907 3172 1958 3213 V.
1983 3173 2028 3215 C.
2049 3173 2209 3215 Miiller

234 3250 290 3291 ad
311 3249 538 3303 periplum
559 3259 670 3289 mar.
691 3247 872 3299 Erythr.
894 3245 921 3286 l.
944 3245 970 3286 l.
1105 3249 1157 3286 56
1196 3244 1261 3286 Ex
1292 3247 1452 3286 neutro
1482 3244 1529 3287 τὸ
1550 3243 1778 3302 λεγόμενον
1811 3245 2111 3297 colligendum
2139 3247 2208 3286 est

232 3323 308 3363 hic
337 3321 457 3362 idem
488 3331 655 3361 nomen
686 3322 821 3372 atque
852 3319 897 3359 in
928 3317 1075 3370 glossa
1103 3329 1152 3358 m
1183 3318 1404 3370 scriptum
1435 3317 1587 3371 fuisse,
1629 3317 1708 3358 sed
1744 3317 1792 3358 id
1832 3328 1935 3358 cum
1968 3317 2042 3358 hic
2072 3318 2207 3358 muti-

234 3394 344 3446 lum,
384 3392 476 3433 illic
513 3391 749 3432 manifesto
788 3390 1056 3443 corruptum
1095 3388 1165 3442 sit,
1204 3388 1310 3430 alibi
1347 3400 1456 3431 vero
1493 3400 1720 3442 nusquam
1758 3388 1989 3442 traditum,
2030 3389 2209 3429 restitui

235 3465 405 3517 nequit.
553 3467 602 3503 57
642 3462 900 3514 Blemmyes
929 3461 975 3501 in
1003 3459 1151 3501 Africa
1180 3459 1408 3502 habitasse
1450 3464 1494 3502 et
1531 3463 1648 3502 inter
1686 3470 1842 3502 omnes
1881 3461 2056 3501 constat
2085 3462 2131 3500 et
2159 3471 2207 3500 se

235 3547 326 3578 non
355 3537 562 3587 ignorare
590 3535 688 3588 ipse
719 3534 906 3575 Cosmas
937 3532 1152 3574 indicavit
1182 3533 1330 3584 glossa
1361 3532 1391 3575 d
1429 3533 1494 3586 (cf.
1526 3536 1617 3574 not.
1642 3533 1722 3586 32).
1775 3531 1920 3580 Quare
1958 3532 2209 3573 rectissime

237 3606 481 3660 Lagardius
513 3607 670 3648 statuit
699 3607 773 3647 hic
802 3617 892 3647 non
923 3616 1022 3646 eam
1053 3606 1251 3646 mentem
1282 3615 1381 3646 esse
1413 3606 1660 3659 scriptoris,
1692 3606 1743 3645 ut
1766 3605 1940 3644 Leucen
1971 3614 2132 3644 comen
2163 3604 2207 3643 in

237 3679 525 3733 Blemmyum
566 3680 685 3720 terra
728 3681 806 3719 aut
842 3688 985 3731 prope
1023 3688 1122 3718 eam
1163 3677 1294 3718 sitam
1334 3688 1432 3718 esse
1464 3678 1595 3731 dicat,
1635 3676 1714 3718 sed
1745 3687 1768 3716 e
1798 3675 1982 3728 regione
2023 3675 2206 3715 illorum
