2314 3970
212 181 279 232 88
892 177 941 216 11.
987 176 1187 227 Regnum
1220 174 1502 226 Lagidarum.
2057 174 2187 226 [5⁴—

357 348 739 419 ἀνακοΙμίσαςῖῡ
786 343 911 416 μετὰ
963 350 1051 415 τῆς
1101 343 1259 414 ἄλλης
1306 342 1468 414 γάζης
1515 348 1604 413 τῆς
1643 343 1740 396 ἀπὸ
1779 348 1874 396 τῶν
1913 345 2075 396 τόπων
2115 346 2187 403 εἰς

355 434 614 507 ΑἴΙγυπτον
656 433 893 502 δυνάμεις
933 432 1220 484 ἀπέστειλεν
1261 427 1348 483 διὰ
1387 432 1483 483 τῶν
1523 430 1838 501 ὀρυχθέντων
1878 430 2127 499 ποΙταμῶν
2142 432 2187 466 2⁶

326 699 378 735 25
422 694 640 734 Convenit
669 693 755 734 bac
786 691 842 733 de
872 702 922 732 re
950 691 1083 732 titulo
1115 702 1221 732 cum
1243 691 1531 744 Hieronymo,
1563 691 1642 743 qui
1663 691 1774 732 adeo
1797 691 1886 731 duo
1915 691 2038 731 milia
2060 692 2190 743 quin-

208 770 340 820 genta
372 765 613 806 simulacra
643 764 833 806 deorum
865 763 1172 804 Ptolemaeum
1204 773 1359 804 secum
1393 763 1436 803 in
1467 762 1725 815 Aegyptum
1757 763 1916 803 tulisse
1946 762 2082 803 refert
2123 762 2189 813 (cf.

209 840 299 879 not.
324 837 413 889 45);
446 847 594 889 neque
625 836 778 888 negari
798 836 917 888 licet,
948 835 1045 876 ficri
1067 835 1271 888 potuisse
1291 836 1343 874 ut
1364 834 1408 874 in
1429 834 1611 875 Perside
1632 834 1822 886 aliisque
1850 834 1967 874 ultra
1988 834 2190 886 Euphra-

207 912 300 950 tem
330 908 591 961 regionibus
622 909 759 949 etiam
789 907 1026 948 nonnullas
1059 908 1231 947 statuas
1253 906 1443 947 deorum
1466 906 1665 958 aliasque
1686 916 1758 946 res
1781 917 1930 947 sacras
1963 906 2191 958 quondam

207 993 233 1021 a
264 981 409 1022 Persis
440 991 494 1021 ex
525 980 731 1033 Aegypto
764 979 934 1020 ablatas
966 979 1230 1031 repperiret.
1292 978 1349 1018 At
1390 977 1687 1019 memorabile
1717 979 1798 1029 est,
1840 978 1972 1030 plane
2002 977 2191 1018 eandem

206 1052 386 1094 laudem
418 1053 555 1093 etiam
587 1051 771 1093 duobus
801 1051 888 1092 illis
921 1051 1000 1103 qui
1040 1051 1143 1092 ante
1180 1061 1285 1090 eum
1317 1049 1483 1090 fuerint
1515 1050 1781 1090 Ptolemaeis
1812 1049 1965 1090 tribui.
2016 1050 2193 1090 Etenim

207 1125 494 1166 Ptolemaeus
524 1124 630 1176 Lagi
661 1123 846 1176 quidem
877 1134 970 1175 quo
1004 1123 1209 1175 tempore
1241 1121 1443 1163 nondum
1474 1133 1555 1162 rex
1587 1122 1696 1173 erat,
1734 1121 1815 1162 sed
1846 1124 2040 1174 satrapa,
2077 1133 2192 1163 anno

208 1199 288 1237 ³4⁷0
323 1208 361 1237 a.
392 1196 492 1238 Chr.
523 1207 580 1249 n.‚
620 1195 852 1236 decretum
895 1195 1047 1234 emisit
1076 1194 1389 1246 hieroglyphis
1428 1194 1666 1246 scriptum,
1706 1193 1831 1245 quod
1872 1193 2041 1245 publici
2083 1194 2194 1234 iuris

205 1268 311 1310 fecit
351 1269 396 1308 et
433 1269 757 1321 interpretatus
796 1269 867 1309 est
896 1266 946 1306 H.
969 1267 1171 1318 Brugsch
1212 1266 1464 1307 zeitschrift
1505 1265 1578 1306 fiir
1609 1277 1700 1317 aeg.
1735 1266 1931 1318 Sprache
1962 1266 2021 1305 IX
2053 1266 2193 1316 (4874)

204 1350 249 1394 p.
273 1343 291 1380 4
316 1351 414 1393 sqq.
467 1339 534 1380 Ibi
565 1340 677 1380 haec
715 1339 947 1390 leguntur:
994 1332 1250 1392 ‘reportavit
1289 1335 1543 1379 srhnulaera
1572 1336 1758 1379 deorum
1787 1339 1964 1391 reperta
1992 1335 2048 1378 in
2077 1335 2195 1379 Asia

204 1414 245 1454 et
279 1409 594 1465 supellectilem
633 1421 812 1452 omnem
853 1407 992 1451 libros
1032 1422 1186 1451 omnes
1222 1407 1490 1464 templorwm
1526 1407 1720 1464 Aeqypti
1753 1407 2119 1464 septentrionalis
2153 1411 2192 1450 et

206 1480 528 1525 meridionalis
558 1484 598 1524 et
625 1478 822 1524 reddidit
851 1479 906 1522 in
933 1494 1022 1523 sua
1051 1476 1171 1523 loea'.
1235 1481 1343 1522 Eius
1375 1493 1483 1522 vero
1515 1481 1635 1522 filius
1667 1482 1950 1522 Ptolemaeus
1980 1482 2018 1521 ΙΙ
2049 1481 2192 1522 Phila-

204 1555 397 1607 delphus
421 1554 577 1595 eadem
601 1553 692 1594 fere
713 1553 882 1594 eisdem
906 1553 1059 1594 verbis
1083 1553 1137 1593 de
1165 1563 1214 1593 se
1242 1552 1471 1605 praedicat
1492 1555 1538 1594 in
1560 1554 1669 1595 stela
1692 1553 1965 1605 Heroonpoli
1989 1554 2193 1604 (Pithom)

205 1629 345 1668 eruta.
395 1625 456 1667 Ci'.
490 1626 537 1666 A.
560 1625 857 1666 Wiedemann
891 1625 1046 1665 Gesch.
1069 1624 1330 1677 Aegyptens
1361 1636 1402 1677 p.
1427 1627 1523 1664 247.
1577 1623 1723 1672 Quare
1745 1625 1992 1666 admodum
2015 1636 2194 1666 accom-

207 1698 446 1740 modatum
478 1699 547 1739 est
577 1697 633 1738 ad
664 1696 1032 1750 persuadendum
1064 1696 1189 1749 quod
1219 1695 1415 1749 Mahaffy
1447 1696 1538 1737 The
1569 1697 1742 1749 empire
1773 1696 1822 1737 oi‘
1847 1697 1924 1738 the
1954 1697 2193 1738 Ptolemies

204 1783 247 1823 p.
271 1773 353 1811 426
385 1770 590 1822 coniecit,
631 1770 712 1810 has
744 1769 899 1809 laudes
941 1769 1185 1809 tralaticias
1217 1778 1315 1809 esse
1353 1770 1399 1808 et
1437 1769 1560 1809 nulla
1599 1779 1753 1809 rerum
1785 1769 1989 1809 veritatis
2020 1769 2193 1810 ratione

204 1841 359 1884 habita
397 1853 452 1883 ex
490 1841 800 1893 antiquiorum
840 1851 998 1892 regum
1039 1840 1183 1881 titulis
1224 1840 1472 1880 identidem
1514 1841 1679 1892 repeti;
1725 1851 1863 1892 quem
1894 1851 2070 1881 morem
2101 1841 2191 1882 iam

204 1915 489 1955 Pharaonum
519 1914 666 1955 aetate
696 1913 914 1954 latissime
945 1915 1174 1965 patentem
1207 1912 1517 1963 (Wiedemann
1549 1913 1704 1953 Gesch.
1726 1912 1831 1964 Aeg.
1863 1923 1906 1964 p.
1931 1915 1984 1953 29
2003 1912 2115 1965 sqq.)
2146 1913 2192 1953 in

204 1987 289 2027 hac
305 1985 490 2038 quidem
513 1995 665 2038 causa,
687 1985 858 2037 quippe
878 1994 996 2036 quae
1018 1984 1074 2024 ad
1096 1994 1222 2025 sacra
1251 1983 1582 2036 religionesque
1611 1984 1923 2036 indigenarum
1953 1987 2191 2038 spectaret,

205 2060 261 2098 ne
292 2057 575 2099 Ptolemaeos
606 2056 791 2110 quidem
823 2057 1087 2109 aspernatos
1118 2066 1218 2097 esse
1245 2055 1483 2109 probabile
1513 2057 1594 2109 est,
1627 2067 1775 2108 neque
1800 2067 1911 2097 vero
1943 2056 1999 2097 de
2030 2057 2191 2109 reliqui

206 2130 462 2181 argumenti
482 2129 570 2170 fide
591 2129 694 2180 (not.
719 2127 786 2178 40)
809 2127 912 2170 inde
934 2127 1242 2169 coniecturam
1265 2127 1411 2168 facere
1430 2128 1547 2168 licet.
1688 2131 1741 2168 26
1782 2127 1966 2169 Canales
1988 2128 2190 2180 Euphra-

204 2202 263 2242 tis
285 2202 330 2242 et
350 2201 555 2254 Tigridis,
587 2210 703 2252 quos
726 2199 990 2240 describunt
1010 2199 1171 2240 Strabo
1192 2199 1307 2251 XVI,
1332 2203 1369 2251 4,
1394 2203 1417 2239 9
1451 2210 1492 2251 p.
1513 2202 1594 2239 740
1625 2199 1722 2241 Cas,
1747 2202 1793 2239 et
1812 2200 2027 2241 Arrianus
2047 2200 2187 2241 Anah.

205 2271 295 2326 VII,
328 2275 396 2325 24,
431 2275 555 2324 4-3,
597 2271 815 2312 intellexit
855 2271 1069 2323 Chishull,
1110 2281 1247 2323 quem
1289 2273 1478 2312 secutus
1517 2271 1780 2324 Droysenus
1818 2271 1872 2312 de
1903 2272 2189 2324 expeditione

203 2343 435 2397 Babylone
463 2345 510 2384 in
540 2344 691 2384 sinum
721 2343 953 2384 Persicum
988 2343 1141 2395 missa,
1179 2353 1295 2395 quae
1325 2342 1539 2383 Arabiam
1579 2345 1910 2396 pervestigaret
1945 2346 1990 2384 et
2027 2343 2188 2396 perdo-

204 2418 361 2468 maret,
393 2416 620 2467 cogitavit.
681 2415 879 2456 Eandem
911 2425 1021 2455 vero
1054 2415 1180 2455 innui
1211 2426 1237 2455 a
1268 2415 1409 2455 Plinio
1439 2414 1492 2456 N.
1514 2415 1618 2455 hist.
1641 2415 1714 2467 IX,
1738 2419 1784 2456 6:
1827 2411 2009 2457 Gadara
2038 2413 2188 2470 appel-

204 2485 327 2529 latur
362 2485 499 2529 rubri
533 2485 683 2529 maris
713 2484 996 2541 paeninsula
1023 2484 1205 2541 ‘ehiyenffl
1246 2484 1386 2528 huius
1416 2484 1586 2528 obieeta
1619 2488 1774 2528 vastus
1812 2484 2012 2540 efficitur
2039 2485 2187 2538 sinna,

209 2555 310 2600 ΧΠ
330 2556 510 2600 dierum
540 2561 580 2600 et
607 2555 811 2600 noetiwm
846 2555 1038 2612 remiyio
1076 2555 1341 2613 eriaviqatas
1369 2555 1621 2600 Ptolemaeo
1649 2555 1759 2613 reyi,
1803 2557 1983 2612 quamdo
2011 2556 2189 2601 nullius

207 2642 350 2671 aurae
379 2627 542 2684 recepit
569 2627 790 2683 afflatum.
847 2629 903 2668 At
933 2639 1080 2681 neque
1110 2628 1203 2670 ulla
1232 2631 1302 2670 est
1331 2640 1467 2670 causa
1498 2641 1581 2670 cur
1611 2630 1685 2671 hic
1716 2630 2023 2671 Ptolemaeum
2051 2631 2188 2671 Euer-

205 2703 353 2754 getam
385 2701 677 2754 potissimum
708 2700 933 2752 designari
972 2702 1241 2753 statuamus,
1283 2711 1429 2753 neque
1459 2701 1682 2753 Droyseni
1724 2702 1877 2754 opinio
1920 2702 1975 2742 de
2006 2702 2188 2754 expedi-

206 2773 327 2813 tione
359 2784 495 2824 quam
527 2772 600 2812 ille
631 2771 861 2824 Babylone
892 2772 937 2811 in
967 2771 1182 2812 Arabiam
1213 2773 1468 2824 susceperit
1504 2783 1609 2812 cum
1651 2773 1716 2813 eis
1749 2784 1864 2825 quae
1896 2774 1950 2814 de
1980 2784 2084 2825 rege
2114 2785 2188 2814 se-

206 2844 375 2885 ditione
406 2843 655 2884 domestica
685 2844 732 2883 in
762 2842 1019 2895 Aegyptum
1052 2845 1265 2884 revocato
1297 2843 1487 2895 legimus
1519 2844 1624 2894 (not.
1649 2845 1716 2894 22)
1748 2844 1876 2885 facile
1907 2845 2187 2886 conciliatur.

206 2914 353 2962 Quare
384 2915 537 2955 malim
570 2925 674 2955 cum
703 2913 855 2955 Niesio
888 2913 1046 2955 Gesch.
1078 2913 1158 2955 der
1189 2925 1251 2966 gr.
1282 2925 1326 2954 u.
1360 2914 1479 2955 mak.
1512 2915 1690 2955 Staaten
1711 2915 1749 2954 11
1779 2926 1822 2967 p.
1847 2918 1928 2956 449
1962 2917 2052 2956 not.
2077 2919 2092 2955 4
2133 2916 2188 2956 de

205 2987 408 3028 exercitu
446 2988 551 3039 post
598 2986 793 3027 reditum
840 2996 895 3025 ex
935 2985 1140 3038 Aegypto
1191 2996 1273 3038 per
1313 2986 1490 3027 canales
1527 2985 1615 3027 Nili
1655 2987 1796 3027 misso
1837 2987 1958 3028 hunc
2004 2987 2186 3028 titulum
2270 2980 2275 2982 ⁷

206 3058 508 3111 interpretari.

317 3256 389 3309 55
441 3260 574 3310 Stela
623 3260 894 3309 marmoris
943 3260 1042 3308 albi
1087 3260 1248 3310 fracta
1290 3261 1342 3308 in
1388 3261 1514 3310 duas
1559 3265 1731 3326 partes
1779 3264 2012 3311 accurate
2056 3262 2187 3310 inter

207 3361 261 3394 se
300 3346 660 3411 contingenteS,
708 3346 759 3395 in
808 3345 997 3411 oppido
1035 3341 1233 3412 Makri,
1280 3346 1415 3410 quod
1455 3347 1692 3396 Telmessi
1738 3348 1975 3412 antiquae
2017 3348 2184 3396 locum
2258 3348 2267 3398 -ζ
2308 3343 2311 3385 5

205 3433 360 3494 tenet,
416 3431 467 3478 in
515 3431 666 3480 domo
715 3433 933 3496 privata.
1008 3431 1097 3480 Ed.
1137 3432 1193 3480 V.
1230 3431 1420 3480 Berard
1458 3433 1581 3481 Bull.
1625 3434 1687 3482 de
1739 3447 1867 3482 corr.
1908 3433 2032 3481 Hell.
2074 3433 2186 3481 XIV

211 3513 389 3579 (4890)
426 3530 477 3580 p.
504 3515 603 3564 462
643 3531 691 3565 n.
717 3517 736 3564 4
788 3516 868 3581 (Μ.
897 3517 951 3566 L.
983 3517 1164 3567 Strack
1200 3517 1291 3567 Die
1316 3518 1557 3582 Dynastie
1585 3518 1676 3567 der
1701 3519 1984 3567 Ptolemaer
2007 3533 2056 3582 p.
2081 3518 2182 3567 236

214 3614 262 3648 n.
297 3599 399 3664 5⁴).
473 3599 546 3649 Cf.
594 3615 723 3664 quae
771 3603 1158 3667 disputaverunt
1202 3603 1264 3652 M.
1294 3604 1540 3652 Holleaux
1588 3605 1760 3653 Revue
1806 3604 1868 3652 de
1911 3602 2183 3668 philologie
