2314 3970
215 189 318 238 340
854 183 925 222 lV.
972 183 1170 233 Regnum
1203 183 1551 223 Seleucidarum.
2088 183 2150 235 [21
2163 187 2186 223 9

215 361 269 410 G.
301 360 460 409 Radet
499 360 672 406 Revue
698 356 761 404 de
785 355 1056 420 philologia
1081 354 1213 404 XVII
1249 354 1383 404 ⁴893
1424 371 1473 420 p.
1505 356 1570 404 56
1594 371 1703 421 sqq.
1768 356 1827 406 U.
1851 355 2077 405 Wilcken
2103 371 2185 422 ap.

215 445 652 510 Pauly-Wissowa
677 440 1165 506 Realencyklopiidie
1193 440 1213 488 I
1240 441 1270 491 2
1298 456 1347 506 p.
1368 441 1525 490 2452.
1579 442 1632 491 B.
1648 442 1991 492 Haussoullier
2016 443 2190 492 Revue

214 534 274 581 de
312 531 481 596 philol.
512 528 668 577 XXIV
710 527 845 576 4900
884 543 934 593 p.
966 524 1085 576 3⁴7.
1151 514 1338 576 Etudes
1377 541 1464 576 sur
1500 523 1745 578 l’histoire
1777 529 1838 578 de
1865 529 1997 577 Milet
2034 532 2084 578 et
2121 529 2190 577 du

213 616 510 680 Didymeion
548 630 596 679 p.
628 614 712 662 58.
776 615 855 662 W.
886 613 1223 663 Hiinerwadel
1262 612 1624 677 Forschungen
1649 629 1741 664 zur
1767 614 2064 664 Geschichte
2102 616 2190 663 des

214 702 402 765 Konigs
441 698 771 765 Lysimachos
817 714 867 765 p.
902 699 1019 749 ⁴0⁴.
1092 700 1146 748 B.
1177 699 1322 748 Niese
1369 698 1668 750 Geschichte
1714 701 1804 750 der
1847 716 1921 766 gr.
1963 717 2012 751 u.
2053 700 2187 750 mak.

215 790 419 838 Staaten
457 786 500 834 II
537 801 587 851 p.
621 785 720 834 ⁴33
761 787 865 835 not.
896 786 943 834 6.

348 925 786 996 Ἐπιμηνιεύοντος
844 924 1080 996 Νυμφίου
1146 929 1233 978 τοῦ
1290 925 1615 997 Διοτρέφους,
1676 930 2081 988 ἐπιστατοῦντος1
2138 929 2194 981 δὲ

359 1013 620 1066 Διονυσίου
658 1015 745 1065 τοῦ
786 1008 1223 1082 ΙἽππομέδοντος,
1273 1011 1556 1083 Δημήτριος
1597 1013 1780 1073 Διοΰς2
1817 1012 1976 1067 εἶπεν·
2017 1015 2190 1085 ἐπειδὴ

363 1098 596 1171 βασιλεὺς
637 1095 918 1169 Ἀντίοχος3
959 1099 1204 1170 βασιλέως
1246 1098 1252 1167 Ι
1296 1098 1547 1152 Σελεύκου
1585 1100 1636 1152 ἐν
1677 1101 1836 1171 ἀρχῆι
1871 1121 1925 1153 τε
1963 1103 2195 1171 παραλα-

358 1186 457 1257 βὼν
506 1185 608 1256 τὴμ
653 1184 911 1256 βασιλείαν
960 1184 1046 1238 καὶ
1091 1181 1311 1256 προστὰς
1363 1183 1576 1256 ἐνΙδόξου
1621 1184 1707 1238 καὶ
1754 1189 1915 1257 καλῆς
1954 1188 2193 1258 αἱρέσεως

304 1287 328 1327 5
359 1273 575 1342 ἐζήτησε
599 1268 691 1331 τὰς
720 1270 806 1340 μὲν
840 1272 1010 1331 πόλεις
1041 1268 1132 1332 τὰς
1159 1268 1314 1340 κα(τὰ)
1338 1271 1428 1342 τὴν
1455 1271 1791 1342 ΣεΙΙλευκίδα4,
1831 1274 2195 1345 περιεχομένας

359 1356 450 1409 ὑπὸ
490 1360 679 1428 καιρῶν
720 1359 976 1428 δυσχερῶν
1018 1354 1104 1412 διὰ
1142 1356 1256 1418 τοὺς
1296 1356 1610 1418 ἀποστάντας
1651 1362 1658 1429 Ι
1698 1362 1807 1429 τῶμ
1838 1358 2192 1431 πραγμάτωνῦ,

357 1445 428 1503 εἰς
467 1445 671 1514 εἰρήνην
712 1441 796 1495 καὶ
833 1443 922 1515 τὴν
964 1444 1181 1515 ἀρχαίαν
1221 1445 1543 1514 εὐδαιμονίαν
1582 1450 1913 1516 καταστῆσαι,
1957 1446 1963 1517 Ι
2003 1445 2117 1506 τοὺς
2144 1444 2189 1499 δ’

329 1636 345 1672 4
385 1632 672 1674 Vocabulum
694 1629 922 1688 ἐπιστάτης
942 1632 1010 1673 Ilii
1030 1634 1082 1673 ut
1095 1631 1295 1685 Athenis,
1318 1632 1470 1674 Zeleae
1487 1631 1739 1686 (Syllum,
1753 1633 1805 1686 4),
1830 1634 1917 1675 Iasi
1934 1633 2076 1687 (Syll.2
2087 1638 2138 1675 96
2151 1634 2196 1687 5),

213 1707 248 1746 li
281 1705 405 1757 (Ross
436 1706 573 1746 Inscr.
606 1704 754 1746 inedd.
777 1703 883 1746 fasc.
915 1705 952 1744 ΙΙ
983 1715 1027 1757 p.
1052 1708 1075 1745 8
1108 1716 1149 1745 n.
1174 1705 1242 1757 94,
1266 1707 1304 1745 8.
1329 1707 1351 1744 9
1385 1704 1456 1745 all.
1489 1716 1515 1745 a
1546 1705 1594 1748 G.
1619 1704 1790 1746 Gilbert
1821 1705 1893 1747 Gr.
1916 1706 2198 1748 Staatsalter-

213 1778 397 1819 thiimer
427 1778 464 1816 ΙΙ
496 1788 538 1829 p.
560 1780 641 1818 208
673 1778 764 1818 not.
790 1776 827 1828 3)
859 1778 1107 1830 prytanum
1137 1776 1405 1831 principem,
1437 1777 1516 1829 qui
1547 1778 1723 1818 senatui
1749 1778 2038 1831 comitiisque
2069 1790 2197 1832 prae-

213 1849 402 1902 sidebat,
443 1848 641 1890 indicare
678 1848 873 1890 videtur.
925 1848 1048 1897 Quae
1079 1849 1195 1889 ratio
1226 1849 1266 1889 ei
1303 1849 1610 1890 intercesserit
1647 1860 1753 1890 cum
1792 1851 2034 1903 epimenio‚
2075 1851 2198 1903 quod

213 1920 491 1962 vocabulum
523 1922 809 1961 menstruum
835 1920 1019 1973 quidem
1051 1919 1187 1961 officii
1208 1922 1390 1972 tempus
1412 1921 1592 1974 indicat,
1626 1921 1706 1963 sed
1726 1921 1782 1963 de
1804 1923 2090 1974 negotiorum
2121 1934 2198 1964 na-

214 1995 316 2034 tura
347 1993 458 2034 nihil
488 1993 701 2045 continet,
734 1993 852 2033 latet.
1001 1995 1026 2032 2
1070 1992 1183 2033 Cum
1205 1993 1252 2033 in
1272 1993 1513 2045 proecdosi
1539 1990 1640 2035 Δίου
1664 1995 1743 2035 aut
1763 1990 2017 2050 Διο(γέν)ους
2045 2006 2198 2036 emen-

214 2065 406 2118 dassem,
439 2065 548 2105 nihil
581 2065 847 2105 mutandum
869 2074 983 2117 esse,
1015 2065 1121 2117 quia
1142 2075 1307 2106 nomen
1330 2061 1450 2121 Διῆς,
1482 2061 1608 2111 Διοῦς
1636 2066 1774 2108 etiam
1796 2065 1903 2107 alibi
1925 2071 2198 2120 occurreret,

215 2137 391 2176 monuit
429 2135 475 2176 A.
498 2136 710 2177 Wilhelm
747 2136 1465 2189 Archaologisch-epigraphische
1496 2137 1638 2179 Mitth.
1678 2149 1760 2179 aus
1799 2138 2081 2180 Oesterreich
2111 2140 2193 2180 XX

215 2219 255 2260 p.
280 2210 348 2247 73.
411 2206 471 2248 Cf.
504 2205 632 2260 Sy11.2
662 2219 703 2248 n.
729 2210 825 2259 348,
856 2210 922 2248 50.
967 2210 1062 2261 349,
1097 2211 1134 2248 2.
1314 2211 1335 2247 3
1376 2196 1625 2249 Antiochus
1655 2210 1674 2249 1
1714 2210 1843 2250 soter
1880 2210 2114 2262 (280—264
2155 2223 2194 2253 a.

214 2279 314 2320 Chr.
337 2279 407 2331 n.).
566 2281 588 2319 4
630 2280 693 2320 De
724 2279 954 2320 Seleucide
984 2280 1223 2333 principali
1255 2281 1411 2333 Syriae
1442 2282 1570 2333 parte
1600 2281 1718 2322 inter
1747 2281 1912 2323 Coelen
1942 2283 2119 2335 Syriam
2151 2286 2196 2324 et

213 2351 544 2403 Commagenen
582 2351 681 2403 sita,
723 2362 839 2403 quae
877 2353 1097 2403 quattuor
1140 2351 1338 2394 habebat
1382 2352 1520 2393 urbes
1566 2364 1766 2407 magnas,
1807 2354 2092 2397 Antiochiam
2138 2355 2195 2397 ad

212 2423 459 2476 Daphnem,
502 2423 642 2464 totius
673 2424 798 2475 regni
829 2425 980 2477 caput,
1019 2423 1283 2478 Seleuciam,
1326 2424 1586 2479 Apameam,
1627 2425 1907 2479 Laodiceam,
1948 2426 2003 2468 cf.
2034 2427 2194 2468 Strabo

212 2494 324 2547 XVI,
349 2498 388 2548 2,
412 2497 434 2534 4
479 2505 522 2547 p.
547 2497 641 2535 749.
670 2498 718 2535 50
751 2495 847 2536 Cas.
907 2495 973 2536 Ad
1015 2507 1154 2549 quam
1195 2497 1426 2549 regionem
1456 2508 1563 2537 cum
1609 2508 1767 2538 omnes
1812 2498 2011 2540 edltores
2055 2500 2196 2541 verba

212 2567 332 2607 tituli
371 2567 662 2620 rettulissent,
702 2567 736 2607 J.
767 2567 933 2608 Beloch
972 2567 1082 2609 Hist.
1123 2569 1290 2610 Ztschr.
1324 2569 1399 2609 LX
1433 2572 1538 2610 4888
1573 2580 1616 2622 p.
1643 2572 1723 2609 502
1765 2572 1898 2611 not.⁴
1948 2571 2100 2623 potius
2139 2572 2195 2612 de

210 2638 343 2679 Asiae
376 2639 565 2679 minoris
596 2638 869 2692 regionibus,
910 2651 1027 2692 quae
1058 2640 1397 2682 Seleucidarum
1429 2641 1609 2693 imperii
1642 2641 1818 2695 fuerint,
1857 2642 2193 2695 interpretatur.

213 2709 298 2758 Qui
330 2709 440 2750 mihi
472 2721 560 2750 non
591 2712 830 2762 persuasit.
889 2711 1003 2753 Nam
1045 2713 1246 2765 primum
1285 2712 1469 2765 quidem
1503 2708 1704 2759 Σελευκίς
1746 2713 1801 2754 de
1841 2714 1962 2755 nulla
2003 2725 2195 2767 usquam

212 2783 332 2822 terra
362 2782 546 2834 proprie
578 2783 622 2822 et
652 2781 936 2824 substantive
957 2786 1206 2837 usurpatur
1236 2785 1321 2824 nisi
1353 2784 1408 2824 de
1440 2784 1515 2825 illa
1535 2785 1690 2838 Syriae
1712 2788 1852 2838 parte.
1901 2787 2049 2839 Longe
2079 2787 2194 2828 alius
2271 2835 2274 2839 ⁴

213 2853 388 2904 generis
419 2855 488 2893 est
517 2853 643 2905 quod
675 2853 895 2895 adiective
927 2855 1048 2908 apud
1078 2856 1334 2909 Appianum
1367 2857 1463 2909 Syr.
1498 2860 1550 2897 55
1583 2857 1747 2909 legitur
1777 2852 2087 2905 Καππαδοκίας
2117 2862 2195 2914 τῆς

217 2921 473 2969 Σελευκίὸος
503 2922 751 2981 λεγομένης.
808 2926 977 2967 Deinde
1003 2938 1112 2968 vero
1144 2927 1382 2969 manifesto
1412 2929 1458 2968 in
1488 2929 1576 2969 hoc
1606 2929 1835 2970 Iliensium
1867 2930 2047 2971 decreto
2079 2932 2196 2971 inter

213 3007 261 3037 se
293 2998 586 3049 opponuntur
625 2993 676 3038 ἐν
718 2994 879 3054 ἀρχῆι
913 3011 968 3038 τε
996 3020 1053 3028 -
1085 2997 1263 3056 ἐζήτησε
1292 2998 1368 3046 τὰς
1400 2997 1478 3055 μὲν
1509 2997 1656 3047 πόλεις
1685 2998 1760 3047 τὰς
1790 2999 1928 3042 κατὰ
1963 3000 2055 3055 τὴν
2098 2998 2195 3044 Σε-

212 3065 440 3109 λευκίδα
469 3091 526 3098 -
555 3072 818 3124 καταστῆσαι
845 3091 902 3099 —-
932 3072 1020 3111 νῦν
1061 3084 1113 3112 τε
1154 3069 1495 3127 παραγενόμενος
1527 3069 1596 3112 ἐπὶ
1625 3070 1725 3119 τοὺς
1763 3071 1919 3119 τόπους
1948 3071 2046 3120 τοὺς
2077 3072 2194 3115 ἐπι-

213 3137 336 3180 τάδε
375 3140 465 3181 τοῦ
503 3136 731 3195 Ταόρου;
771 3151 916 3194 neque
947 3142 1090 3194 magis
1122 3153 1163 3182 n.
1188 3145 1285 3195 229,
1309 3146 1347 3184 4.
1372 3146 1395 3182 2
1428 3143 1626 3185 Belochii
1656 3144 1967 3197 interpretatio
2006 3145 2192 3198 probari

212 3213 375 3264 potest.
435 3210 550 3253 Nam
582 3213 620 3253 si
651 3212 743 3253 illic
775 3208 975 3259 Σελευκίς
1006 3225 1096 3254 non
1127 3214 1364 3267 proprium
1385 3216 1648 3267 provinciae
1678 3227 1843 3258 nomen
1873 3219 2006 3270 esset,
2038 3217 2118 3258 sed
2149 3219 2193 3259 in

213 3284 479 3325 universum
517 3284 720 3336 regiones
753 3295 868 3336 quae
909 3285 955 3325 in
994 3285 1331 3327 Seleucidarum
1363 3286 1541 3328 dicione
1581 3290 1746 3341 essent,
1793 3287 1902 3340 quid
1933 3288 2020 3329 sibi
2061 3289 2196 3330 vellet

213 3352 505 3411 ὑπερέβαλεν.)
557 3354 687 3402 Quod
717 3367 806 3397 non
837 3358 988 3409 potest
1017 3369 1107 3399 non
1128 3357 1182 3398 de
1204 3357 1337 3399 Tauri
1358 3360 1552 3400 transitu
1574 3359 1783 3411 intellegi.
1833 3359 1919 3400 Sed
1941 3362 2064 3402 trans
2086 3372 2190 3402 eum

215 3437 331 3478 quae
361 3428 491 3468 erant
520 3437 610 3468 non
649 3428 799 3469 minus
832 3429 1165 3470 Seleucidarum
1207 3430 1386 3482 imperii
1424 3433 1552 3472 erant
1580 3443 1718 3483 quam
1748 3431 1970 3484 citeriora,
2016 3434 2067 3472 ut
2106 3433 2193 3473 hoc

213 3498 404 3538 transitu
439 3497 623 3540 demum
655 3500 700 3540 in
731 3500 853 3541 illam
879 3502 1108 3553 regionem
1134 3503 1395 3554 pervenisse
1426 3514 1515 3543 non
1537 3504 1658 3544 recte
1678 3502 1868 3544 dicatur.
2006 3507 2030 3544 5
2070 3502 2192 3545 Hanc

214 3568 518 3622 rebellionem,
552 3570 607 3612 de
637 3583 728 3623 qua
760 3575 989 3625 praeterea
1021 3573 1129 3614 nihil
1160 3573 1367 3627 traditur,
1408 3573 1510 3615 ilico
1549 3577 1654 3627 post
1683 3574 1855 3616 Seleuci
1893 3585 2049 3616 necem
2088 3586 2189 3617 eru·

214 3640 335 3692 pisse
367 3641 463 3681 veri
494 3642 639 3683 simile
669 3646 750 3685 est.
