2314 3970
210 187 311 240 306
888 183 957 222 111.
1004 181 1153 223 Nubia
1182 183 1227 222 et
1257 181 1507 234 Aethiopia.
2082 179 2172 231 [2⁰4

355 351 512 425 μετὰ8
567 356 661 403 τῶν
719 349 1010 419 Βλεμύωνθ,
1069 347 1154 401 καὶ
1212 350 1237 400 ὁ
1298 348 1415 408 θεὸς
1470 349 1654 401 ἔδωκέν
1705 371 1788 418 μοι
1832 348 1885 401 τὸ
1930 349 1934 417 1
1982 347 2180 416 νίκημα.

301 456 324 495 5
359 436 482 509 μετὰ
532 439 627 488 τῶν
673 438 820 505 τριῶν
867 435 996 492 ἅπαξ
1012 436 1053 470 ¹⁰
1101 434 1309 503 ἐνίκησα
1352 433 1499 486 πάλιν
1539 433 1623 486 καὶ
1663 434 1931 506 ἐκράῃτησα
1967 430 2058 492 τὰς
2096 435 2185 484 πό-

355 528 455 581 λεις
497 522 674 574 αὐτῶν.
717 520 1002 589 ἐκαθέσθην
1043 516 1168 588 μετὰ
1208 522 1303 571 τῶν
1334 518 1340 588 1
1374 519 1539 590 ’όχλων
1581 522 1733 588 μου11
1770 519 1823 572 τὸ
1866 519 1952 589 μὲν
1991 522 2185 589 πρῶτον

355 609 554 675 danaim,
607 606 816 675 ἐνίκησα
869 606 1030 658 αὐτῶν
1048 607 1089 640 ¹3
1139 603 1145 676 Ι
1193 604 1278 656 καὶ
1328 604 1469 656 αὐτοὶ
1513 603 1730 675 ἠξίωσάν
1747 607 1788 641 ¹4
1835 627 1908 675 με.
1973 603 2187 673 ἐποίησα

354 695 557 764 εἰρήνην
607 688 713 761 μετ’
768 691 929 744 αὐτῶν
973 690 978 759 Ι
1019 689 1105 743 καὶ
1149 688 1352 759 ὤμοσάν
1395 711 1480 759 μοι
1515 687 1579 743 τὰ
1619 689 1862 743 εἴδωλα15
1902 692 2063 743 αὐτῶν
2103 690 2189 742 καὶ

353 779 619 831 ἐπίστευσα
663 776 744 829 τὸν
798 776 803 846 1
860 779 1065 847 ὅρκον16
1122 776 1301 844 αὐτῶν,
1356 777 1424 834 ὡς
1475 777 1624 828 καλοί
1678 778 1801 829 εἰσιν
1856 776 2185 847 ἄνθρωποιΠ.

274 879 326 919 10
359 864 703 935 ἀναχωρήθην
718 865 760 899 ¹⁸
795 861 811 933 ΙΙ
849 864 918 921 εἰς
956 859 1020 914 τὰ
1062 861 1166 914 ἄνω
1207 862 1331 932 μέρη
1375 882 1483 930 μου.
1531 864 1615 914 ὅτε
1653 862 2011 932 ἐγεγονέμην19
2049 863 2191 932 βασι-

329 1042 351 1079 8
391 1038 463 1078 Sic
492 1049 536 1078 v.
560 1040 582 1077 7
617 1033 800 1091 ἐποίησα
831 1032 1003 1091 εἰρήνην
1037 1027 1122 1089 μετ’
1149 1030 1303 1075 αὐτῶν.
1349 1046 1391 1075 v.
1415 1037 1467 1074 43
1502 1031 1542 1075 οἳ
1571 1032 1651 1091 γὰρ
1673 1031 1934 1090 φιλονικοῦσι
1959 1028 2045 1088 μετ’
2070 1030 2190 1087 ἐμοῦ.

213 1110 335 1158 Quae
364 1109 505 1150 verba
538 1109 688 1150 omnia
720 1118 775 1148 ex
806 1107 974 1147 Graeca
1005 1105 1334 1147 consuetudine
1364 1106 1747 1158 praepositionem
1780 1106 1884 1163 πρὸς
1921 1117 1958 1146 c.
1991 1116 2082 1147 acc.
2116 1108 2194 1146 aut

212 1193 388 1222 merum
423 1180 627 1222 dativum
657 1179 872 1231 flagitant.
933 1178 990 1218 At
1021 1178 1142 1230 apud
1173 1178 1342 1230 Coptas
1373 1178 1652 1230 praepositio
1686 1179 1823 1229 ΝΕΜ,
1866 1188 1982 1229 quae
2019 1178 2064 1218 in
2094 1178 2195 1217 uni-

213 1263 398 1294 versum
439 1251 618 1292 Graecis
660 1248 779 1305 μετά,
823 1247 894 1290 σύν
935 1249 1193 1302 respondet,
1232 1250 1366 1290 etiam
1410 1259 1514 1290 cum
1557 1250 1720 1290 harum
1766 1249 2002 1291 notionum
2041 1248 2194 1288 verbis

213 1325 501 1375 coniungitur
539 1334 630 1363 non
668 1323 818 1362 minus
850 1332 987 1373 quam
1018 1321 1227 1361 Latinum
1267 1333 1371 1362 cum
1409 1322 1454 1361 et
1484 1321 1802 1361 Germanicum
1832 1317 1929 1362 mit.
1991 1321 2193 1373 Lepsius.

216 1400 239 1437 9
280 1395 340 1436 Cf.
383 1406 424 1435 n.
450 1393 589 1434 ⁴9932.
649 1392 805 1434 Nubas
844 1394 889 1433 et
925 1392 1150 1445 BlemyaS,
1188 1394 1241 1433 ut
1278 1394 1405 1433 erant
1451 1393 1568 1433 inter
1605 1403 1653 1433 se
1697 1392 1891 1445 finitimi,
1937 1393 2002 1433 sic
2046 1392 2195 1432 tribus

213 1467 373 1520 primis
403 1466 512 1518 post
540 1465 640 1505 Chr.
674 1466 829 1504 natum
862 1464 1053 1505 saeculis
1085 1474 1219 1516 saepe
1246 1464 1523 1504 coniunctim
1554 1465 1698 1516 egisse
1726 1464 1889 1505 docent
1918 1465 2196 1516 scriptorum

214 1539 302 1579 loci
348 1547 464 1590 quos
509 1536 638 1577 attuli
683 1537 776 1576 not.
812 1538 849 1576 3.
909 1535 965 1576 At
1014 1535 1151 1575 huius
1196 1535 1317 1576 tituli
1361 1537 1506 1576 aetate
1550 1535 1706 1577 Nubas
1756 1547 1912 1576 recens
1963 1535 2019 1577 ad
2070 1546 2198 1576 sacra

215 1609 467 1650 Christiana
498 1617 742 1648 conversos
764 1607 985 1648 adversus
1006 1606 1216 1659 Blemyas
1247 1607 1478 1659 religionis
1499 1617 1699 1659 paganae
1726 1609 1907 1648 tenaces
1929 1607 1996 1658 (cf.
2019 1608 2110 1647 not.
2129 1607 2195 1657 45)

216 1681 502 1722 continenter
525 1679 717 1720 bellasse
739 1690 828 1720 non
849 1679 918 1719 est
939 1677 1209 1719 mirandum.
1329 1682 1381 1718 40
1422 1678 1546 1719 Hanc
1561 1680 1814 1720 contortam
1831 1678 2071 1720 formulam
2089 1678 2199 1718 nihil

217 1752 339 1793 aliud
375 1751 462 1792 sibi
503 1751 620 1792 velle
667 1761 720 1791 ac
757 1748 805 1790 τὸ
846 1747 983 1805 τρίτον
1023 1749 1357 1791 demonstravit
1393 1750 1594 1802 Lepsius,
1641 1761 1746 1791 cum
1793 1750 1974 1791 doceret
2020 1752 2199 1803 praeter

217 1823 555 1865 substantivum
589 1821 793 1863 adverbii
824 1819 934 1870 ἅπαξ
963 1832 1099 1862 usum
1133 1822 1237 1873 (not.
1262 1820 1299 1872 7)
1331 1821 1406 1862 hic
1436 1832 1460 1862 e
1482 1821 1671 1874 Coptico
1703 1831 1915 1862 sermone
1946 1822 2081 1862 etiam
2102 1832 2199 1862 car-

217 1894 364 1936 dinale
394 1904 500 1934 cum
531 1893 722 1934 articulo
754 1904 838 1945 pro
874 1892 1066 1934 ordinali
1096 1893 1340 1945 repetitum
1378 1903 1491 1934 esse.
1641 1896 1684 1933 44
1725 1894 1774 1933 In
1815 1893 1993 1934 duabus
2034 1893 2198 1946 priori-

216 1966 304 2007 bus
335 1964 700 2018 expeditionibus
730 1965 863 2005 victis
903 1963 1113 2005 hostibus
1154 1975 1312 2005 rursus
1352 1975 1407 2005 ex
1444 1975 1604 2005 eorum
1641 1964 1807 2005 finibus
1845 1966 2114 2017 excesserat,
2153 1965 2199 2005 in

216 2038 350 2078 tertia
379 2047 488 2078 vero
521 2036 584 2077 ibi
615 2047 721 2077 cum
752 2037 954 2076 exercitu
984 2035 1201 2088 consedit,
1242 2037 1350 2088 quia
1380 2037 1509 2076 aliter
1538 2037 1638 2077 illos
1668 2037 1713 2076 in
1743 2036 1830 2076 fide
1861 2037 2081 2077 contineri
2110 2047 2198 2076 non

217 2119 353 2163 posse
393 2109 608 2148 senserat.
656 2107 859 2159 Lepsius.
1051 2110 1104 2147 42
1144 2107 1211 2148 Ad
1251 2108 1402 2160 priora
1440 2108 1552 2148 haec
1591 2108 1727 2149 refert
1766 2108 1954 2160 Lepsius
1994 2107 2199 2149 refutatis

217 2180 423 2233 priorum
454 2177 904 2231 interpretationibus
926 2178 1176 2230 statuitque
1205 2179 1315 2219 nihil
1346 2179 1468 2220 aliud
1499 2180 1648 2220 dicere
1679 2190 1844 2233 regem,
1877 2180 1962 2220 nisi
1992 2181 2038 2220 in
2068 2180 2199 2220 tertia

218 2250 504 2303 expeditione
534 2260 582 2291 se
612 2250 813 2301 primum
845 2250 1107 2290 consedisse
1137 2251 1182 2290 in
1205 2261 1312 2302 agro
1334 2251 1536 2291 hostium
1559 2252 1663 2302 (not.
1686 2251 1768 2302 44).
1820 2252 2091 2292 Particulam
2123 2250 2202 2307 μὲν

218 2323 264 2363 in
304 2322 389 2362 hac
427 2322 753 2362 sententiarum
791 2332 966 2362 conexu
1009 2322 1377 2362 molestissimam
1417 2332 1517 2363 esse
1557 2333 1664 2364 sane
1703 2334 1794 2364 non
1831 2324 1900 2364 est
1930 2323 2199 2375 negandum.

2282 1875 2288 1888 ,,
2275 1827 2287 1838 ¹1
2270 1604 2290 1801 *wingfb-Jfiff
2270 1499 2293 1583 <5⁸³
2270 1435 2286 1478 e-'J
2271 1404 2284 1419 '-
2283 1347 2286 1350 ,
2278 1312 2284 1316 ⁴
2280 1249 2286 1270 s-
2282 1192 2289 1195 Α
2280 1168 2281 1171 Α
2280 1138 2286 1143 ;
2279 1082 2283 1088 v
2280 1052 2287 1067 Α,
2281 996 2286 1001 .

2268 1931 2289 1997 7¹⁴1.ae

219 2397 272 2434 43
314 2393 582 2434 Genetivum
621 2392 854 2433 soloecum
893 2393 951 2433 ad
992 2393 1238 2445 Coptarum
1281 2394 1506 2463 sermonis
1547 2394 1923 2435 consuetudinem
1967 2395 2203 2435 revocavit
2260 2438 2263 2439 ⁷
2304 2382 2314 2454 j]

219 2465 407 2518 Lepsius
439 2475 542 2504 cum
576 2465 792 2517 moneret,
825 2465 932 2516 quia
962 2465 1238 2517 praepositio
1273 2468 1305 2505 Ν
1342 2465 1463 2517 apud
1494 2465 1658 2518 Coptas
1689 2468 1734 2506 et
1764 2467 2024 2519 genetivum
2055 2468 2100 2507 et
2130 2477 2203 2507 ac·
2260 2504 2263 2507 .
2303 2459 2309 2509 ’ἑ

220 2536 478 2576 cusativum
517 2534 770 2586 significare
811 2539 978 2588 posset,
1021 2536 1274 2588 proclivem
1305 2536 1443 2577 fuisse
1480 2537 1652 2578 homini
1682 2537 1904 2590 Aegyptio
1934 2539 2100 2579 horum
2131 2549 2204 2578 ca-

222 2617 357 2647 suum
394 2607 789 2658 permutationem.
851 2606 952 2647 Non
990 2618 1118 2660 nego,
1157 2607 1236 2648 sed
1277 2608 1321 2648 in
1359 2609 1460 2660 ipsa
1500 2608 1669 2650 Graeca
1706 2609 1857 2661 lingua
1898 2620 1988 2650 non
2019 2609 2204 2650 deerant
2264 2650 2267 2651 ⁷
2313 2618 2314 2622 ¹

221 2688 336 2730 quae
366 2677 541 2717 homini
573 2678 670 2718 eius
702 2678 852 2718 minus
884 2678 1030 2730 perito
1063 2679 1290 2720 eiusmodi
1322 2679 1599 2720 confusionis
1640 2691 1796 2721 ansam
1835 2680 2053 2733 praebere
2094 2691 2203 2734 pos-

222 2750 334 2801 sent,
372 2750 424 2789 ut
453 2751 637 2802 κρατεῖν,
679 2746 991 2804 περιγίγνεσθαί
1019 2747 1143 2796 τινός.
1319 2753 1371 2790 44
1412 2751 1443 2790 Ι.
1473 2762 1509 2792 e.
1542 2752 1805 2804 dignitatem
1843 2763 1992 2793 meam
2032 2753 2202 2804 regiam

222 2820 516 2871 agnoverunt,
554 2820 595 2858 ei
635 2829 683 2859 se
720 2818 1032 2861 subdiderunt.
1085 2820 1145 2861 Cf.
1178 2833 1220 2862 v.
1246 2824 1297 2862 44
1336 2818 1372 2861 εἰ
1405 2820 1466 2877 μὴ
1497 2820 1763 2877 κατηξίωσάν
1795 2837 1860 2879 με.
2039 2827 2090 2862 45
2132 2824 2204 2863 Sic
2266 2807 2279 2884 Ἰ
2313 2806 2314 2829 ³

221 2891 349 2942 loqui
379 2901 468 2931 non
508 2891 686 2943 poterat
715 2891 802 2931 nisi
831 2891 971 2931 homo
1004 2891 1286 2933 Christianus
1318 2892 1372 2933 de
1403 2904 1683 2946 paganorum
1714 2895 1903 2936 deorum
1935 2895 2203 2936 simulacris.
2271 2901 2276 2912 '
2307 2926 2309 2934 ,

223 2963 459 3002 Letronne.
609 2965 661 3002 46
698 2961 1020 3002 Accusativum
1054 2974 1157 3003 cum
1180 2963 1322 3004 verbo
1349 2965 1576 3018 credendi,
1606 2966 1741 3007 fidem
1772 2966 1967 3007 habendi
1989 2966 2204 3006 coniunc-
2271 3013 2274 3018 Δ
2308 2973 2309 2977 ’

223 3035 322 3074 tum
353 3044 408 3073 ex
438 3033 589 3084 lingua
620 3032 807 3085 Coptica
834 3034 1077 3086 repetitum
1111 3045 1211 3075 esse
1234 3035 1390 3076 docuit
1419 3037 1621 3089 Lepsius,
1770 3041 1822 3078 47
1855 3032 1984 3085 ‘Quia
2024 3038 2203 3078 honesti

223 3105 428 3145 homines
463 3098 590 3145 sunt'
621 3104 824 3157 Lepsius.
875 3105 1034 3158 Utique
1063 3103 1190 3146 καλοί
1220 3117 1310 3146 non
1341 3108 1490 3159 potest
1522 3120 1613 3150 non
1642 3109 1759 3150 hanc
1788 3109 1882 3150 vim
1914 3109 2101 3162 habere;
2146 3110 2204 3155 ὡς

225 3175 346 3216 dicat
375 3176 603 3227 quispiam
633 3177 686 3216 ut
716 3173 780 3216 ὅτι
809 3188 833 3216 a
865 3175 1005 3217 verbo
1038 3177 1243 3217 sentienti
1282 3179 1491 3232 pendere,
1536 3182 1589 3221 ut
1629 3191 1678 3220 se
1715 3180 1959 3221 credidisse
1997 3181 2204 3231 fateatur,

224 3247 325 3287 illos
355 3246 527 3299 probos
557 3247 765 3288 homines
795 3258 907 3288 esse.
958 3247 1014 3288 At
1044 3249 1110 3288 sic
1139 3248 1197 3294 ὡς
1228 3270 1285 3277 -
1315 3247 1534 3304 ἄνθρωποι
1563 3251 1729 3292 obiecti
1760 3253 1912 3293 locum
1934 3255 2090 3293 tenens
2113 3263 2204 3292 non

226 3317 340 3359 bene
372 3318 688 3358 conciliaretur
718 3329 823 3358 cum
855 3319 995 3360 altero
1025 3319 1228 3360 eiusdem
1262 3321 1389 3361 verbi
1421 3322 1597 3364 obiecto
1627 3322 1698 3364 τὸν
1730 3322 1870 3380 ὅρκον.
1921 3323 2067 3371 Quare
2099 3335 2205 3364 sane

228 3389 285 3434 ὡς
315 3383 559 3441 ‘quoniam'
592 3400 691 3430 esse
712 3390 904 3432 videtur.
1040 3394 1092 3431 48
1132 3392 1437 3443 Augmentum
1459 3395 1681 3435 omissum
1702 3395 1811 3435 item
1832 3395 1972 3436 habes
2004 3407 2045 3436 n.
2064 3399 2130 3448 90,
2152 3398 2202 3435 35
2266 3421 2274 3445 3

226 3457 468 3501 ἀνανεοῦτο.
530 3461 766 3502 Passivum
799 3473 941 3514 aeque
982 3462 1213 3503 soloecum
1243 3462 1434 3504 fortasse
1471 3465 1528 3508 ad
1559 3466 1871 3508 confusionem
1908 3467 2043 3508 huius
2074 3466 2206 3508 verbi

228 3541 333 3571 cum
377 3529 656 3589 χωρισθῆναι,
706 3534 829 3585 quod
875 3534 1132 3576 discedendi
1177 3535 1222 3576 vi
1268 3538 1479 3588 usurpari
1525 3540 1569 3578 et
1613 3550 1718 3579 cum
1762 3539 2096 3592 praepositione
2144 3540 2204 3587 εἰς

229 3602 439 3653 coniungi
471 3602 636 3644 docent
666 3603 794 3657 syll.2
823 3608 918 3659 326,
951 3609 1018 3647 40.
1050 3609 1101 3647 32
1142 3603 1203 3653 εἰς
1243 3604 1341 3652 τοὺς
1380 3606 1490 3649 κατὰ
1527 3606 1749 3668 Βόσπορον
1789 3608 1944 3658 τόπους
1983 3608 2200 3669 ἐχωρίσθη

2259 3452 2279 3552 ἑ

2304 3469 2314 3757 -ῇ-ᾼὝῌ--ὴ
2305 3067 2314 3461 -ν-Ἇ-ιπτ--ῳ-Ὓιτ
2306 3003 2309 3063 —*—-
