2314 3970
133 180 230 233 238]
567 178 817 219 Antiochus
849 179 906 218 III
936 173 1128 230 Magnus
1160 177 1401 229 (223-487
1426 189 1463 218 a.
1487 177 1587 218 Chr.
1610 176 1681 227 n.).
2001 177 2098 228 391

215 369 239 408 5
272 355 356 423 τῆι
401 347 497 420 ὃιάἶ
532 352 759 423 πατέρων
807 351 1129 423 ὑπαρχούσηι
1176 350 1333 403 αὖτῶι
1376 347 1497 421 πρὸς
1534 347 1648 410 τοὺς
1671 344 1938 418 (Έλληνας
1973 348 1988 420 ΙΙ
2026 348 2108 401 εὐ-

272 438 542 509 εργεσίαιῖ,
590 439 620 491 ὅ
663 458 717 490 τε
753 436 873 497 θεὸς
911 439 938 490 ὁ
978 437 1262 509 ἀρχηγέτης
1298 439 1385 489 τοῦ
1422 436 1595 507 γένους
1631 438 1740 507 τῶμ
1780 434 1786 507 Ι
1827 435 2106 506 βασιλέων3

271 524 796 596 σονεγμεμαρτόρηκεν
844 526 937 577 τῶι
976 524 1175 595 βασιλεῖ
1210 522 1529 594 παρακαΙλῶν
1577 519 1692 595 μεθ’
1745 521 1979 594 ὁμονοίας
2015 542 2107 574 πο-

268 610 581 664 λιτεύεσθαι·
646 613 672 663 ὁ
723 610 779 664 δὲ
828 612 984 682 δῆμος
1032 609 1164 682 ἔχων
1217 609 1223 680 Ι
1275 610 1458 679 ταύτην
1507 610 1595 682 τὴν
1645 608 1834 682 αἵρεσιν
1882 609 2009 663 πολύ
2058 630 2106 663 τι

269 699 460 767 μᾶλλον
501 694 615 767 μεθ’
661 698 895 768 ὁμονοίας
938 694 1356 768 πολιΙτεοόμενος,
1397 693 1462 749 τὰ
1503 698 1714 768 μέγιστα
1758 693 1933 769 ἀγαθὰ
1980 717 2108 768 παρ-

186 798 238 840 10
270 783 495 856 ειληφὼς
535 780 675 856 παρὰ
713 787 801 838 τοῦ
836 784 852 856 ΙΙ
891 784 1138 856 βασιλέως
1174 787 1332 836 ταῦτα
1381 784 1608 855 διατηρεῖ
1637 802 1647 813 ·
1673 783 1757 838 ἵνα
1798 783 1853 837 δὲ
1890 782 2106 857 φανερὸν

266 872 475 943 γένηται
521 874 613 926 τῶι
648 892 702 925 τε
742 870 750 943 Ι
790 870 989 943 βασιλεῖ
1034 870 1120 924 καὶ
1163 869 1266 930 τοῖς
1309 868 1482 930 ἄλλοις
1526 873 1703 941 πᾶσιν,
1747 874 1808 943 ἣν
1847 871 1960 944 ἔχει
1996 869 2106 925 διά-

269 961 420 1031 ληψιν
458 960 485 1011 ὁ
525 961 683 1030 δῆμος
724 958 729 1030 Ι
770 961 975 1030 πρῶτομ
1013 957 1100 1028 μὲν
1138 956 1260 1028 ὑπὲρ
1287 958 1534 1028 βασιλέως
1562 956 1785 1029 μεγάλου
1819 955 2106 1031 Ἀντιόχου4

264 1044 350 1098 καὶ
401 1045 407 1115 Ι
455 1046 752 1118 βασιλίσσης
807 1044 1094 1115 Λαοδίκης5
1144 1043 1236 1098 καὶ
1289 1046 1388 1097 τῶν
1436 1046 1621 1098 τέκνων
1671 1045 1857 1114 αὐτῶν,
1905 1044 2106 1116 εἷ[τ]εν6

24 1270 26 1282 ’
117 1276 263 1327 αὐτοῖς
292 1277 486 1336 πολέμου
525 1277 629 1335 πρὸς
660 1275 873 1322 Φίλιππον
903 1273 1115 1337 Ἀντίοχον
1153 1275 1395 1322 ἐπελθόντα
1436 1276 1809 1336 παραλαμβάνειν.
1848 1267 2029 1341 παρῄνει
2059 1278 2108 1322 δὲ

24 1349 26 1416 [
116 1349 190 1394 καὶ
217 1356 302 1395 τῶν
334 1349 581 1408 αὐτονόμων
612 1348 852 1410 ἀπέχεσθαι
881 1349 1063 1394 πόλεων.
1124 1350 1250 1393 Anno
1285 1355 1364 1393 490
1389 1364 1426 1394 a.
1449 1351 1551 1394 Chr.
1583 1352 1866 1406 praesidium
1895 1351 2106 1395 Antiochi

117 1424 337 1479 oppidum
368 1425 619 1467 Iasensium
649 1425 850 1466 tenuisse
880 1423 1018 1466 refert
1047 1424 1201 1466 Livius
1231 1424 1453 1479 XXXVII,
1476 1428 1545 1479 47,
1571 1428 1608 1467 3.
1671 1425 1756 1474 Qui
1786 1426 1911 1479 quod
1949 1426 2106 1468 exules

115 1499 317 1540 Iasenses
347 1499 447 1539 tum
478 1498 523 1538 in
554 1498 758 1539 exercitu
778 1497 983 1539 Romano
1014 1497 1154 1540 fuisse
1179 1500 1346 1551 narrat,
1379 1498 1528 1540 solum
1559 1500 1736 1540 vertere
1763 1500 1950 1541 coactos
1981 1499 2106 1552 quod

115 1583 140 1612 a
161 1570 472 1612 Romanorum
493 1570 701 1624 partibus
723 1571 969 1624 stetissent,
1001 1582 1079 1612 eos
1102 1571 1345 1624 optimates
1371 1571 1511 1613 fuisse
1532 1571 1770 1625 probabile
1790 1573 1860 1613 est
1880 1572 2048 1614 eiectos
2080 1585 2106 1614 a

114 1643 413 1698 popularibus
443 1644 523 1696 qui
553 1642 776 1685 Antiocho
816 1642 1041 1698 favebant,
1082 1644 1160 1696 qui
1192 1655 1274 1697 per
1311 1644 1512 1697 speciem
1552 1644 1732 1698 imperii
1773 1645 2009 1698 popularis
2047 1644 2104 1686 ab

113 1716 298 1757 illorum
342 1716 718 1758 machinamentis
765 1715 1031 1757 defendendi
1066 1715 1243 1769 urbem,
1291 1717 1422 1758 cuius
1467 1713 1724 1772 αὐτονομίαν
1773 1727 1822 1758 se
1867 1717 2106 1759 defendere

114 1788 393 1841 gloriabatur
422 1789 480 1842 (v.
504 1789 557 1841 2),
600 1788 825 1841 praesidio
861 1788 1046 1830 militari
1080 1788 1275 1831 tenebat.
1319 1789 1467 1830 Hicks.
1616 1792 1640 1828 2
1680 1789 1938 1831 Seleucidas
1976 1801 2106 1843 prae-

113 1861 247 1913 cipue
276 1861 323 1902 in
354 1860 504 1902 studio
536 1860 744 1902 civitates
775 1861 967 1902 Graecas
1006 1861 1200 1913 augendi
1238 1872 1488 1914 earumque
1530 1860 1786 1902 libertatem
1829 1862 1986 1904 tuendi
2026 1864 2106 1904 aut

114 1932 379 1974 restituendi
419 1943 468 1974 se
505 1933 698 1975 iactasse
738 1932 866 1974 vides
908 1933 1046 1974 etiam
1086 1945 1126 1973 n.
1151 1936 1247 1986 249,
1273 1937 1309 1974 5.
1345 1937 1381 1974 6.
1426 1936 1524 1987 222,
1549 1936 1614 1974 45.
1649 1937 1714 1974 46.
1757 1936 1855 1987 223,
1879 1938 1918 1975 9.
1942 1936 2010 1976 24.
2034 1938 2102 1976 26.

114 2007 210 2058 227,
234 2008 272 2046 2.
306 2008 402 2058 228,
427 2009 464 2045 6.
498 2007 595 2058 229,
619 2007 685 2046 40.
709 2008 778 2046 44.
928 2008 950 2044 3
990 2004 1167 2059 Apollo.
1219 2005 1280 2047 Cf.
1313 2018 1355 2047 n.
1380 2004 1525 2047 24918.
1576 2005 1642 2047 Ex
1673 2006 1771 2048 eius
1803 2007 2000 2048 oraculis
2029 2007 2104 2049 hic

22 2099 25 2120 ι
113 2077 168 2120 de
187 2077 411 2131 Didymeo
434 2077 727 2131 potissimum
749 2077 1040 2131 cogitandum
1063 2088 1163 2120 esse
1177 2080 1366 2133 propter
1382 2079 1686 2120 arctissimam
1707 2080 2103 2135 necessitudinem,

22 2131 25 2195 Ι
113 2161 230 2203 quae
259 2150 301 2192 ei
331 2150 435 2192 inde
475 2162 502 2192 a
532 2150 705 2192 Seleuci
734 2149 961 2193 Nicatoris
993 2152 1139 2193 aetate
1177 2162 1284 2193 cum
1322 2151 1396 2193 illa
1438 2152 1581 2206 stirpe
1618 2153 1742 2206 regia
1777 2153 2101 2207 intercedebat,

115 2223 321 2265 omnium
352 2223 658 2265 certissimum
687 2224 768 2264 est.
820 2222 882 2265 Cf.
905 2235 947 2264 n.
970 2226 1015 2264 24
1031 2226 1068 2277 3,
1093 2228 1130 2265 7.
1164 2226 1260 2277 244,
1284 2226 1352 2264 42.
1386 2226 1483 2278 227,
1508 2227 1529 2263 3
1549 2235 1646 2279 sqq.
1697 2223 1887 2279 Appian.
1910 2227 2009 2279 Syr.
2033 2228 2102 2268 56.

22 2323 25 2349 4
112 2295 295 2337 Diodor.
324 2295 441 2349 XIX,
472 2299 540 2349 90,
572 2298 609 2336 4.
778 2298 800 2336 4
839 2295 1090 2337 Antiochus
1120 2296 1178 2336 111
1209 2295 1451 2348 (223-487
1482 2308 1520 2338 a.
1544 2297 1674 2349 Chr.).
1844 2301 1868 2340 5
1907 2298 2102 2340 Laodice

111 2367 385 2409 Mithridatis
404 2368 443 2408 II
471 2367 602 2409 Ponti
632 2368 751 2421 regis
781 2367 886 2421 filia,
918 2379 1056 2421 quam
1086 2367 1337 2411 Antiochus
1366 2369 1414 2411 in
1444 2370 1790 2412 matrimonium
1820 2370 1953 2413 duxit
1981 2383 2099 2413 anno

114 2443 188 2480 224
219 2452 257 2482 a.
281 2440 381 2482 Chr.
404 2439 575 2495 (Polyb.
601 2440 650 2494 V,
674 2442 740 2494 43,
765 2440 905 2493 4-4).
1055 2445 1079 2482 6
1121 2441 1350 2496 Supplevi.
1405 2443 1562 2485 ΓἿ-ΕΝ
1595 2443 1725 2497 lapis,
1758 2443 1882 2496 quod
1903 2443 2100 2486 editores

111 2524 202 2554 non
240 2513 499 2566 attigerunt.
561 2512 647 2554 Sed
685 2512 976 2556 manifestum
1015 2514 1085 2555 est
1119 2514 1207 2556 hoc
1238 2514 1514 2568 respondere
1552 2515 1617 2557 illi
1646 2519 1827 2572 πρῶτομ
1857 2514 1935 2571 μὲν
1967 2528 2011 2559 v.
2032 2520 2097 2558 42.

113 2584 311 2627 Eandem
342 2585 533 2627 formam
566 2596 648 2639 pro
677 2585 848 2627 usitato
878 2583 972 2628 εἶτα
1000 2585 1142 2629 habes
1173 2586 1280 2640 Syll.
1304 2590 1401 2641 540,
1424 2590 1520 2629 450.
1562 2591 1658 2641 653,
1683 2591 1749 2642 34,
1787 2588 1898 2630 item
1935 2585 2099 2632 ἔπειτεν

111 2668 195 2711 pro
227 2655 377 2700 ἔπειτα
408 2659 505 2712 540,
530 2660 596 2699 85.
630 2661 726 2711 653,
749 2660 817 2700 28.
843 2661 909 2700 34.
934 2661 1000 2700 32.
1033 2656 1173 2701 ἔπειτε
1205 2661 1300 2713 660,
1323 2662 1362 2713 2,
1394 2660 1475 2713 qui
1495 2660 1616 2702 tituli
1638 2672 1797 2703 omnes
1817 2662 1916 2704 eius
1938 2663 2098 2705 aetatis

113 2731 219 2772 sunt
247 2741 365 2784 quae
395 2731 466 2772 est
494 2729 614 2772 inter
640 2729 880 2772 Alexandri
910 2731 1057 2785 Magni
1089 2742 1279 2785 regnum
1310 2733 1357 2773 et
1385 2733 1645 2787 principum
1673 2734 1982 2777 Romanorum
2012 2735 2097 2777 im-

112 2802 305 2856 perium.
357 2802 409 2843 V.
429 2802 762 2844 Kiihner-Blass
794 2803 865 2844 Gr.
890 2803 1183 2858 Gramm.1‚4
1222 2815 1265 2858 p.
1290 2807 1386 2846 447.
1429 2808 1453 2845 2
1487 2816 1530 2858 p.
1552 2808 1649 2847 584.

21 3089 23 3097 .
220 3033 331 3089 238
382 3037 605 3086 Marmor
629 3036 763 3087 infra
787 3037 1023 3104 fractum,
1062 3039 1113 3088 in
1149 3040 1338 3107 oppido
1363 3036 1840 3107 Karayulo-Baxar
1863 3042 1914 3091 in
1941 3042 2093 3093 domo

22 3111 24 3129 ¹
110 3123 314 3190 privata
352 3123 493 3174 cuius
533 3123 766 3174 dominus
803 3126 1140 3192 Zuppelilerin
1176 3126 1447 3178 Suleiman.
1519 3127 1608 3177 Ed.
1649 3129 1704 3178 V.
1735 3129 1928 3178 Berard
1966 3130 2089 3179 Bull.

114 3209 176 3259 de
213 3224 341 3260 corr.
371 3211 494 3260 Hell.
523 3210 612 3260 XV
649 3207 825 3278 (4894)
862 3227 914 3278 p.
944 3212 1046 3262 556
1087 3229 1136 3262 n.
1166 3214 1249 3263 38.
1316 3213 1387 3264 Cf.
1431 3214 1486 3264 G.
1516 3215 1679 3265 Radet
1716 3215 1778 3264 de
1817 3216 2024 3265 coloniis
2063 3232 2094 3266 a

114 3296 468 3348 Macedonibus
523 3298 574 3346 in
620 3296 791 3348 Asiam
845 3299 916 3349 cis
962 3301 1185 3351 Taurum
1244 3301 1471 3351 deductis
1518 3317 1568 3367 p.
1600 3301 1682 3352 52.
1757 3302 1813 3351 A.
1850 3302 2091 3353 Schulten

115 3379 330 3435 Hermae
353 3384 537 3434 XXXII
567 3400 618 3450 p.
643 3384 736 3433 534
758 3400 831 3451 sq.
897 3387 950 3435 B.
981 3388 1327 3438 Haussoullier
1363 3389 1537 3438 Revue
1572 3388 1634 3437 de
1659 3387 1930 3456 philologia
1956 3390 2092 3440 XXV

22 3483 25 3506 τ
117 3467 291 3538 (4904)
327 3487 378 3538 p.
407 3472 490 3523 24.
555 3458 747 3522 Etudes
772 3487 860 3532 sur
885 3469 1132 3525 l’histoire
1166 3475 1228 3524 de
1255 3475 1391 3525 Milet
1415 3478 1465 3524 et
1491 3475 1559 3524 du
1584 3474 1884 3541 Didymeion
1920 3493 1971 3543 p.
2003 3478 2086 3528 94.

22 3600 24 3618 ,
115 3555 170 3604 Β.
187 3556 330 3607 Niese
356 3557 534 3608 Gesch.
566 3557 658 3607 der
679 3572 755 3623 gr.
782 3575 831 3609 u.
859 3561 1059 3611 maked.
1089 3561 1296 3612 Staaten
1322 3561 1365 3610 II
1389 3577 1438 3626 p.
1457 3561 1522 3610 95
1551 3562 1717 3611 not.4.
1757 3578 1807 3628 p.
1824 3564 1888 3613 96
1916 3567 2020 3614 not.
2038 3565 2084 3614 5.

115 3640 158 3690 J.
186 3641 244 3691 P.
266 3642 489 3710 Mahaffy
527 3643 632 3694 The
671 3645 863 3712 empire
900 3647 957 3697 of
989 3647 1075 3697 the
1113 3647 1380 3697 Ptolemies
1419 3663 1468 3714 p.
1501 3647 1618 3698 492.
