2314 3970
118 206 216 259 350]
788 199 1094 252 Adobogiona.
1156 199 1430 251 Brogitarus.
1994 200 2097 250 559

114 377 354 421 Cassandri
382 375 630 417 Menesthei
659 374 687 415 f.
717 372 1064 414 Alexandrensis
1090 372 1275 413 Troadis
1307 374 1654 413 monumentum
1687 372 1937 412 multarum
1967 382 2099 411 coro-

114 462 276 492 narum
309 461 335 490 a
364 448 612 501 peregrinis
644 444 906 488 civitatibus
939 444 1147 486 datarum
1179 445 1448 485 memoriam
1479 444 1628 485 habet.
1777 447 1800 483 2
1843 442 1905 484 Cf.
1937 443 2098 483 Strabo

114 523 207 575 XII,
241 525 279 575 5,
313 524 336 560 2
378 531 422 573 p.
453 523 532 560 567
569 519 686 560 Cas.:
730 516 878 576 ἔχουσι
920 515 967 557 δὲ
1006 514 1045 557 οἱ
1089 515 1165 570 μὲν
1196 512 1389 571 Τρόκμοι
1424 515 1478 557 τὰ
1514 515 1619 574 πρὸς
1656 515 1720 571 τῷ
1747 512 1898 571 Πόντῳ
1937 513 2010 556 καὶ
2045 514 2099 572 τῇ

115 589 415 647 Καππαδοκίᾳ.
452 593 586 632 ταῦτα
617 588 651 631 δ’
674 587 759 630 ἐστὶ
786 587 840 630 τὰ
874 585 1077 645 κράτιστα
1108 586 1165 627 ὧν
1196 584 1396 643 νέμονται
1426 583 1636 629 Γαλάται·
1681 585 1858 646 φρούρια
1899 580 1928 628 δ’
1955 583 2101 632 αὐτοῖς

112 662 363 721 τετείχισται
391 660 501 718 τρία,
534 659 733 716 Τάουιον,
765 658 968 717 ἐμπόριον
987 664 1072 700 τῶν
1102 655 1251 716 ταύτῃ,
1286 657 1391 700 ὅπου
1424 658 1446 701 ὁ
1467 663 1542 701 τοῦ
1567 655 1664 706 Διὸς
1685 658 1890 706 κολοσσὸς
1909 656 2101 717 χαλκοῦς

111 735 185 778 ’καὶ
213 734 391 791 τέμενος
422 733 552 776 αὐτοῦ
584 731 756 787 ἄσυλον,
795 731 869 774 ’καὶ
897 727 1203 787 Μιθραδάτιον,
1238 729 1259 772 ὃ
1292 729 1430 772 ἔδωκε
1460 728 1690 788 Πομπήιος
1719 728 1968 790 Βρογιτάρῳ
2003 727 2100 784 (Bo-

111 805 352 865 γοὸιατοὶρῳ
385 807 528 860 codd.,
566 806 692 860 quod
729 805 989 846 emendavit
1019 804 1067 844 K.
1090 803 1187 844 Keil
1217 814 1287 856 ap.
1318 803 1592 844 Meinekium
1629 815 1685 844 ex
1716 804 1944 858 Cicerone,
1983 814 2100 856 quae

112 881 374 924 coniectura
406 891 526 920 nunc
546 879 666 920 tituli
686 878 947 920 testimonio
970 875 1277 928 con-firmatur)
1300 879 1378 931 τῆς
1401 873 1614 931 Ποντικῆς
1640 874 1852 931 βασιλείας
1882 873 2100 933 ἀφορίσας.

113 953 355 1004 Pompeius
397 952 535 1004 igitur
584 949 906 991 hereditariam
946 949 1167 1001 Brogitari
1210 948 1503 990 tetrarchiam
1542 949 1843 989 Trocmorum
1888 949 2100 990 adiuncto

51 1039 53 1046 ·
112 1025 304 1066 finitimo
347 1024 516 1077 oppido
558 1024 687 1075 regni
723 1022 898 1063 Pontici
935 1021 1075 1063 auxit.
1135 1020 1260 1061 Idem
1302 1021 1398 1061 sine
1438 1020 1577 1062 dubio
1625 1023 1694 1062 est
1731 1032 1867 1073 gener
1902 1021 2103 1062 Deiotari

47 1139 57 1148 ,,
113 1097 245 1149 regis,
291 1096 366 1137 cui
413 1095 720 1136 sacerdotium
758 1094 1095 1135 Pessinuntium
1136 1094 1322 1144 Magnae
1360 1093 1515 1133 Matris
1561 1094 1606 1133 et
1650 1105 1816 1134 nomen
1860 1094 2036 1145 regium
2076 1104 2101 1133 a

52 1151 53 1154 Ἴ
113 1169 156 1210 P.
181 1167 336 1209 Clodio
368 1179 404 1208 a.
430 1172 482 1209 58
510 1179 548 1208 a.
571 1167 673 1208 Chr.
695 1178 737 1207 n.
769 1166 1099 1207 venumdatum
1124 1164 1440 1218 compluribus
1471 1165 1582 1206 locis
1614 1166 1910 1218 conqueritur
1930 1165 2100 1206 Cicero.

22 1245 57 1292 ,Γ
113 1240 174 1282 Cf.
207 1251 291 1292 pro
324 1240 468 1280 Sestio
501 1242 568 1292 26,
592 1243 661 1280 56.
694 1238 749 1279 de
779 1239 1074 1291 haruspicum
1108 1237 1344 1290 responsis
1372 1240 1439 1291 43,
1463 1240 1531 1278 28.
1554 1240 1622 1278 29.
1655 1237 1711 1278 de
1742 1237 1879 1278 domo
1913 1241 1979 1290 50,
2005 1240 2099 1277 429.

21 1349 24 1361 ,
50 1299 51 1302 ¹
112 1313 252 1366 Epist.
284 1312 342 1353 ad
374 1311 421 1359 Q.
453 1311 639 1352 fratrem
669 1311 720 1363 ΙΙ,
745 1313 783 1363 7,
806 1314 845 1351 2.
908 1310 968 1351 Cf.
1000 1309 1205 1365 tabulam
1243 1309 1539 1350 traditionum
1578 1310 1624 1350 in
1654 1309 1877 1362 Didymeo
1908 1309 2102 1350 Milesio-

51 1437 54 1440 *
112 1397 216 1425 rum
247 1383 459 1425 effossam
491 1394 561 1436 ap.
594 1384 640 1425 B.
663 1382 973 1424 Haussoullier
1001 1370 1172 1423 Etudes
1203 1393 1283 1423 sur
1313 1381 1535 1423 l’histoire
1567 1381 1622 1422 de
1642 1382 1765 1423 Milet
1795 1384 1840 1422 et
1870 1382 1932 1422 du
1961 1381 2101 1434 Didy-

113 1458 266 1497 meion
296 1467 340 1508 p.
365 1458 462 1509 2⁴0,
487 1458 560 1496 35:
599 1452 728 1496 ἄλλαι
758 1451 832 1496 δύο
855 1452 1030 1512 (φιάλαι)
1064 1453 1301 1512 ἐπιγραφὴν
1333 1453 1510 1511 ἔχουσαι
1539 1450 1827 1510 εΒρογίταρος
1858 1450 2100 1511 Δηϊοτάρου

43 1519 59 1546 7
113 1524 316 1570 Γαλατῶν
334 1524 544 1583 Τρόκμων
561 1525 796 1584 τετράρχης
818 1525 892 1568 ’καὶ
911 1523 1079 1583 ἀδελφὴ
1103 1524 1229 1567 αὐτοῦ
1247 1520 1529 1583 Ἀβαὸογιώνα
1544 1521 1778 1569 Ἀπόλλωνι
1797 1519 2100 1580 Διδυμεῖ”>ιτλ.

115 1603 137 1640 3
178 1600 292 1641 Cum
333 1611 470 1652 gener
506 1599 642 1640 fuerit
671 1599 873 1640 Deiotari
910 1599 1043 1652 regis,
1085 1600 1246 1652 sponte
1285 1600 1411 1651 patet
1451 1610 1556 1639 eum
1599 1610 1689 1640 non
1719 1598 1925 1639 eiusdem
1955 1597 2101 1638 filium

18 1730 21 1757 1
111 1683 212 1713 esse
242 1672 461 1725 potuisse.
522 1672 604 1713 Hic
634 1672 772 1724 igitur
800 1671 919 1712 utin
949 1671 1083 1712 titulo
1105 1670 1424 1723 Adobogionae
1455 1683 1496 1711 n.
1522 1674 1618 1724 348,
1643 1674 1666 1710 2
1698 1671 1813 1712 alius
1843 1670 2102 1722 intellegen-

112 1745 198 1785 dus
244 1746 315 1786 est
353 1745 607 1798 Deiotarus,
655 1744 956 1785 Trocmorum
1001 1743 1163 1796 procul
1208 1743 1348 1784 dubio
1388 1743 1629 1784 tetrarcha.
1690 1743 1751 1784 Cf.
1793 1743 1885 1783 illic
1938 1744 2028 1783 not.
2061 1745 2100 1783 2.

115 1820 137 1858 4
182 1817 467 1859 ΓΑΛΑΤΩΝΙ
503 1817 817 1869 apographum
847 1827 939 1868 quo
970 1815 1295 1856 Hirschfeldius
1327 1826 1439 1856 usus
1471 1817 1552 1856 est.

41 1760 61 1949 texe-zuo·-
40 1610 61 1753 “fa-,ffifffi
48 1578 51 1585 -

866 2069 918 2111 3.
967 2065 1349 2121 cappadocia.

15 2237 43 2271 4
224 2188 338 2244 350
387 2193 508 2242 Deli.
572 2192 688 2242 Acri
724 2192 938 2242 incisum
976 2193 1053 2242 ed.
1092 2192 1265 2242 Stuart
1301 2191 1435 2241 Antt.
1464 2191 1562 2240 Att.
1593 2192 1659 2240 ΙΙΙ
1695 2208 1745 2258 p.
1769 2190 1835 2241 57
1877 2190 2102 2260 (Boeckh

14 2271 61 2326 Ὗ,
118 2279 168 2330 C.
198 2280 234 2329 I.
265 2279 321 2330 G.
350 2277 524 2346 2280).

45 2253 56 2272 υ»
46 2146 52 2155 ι
41 2113 52 2142 *³
38 2054 59 2082 ,Ἴ
51 2040 56 2051 -
40 2016 58 2034 'l‘
42 1954 56 2013 ἱ-*κ

249 2417 306 2474 Ὁ
346 2423 504 2491 δῆμος
543 2422 568 2473 ὁ
604 2418 920 2491 Ἀθηνα[ίων]
964 2420 970 2491 Ι
1013 2420 1307 2493 βασίλισσαν
1360 2421 1713 2492 Στρατον[ίκην
1730 2422 1763 2491 1]
1807 2421 1812 2490 Ι
1855 2423 2101 2492 βασιλέως

229 2582 423 2623 Litterae
472 2582 680 2634 volgares
739 2583 920 2634 praeter
970 2583 1005 2623 Α
1066 2582 1320 2623 alternatim
1383 2593 1489 2622 cum
1540 2585 1577 2624 Α
1626 2584 1899 2634 usurpatum
1951 2584 1996 2623 et
2046 2585 2100 2624 Θ.

60 2693 62 2699 ,
114 2658 130 2694 4
181 2654 439 2696 Boeckhius
478 2665 584 2695 cum
621 2654 771 2707 primo
813 2665 866 2695 eo
909 2654 1182 2707 inclinasset,
1223 2656 1275 2695 ut
1304 2654 1514 2696 Antiochi
1544 2656 1581 2694 II
1619 2655 1700 2696 Dei
1730 2655 1882 2708 filiam,
1924 2654 2102 2696 Ariara-

111 2727 201 2767 this
223 2726 280 2766 IV
301 2738 495 2767 uxorem
516 2727 807 2780 intellegeret,
839 2730 1001 2780 postea
1027 2728 1114 2768 hoc
1134 2728 1305 2780 reiecit,
1337 2727 1444 2780 quia
1466 2739 1508 2768 v.
1532 2731 1554 2767 3
1578 2729 1691 2768 extr.
1714 2728 1887 2769 nomini
1906 2731 2102 2784 γυναῖκα,

28 2795 33 2846 ἶ
112 2810 205 2852 quo
246 2801 399 2840 tamen
438 2799 562 2840 nullo
600 2800 737 2840 modo
781 2800 927 2840 careri
965 2801 1138 2852 posset,
1189 2800 1441 2852 supplendo
1484 2801 1683 2852 spatium
1722 2812 1814 2841 non
1861 2800 2102 2853 sufficeret,

11 2868 34 2914 33
58 2903 62 2916 .
114 2872 309 2923 ideoque
341 2871 480 2912 fuisse
511 2872 710 2924 aliquam
729 2871 1051 2914 Ariobarzanis
1072 2873 1130 2912 III
1161 2872 1473 2925 Cappadociae
1494 2873 1613 2925 regis
1636 2874 1690 2925 (n.
1717 2873 1811 2924 356)
1844 2872 1996 2926 filiam,
2029 2873 2102 2913 cui

114 2944 363 2984 Stratonice
385 2954 550 2984 nomen
571 2946 704 2997 esset,
736 2945 950 2997 coniecit;
982 2945 1102 2998 huic,
1133 2947 1187 2986 ut
1215 2945 1336 2997 patri
1355 2945 1556 2998 Athenis,
1587 2946 1653 2986 sic
1675 2946 1763 2998 ipsi
1783 2946 1882 2986 Deli
1903 2946 2102 2986 statuam

10 3014 32 3080 ζ
58 3023 64 3031 ”
114 3017 322 3069 posuisse
353 3016 576 3069 populum
606 3015 962 3058 Atheniensium.
1022 3017 1079 3058 At
1115 3019 1168 3058 ut
1198 3019 1374 3059 taceam
1413 3018 1468 3058 de
1505 3019 1702 3061 nominis
1743 3018 1920 3070 paterni
1957 3017 2103 3059 forma

25 3104 28 3124 ι
113 3088 315 3130 inaudita
354 3089 458 3140 (not.
489 3088 543 3141 2),
584 3089 720 3129 talem
767 3088 907 3130 fuisse
945 3090 1064 3142 regis
1102 3089 1240 3130 filiam
1280 3101 1508 3143 nusquam
1547 3090 1766 3131 traditum
1811 3092 1893 3131 est.
1955 3089 2102 3137 Quare

26 3150 58 3226 ς,
113 3160 308 3213 utraque
352 3161 567 3201 Boeckhii
616 3162 830 3214 opinione
873 3163 1041 3203 reiecta
1088 3163 1370 3204 Stratonicen
1410 3163 1658 3204 Ariarathis
1695 3162 1754 3202 IV
1792 3162 2103 3215 Cappadociae

10 3227 58 3283 ’,ἐς
114 3234 232 3284 regis
270 3231 409 3274 filiam
448 3243 659 3286 agnosco,
705 3245 821 3286 quae
857 3236 1019 3287 postea
1056 3234 1247 3276 Eumeni
1283 3236 1322 3275 11
1367 3236 1462 3287 regi
1503 3236 1887 3286 Pergamenorum
1933 3236 2101 3287 nupsit.

26 3293 53 3363 23.
113 3303 228 3345 Nam
260 3306 298 3346 si
330 3307 680 3346 monumentum
710 3306 786 3359 illi,
818 3317 924 3347 cum
955 3308 1046 3348 iam
1076 3308 1123 3348 in
1143 3319 1196 3348 eo
1218 3308 1511 3349 matrimonio
1536 3308 1809 3360 versaretur,
1842 3306 2101 3348 dedicatum

40 3365 52 3412 ζ’
114 3378 249 3430 esset,
281 3378 402 3418 certe
433 3378 523 3418 hoc
552 3389 643 3418 non
673 3379 912 3420 taceretur.
963 3379 1120 3432 Neque
1153 3379 1306 3421 obstat
1336 3380 1517 3432 reginae
1548 3379 1802 3432 appellatio.
1853 3378 1968 3420 Nam
1999 3390 2101 3420 eam

51 3503 54 3505 ι
115 3449 251 3489 etiam
284 3449 537 3502 virginibus
568 3461 726 3502 regum
765 3450 945 3492 filiabus
976 3453 1022 3492 et
1052 3452 1290 3493 sororibus
1321 3451 1462 3492 tribui
1499 3452 1793 3492 consuevisse
1833 3451 1964 3504 plane
1995 3462 2102 3492 con-

44 3510 46 3514 ’
118 3521 207 3561 stat
245 3520 311 3572 (cf.
345 3533 386 3562 n.
417 3521 510 3562 441.
546 3521 640 3562 351.
673 3525 740 3576 56,
762 3525 813 3563 47
833 3524 960 3577 sqq.).
1021 3524 1135 3565 Ante
1173 3524 1353 3564 hiemen
1395 3520 1524 3578 489s8
1558 3535 1595 3564 a.
1619 3523 1720 3564 Chr.
1743 3535 1784 3565 n.
1815 3524 1966 3578 igitur,
2009 3535 2100 3577 quo

116 3593 323 3646 tempore
360 3605 452 3635 una
489 3605 594 3635 cum
634 3605 747 3647 pace
785 3596 901 3637 inter
931 3596 1214 3638 Ariarathem
1253 3598 1297 3636 et
1335 3597 1562 3636 Romanos
1601 3597 1737 3636 etiam
1775 3596 1877 3637 illae
1916 3597 2102 3650 nuptiae

117 3665 380 3707 conciliatae
412 3668 518 3706 sunt
556 3665 622 3718 (cf.
655 3666 816 3708 Strabo
848 3668 962 3719 XIII,
999 3671 1036 3722 4,
1072 3672 1095 3708 2
1137 3679 1177 3720 p.
1212 3671 1291 3709 624
1325 3668 1421 3709 Cas.
1472 3668 1567 3708 Liv.
1598 3668 1836 3721 XXXVIII,
1872 3672 1938 3722 39,
1973 3673 2016 3710 6:
2063 3671 2102 3711 et
