2314 3970
152 230 249 282 403]
823 229 983 267 Samus
1014 238 1107 268 rex.
1157 228 1264 267 isias
1296 227 1460 278 regina.
2024 225 2129 275 619

149 406 413 454 columnae
450 403 662 452 Doricae
699 402 880 468 lapidis
919 403 1118 451 calcarii
1143 401 1473 467 subcaerulei‚
1515 401 1643 450 duae
1677 400 1966 449 etiamnunc
1991 402 2132 448 stan-

146 494 240 555 tes,
286 490 438 539 tertia
474 488 619 538 humi
654 490 839 538 iacens.
917 489 1043 538 Item
1079 491 1255 537 ternae
1294 489 1557 537 columnae
1595 487 1855 553 quondam
1891 486 1942 535 in
1979 486 2133 535 meri-

149 576 335 626 dionali
372 579 519 641 parte
556 575 736 625 tumuli
775 578 825 624 et
870 575 920 623 in
967 588 1027 624 ea
1068 589 1202 640 quae
1248 575 1414 623 media
1458 577 1536 624 est
1579 574 1711 623 inter
1761 573 2132 639 septentriones

148 667 198 713 et
244 663 555 712 occidentem
607 662 763 711 fuisse
807 661 1059 711 videntur.
1139 661 1237 710 Sed
1283 663 1502 725 utroque
1549 662 1660 711 loco
1707 661 1933 726 singulae
1978 660 2131 709 modo

75 751 78 753 ’
147 751 410 800 columnae
448 752 668 799 aetatem
704 749 944 815 tulerunt,
985 763 1049 797 ex
1075 747 1258 813 quibus
1296 747 1637 797 meridionalis
1671 749 1868 813 aquilae
1894 746 2130 812 effigiem,

147 837 306 886 altera
341 836 567 885 tabulam
606 850 721 884 cum
755 833 1047 900 anaglypho
1075 834 1202 883 duas
1240 835 1477 883 mulieres
1515 835 1696 883 iunctis
1734 834 1969 884 manibus
1996 836 2135 883 stan-

145 925 223 973 tes
279 924 695 988 repraesentante
754 921 983 970 sustinet.
1063 918 1172 977 Qua
1229 920 1291 969 de
1349 934 1503 970 causa
1558 921 1709 970 etiam
1766 935 1830 970 ex
1886 920 2133 970 columnis

147 1009 473 1059 orientalibus
511 1008 730 1057 mediam
768 1008 868 1056 tale
905 1006 1271 1072 anaglyphum,
1320 1007 1579 1056 sinistram
1625 1007 1844 1073 aquilam
1894 1006 2134 1056 habuisse

147 1099 342 1145 certum
387 1098 478 1160 est,
537 1109 651 1144 cum
711 1094 921 1143 dextrae
975 1092 1110 1142 tauri
1158 1095 1342 1158 statua,
1403 1093 1543 1143 cuius
1589 1108 1775 1158 magna
1822 1108 1944 1159 pars
1991 1093 2134 1143 humi

144 1184 315 1232 iacens
355 1182 645 1231 etiamnunc
683 1183 865 1245 exstat,
906 1180 1147 1246 imposita
1186 1182 1332 1229 esset.
1410 1181 1468 1229 In
1506 1181 1674 1230 media
1713 1182 1962 1246 columna,
2005 1195 2135 1246 quae

144 1269 349 1334 reliquis
385 1269 556 1334 paullo
594 1267 758 1316 maior
797 1270 888 1332 est,
928 1266 1063 1316 infra
1100 1267 1269 1332 ipsum
1298 1270 1450 1333 caput
1486 1268 1538 1316 in
1576 1282 1777 1318 summa
1812 1271 1960 1333 parte
1995 1268 2135 1333 scapi

144 1356 331 1406 incisus
368 1356 558 1405 titulus.
636 1354 714 1403 Ex
751 1357 934 1420 ectypo
987 1357 1037 1403 et
1075 1354 1376 1421 apographo
1415 1369 1546 1421 quae
1583 1355 1694 1421 ipse
1733 1354 2018 1405 confecerat
2056 1354 2131 1403 ed.

145 1442 202 1493 O.
230 1441 503 1492 Puchstein
541 1442 724 1491 Reisen
762 1442 813 1490 in
839 1441 1124 1490 Kleinasien
1150 1442 1257 1491 und
1283 1442 1596 1507 Nordsyrien
1633 1457 1682 1507 p.
1715 1442 1836 1491 224.
1902 1440 1974 1491 Cf.
2005 1455 2136 1507 quae

146 1530 210 1579 de
253 1530 398 1579 titulo
454 1529 732 1595 disputavit
777 1527 868 1577 Th.
905 1527 1130 1578 Reinach
1185 1529 1359 1579 Revue
1418 1529 1507 1578 des
1554 1529 1730 1579 etudes
1778 1527 2031 1593 Grecques
2070 1528 2135 1576 III

149 1616 285 1665 4890
325 1632 376 1682 p.
408 1612 528 1664 374.

290 1762 358 1817 Τὸ
408 1763 495 1834 μὲν
546 1763 856 1834 ἱεροθέσιον1
884 1761 1134 1825 Ἰσιοίδος2
1175 1763 1181 1836 Ι
1222 1766 1353 1833 τόδε,
1403 1766 1464 1835 ἢν
1506 1763 1740 1836 βασιλεὺς
1791 1765 1946 1835 μέγας
1988 1764 1994 1835 Ι
2036 1764 2137 1818 Μι-

290 1849 598 1922 θραδάτης3,
661 1851 853 1922 μητέρα
909 1850 1062 1905 οὖσαν
1116 1851 1123 1923 Ι
1179 1853 1327 1920 ἰδίαν,
1401 1850 1509 1905 ἐπεὶ
1564 1852 1666 1911 τοῖς
1722 1850 1948 1921 [ἄ]λλοις,
2007 1854 2076 1911 ὡς
2124 1852 2137 1921 Η

261 2034 452 2074 Litterae
483 2034 685 2075 ΑΘΞΠΕ.
826 2036 842 2072 4
883 2033 947 2074 Cf.
980 2046 1022 2075 n.
1047 2037 1143 2087 383,
1168 2037 1233 2075 36.
1373 2037 1398 2074 2
1440 2034 1559 2074 Sami
1586 2045 1794 2087 uxorem,
1826 2034 2137 2075 MithridatisI

144 2106 473 2159 Commagenes
504 2106 623 2159 regis
655 2106 846 2146 matrem
887 2106 1105 2158 intellegit
1135 2106 1391 2159 Puchstein‚
1430 2107 1505 2147 cui
1543 2106 1787 2148 oblocutus
1827 2108 1896 2148 est
1926 2107 2135 2160 Reinach‚

144 2178 447 2220 Mithridatem
478 2179 553 2219 hic
589 2189 679 2219 non
717 2179 934 2231 primum,
976 2179 1055 2219 sed
1097 2179 1349 2220 secundum
1382 2190 1648 2232 agnoscens,
1690 2179 1834 2220 filium
1864 2179 2073 2220 Antiochi
2105 2180 2136 2232 I,

145 2252 223 2303 qui
254 2251 460 2303 regnavit
490 2250 581 2291 fere
612 2262 650 2291 a.
676 2252 836 2290 34—34
867 2262 903 2291 a.
929 2250 1030 2292 Chr.
1052 2262 1094 2292 n.
1128 2251 1194 2303 (cs.
1228 2251 1305 2292 Th.
1327 2252 1580 2292 Mommsen
1611 2251 1753 2293 Mitth.
1778 2252 1857 2292 des
1886 2252 2006 2292 arch.
2030 2252 2136 2293 Inst.

144 2323 189 2362 in
220 2321 366 2362 Athen
397 2322 413 2361 I
448 2324 557 2362 4876
588 2332 631 2374 p.
656 2323 723 2362 34.
747 2322 829 2372 39).
890 2321 990 2363 Non
1029 2333 1144 2375 nego
1176 2333 1276 2363 esse
1308 2325 1574 2375 argumenta
1605 2334 1721 2375 quae
1758 2324 1875 2364 hanc
1905 2324 2138 2364 coniectu-

144 2406 241 2435 ram
272 2404 550 2446 magnopere
581 2393 903 2434 commendare
927 2394 1189 2447 videantur;
1222 2395 1301 2436 sed
1324 2406 1375 2436 ea
1398 2407 1486 2436 non
1508 2397 1601 2436 tam
1625 2396 1757 2436 firma
1787 2397 1832 2437 et
1860 2396 2016 2448 gravia
2037 2407 2137 2437 esse

143 2477 282 2519 quam
313 2466 377 2506 illi
408 2466 506 2507 visa
537 2466 627 2506 sint
658 2465 982 2507 demonstrabo
1014 2469 1105 2507 not.
1131 2470 1168 2507 3.
1203 2470 1241 2507 8.
1303 2467 1352 2508 Id
1392 2470 1568 2508 certum
1600 2469 1683 2521 est,
1726 2468 1765 2509 si
1796 2468 2068 2509 Mithridatis
2099 2469 2137 2508 ΙΙ

145 2540 303 2592 mater,
347 2537 605 2579 Antiochil
643 2549 762 2579 uxor
802 2540 846 2579 et
886 2539 1081 2581 fortasse
1123 2539 1260 2580 simul
1301 2550 1438 2580 soror
1475 2539 1611 2581 fuerit
1647 2540 1802 2593 regina
1844 2541 1954 2582 Isias
1999 2541 2138 2581 huius

143 2611 276 2663 tituli,
309 2612 361 2651 ut
390 2610 630 2652 Reinachio
662 2610 849 2664 placuit,
893 2622 985 2652 non
1017 2621 1153 2664 posse
1185 2612 1240 2652 ad
1279 2612 1469 2653 eandem
1512 2612 1669 2653 referri
1708 2624 1751 2653 n.
1775 2616 1870 2666 397,
1895 2616 1961 2653 Μ.
2022 2611 2138 2654 Nam

145 2683 371 2724 maiorum
403 2680 634 2739 (προγόνων
667 2694 709 2723 n.
736 2686 830 2736 383,
857 2683 922 2735 47)
955 2684 1137 2724 nomine
1168 2695 1286 2724 uxor
1317 2685 1388 2725 vel
1419 2695 1552 2726 soror
1582 2696 1672 2726 non
1703 2686 1847 2737 magis
1880 2686 2139 2726 continetur

144 2766 284 2808 quam
314 2755 451 2796 frater
482 2754 538 2806 (n.
563 2758 644 2796 395
658 2755 702 2806 ⁷).
763 2755 901 2808 Atqui
933 2756 1046 2797 duas
1078 2757 1370 2808 cognomines
1409 2758 1585 2810 reginas
1617 2758 1698 2799 has
1729 2768 1829 2798 esse
1869 2759 2136 2811 neutiquam

144 2827 382 2881 probabile
412 2827 524 2868 mihi
553 2838 653 2868 esse
683 2827 880 2880 videtur,
922 2839 1063 2880 quare
1103 2830 1334 2880 praestare
1365 2829 1515 2870 visum
1556 2832 1626 2870 est
1664 2832 1913 2882 utrumque
1952 2830 2135 2870 titulum

145 2900 200 2941 de
231 2900 352 2940 Sami
383 2900 586 2952 coniuge,
625 2899 897 2941 Mithridatis
929 2901 945 2939 I
978 2902 1137 2954 matre,
1174 2901 1385 2942 Antiochi
1419 2902 1434 2940 Ι
1479 2902 1580 2943 avia
1619 2903 1805 2954 paterna
1837 2902 2137 2954 interpretari.

147 2975 169 3011 3
211 2971 302 3013 Cur
338 2971 607 3013 Reinachius
645 2972 700 3012 de
742 2973 1016 3014 Puchsteinii
1067 2973 1179 3013 haec
1227 2973 1284 3014 ad
1321 2973 1625 3015 Mithridatem
1658 2974 1674 3013 1
1716 2985 1882 3026 regem,
1927 2974 2138 3015 Antiochi

146 3044 286 3097 Grypi
317 3054 533 3096 generum
566 3043 621 3096 (n.
647 3047 727 3084 383
740 3044 787 3098 ⁴),
819 3044 1054 3086 referentis
1081 3046 1304 3086 sententia
1326 3045 1571 3095 dubitaret,
1602 3045 1717 3087 duae
1747 3045 1930 3087 fuerunt
1961 3056 2136 3099 causae,

145 3127 398 3168 cognomen
429 3111 690 3163 Καλλίνικος
723 3117 778 3168 (n.
803 3117 924 3169 395⁷)
958 3118 1183 3158 omissum
1221 3120 1264 3158 et
1295 3118 1574 3159 adiectivum
1613 3115 1743 3175 μέγας
1782 3118 2000 3172 addItum,
2044 3130 2135 3171 quo

145 3189 323 3241 primus
354 3188 471 3228 inter
502 3187 829 3241 Commagenes
869 3200 995 3242 reges
1025 3189 1276 3231 Antiochus
1309 3191 1326 3229 I
1358 3201 1470 3231 usus
1511 3192 1643 3231 esset.
1704 3191 1761 3230 At
1799 3190 1912 3231 illud
1950 3190 2137 3243 quidem

145 3260 312 3301 nullius
343 3261 564 3301 momenti
594 3263 676 3314 est,
709 3261 934 3314 siquidem
966 3263 1040 3303 hic
1071 3263 1234 3303 titulus
1265 3262 1455 3314 reliquis
1487 3261 1700 3303 omnibus
1732 3263 1810 3315 qui
1851 3263 1988 3303 huius
2019 3263 2137 3315 regis

146 3343 311 3373 nomen
332 3332 501 3373 habent
522 3333 665 3374 multo
688 3335 917 3388 antiquior
937 3336 1018 3375 est.
1065 3334 1181 3376 Nam
1205 3346 1295 3375 non
1319 3336 1400 3388 est,
1430 3345 1513 3375 cur
1528 3334 1834 3376 Mithridatem
1858 3336 2011 3376 statim
2030 3346 2135 3376 cum

146 3415 301 3445 rerum
332 3405 557 3456 potiretur
586 3405 674 3446 hoc
704 3417 957 3459 cognomen
989 3407 1295 3459 assumpsisse
1326 3407 1595 3447 statuamus.
1647 3407 1792 3447 Immo
1824 3417 1928 3447 cum
1962 3409 2140 3448 constet

147 3487 358 3517 socerum
381 3477 479 3517 eius
500 3476 775 3519 Antiochum
791 3478 889 3518 VIII
911 3479 1118 3532 Grypum
1140 3479 1296 3531 Syriae
1327 3489 1479 3530 regem
1502 3478 1662 3519 eodem
1688 3489 1824 3520 usum
1855 3490 1968 3532 esse,
1991 3481 2137 3520 neuti-

147 3559 286 3601 quam
317 3547 620 3600 improbabile
658 3551 728 3591 est
757 3561 839 3602 per
870 3551 1134 3603 nuptiarum
1166 3561 1270 3591 cum
1301 3550 1492 3591 Laodice
1522 3550 1642 3591 illius
1673 3550 1763 3592 filia
1790 3550 1975 3592 demum
2007 3563 2138 3593 occa-

148 3621 321 3661 sionem
359 3620 663 3661 Mithridatem
705 3633 758 3662 eo
798 3633 846 3663 se
884 3633 1139 3664 exornasse.
1207 3621 1460 3671 Quominus
1498 3633 1608 3663 vero
1649 3623 1771 3664 hunc
1810 3624 1994 3665 titulum
2034 3627 2136 3665 ante

148 3691 259 3733 illud
289 3692 558 3734 Mithridatis
590 3695 634 3734 et
664 3693 878 3735 Laodices
911 3695 1257 3736 matrimonium
1296 3695 1490 3736 incisum
1523 3706 1761 3736 sumamus
1793 3696 1902 3736 nihil
1934 3696 2135 3750 impedit.
