2314 3970
243 184 347 233 266
922 189 970 229 11.
1016 190 1214 239 Regnum
1245 190 1524 242 Lagidarum.
2043 187 2075 240 [4
2089 191 2199 229 84-

594 258 695 264 -..—.-
702 259 1659 269 -m———n—-v
1667 263 1743 268 δ’..
1750 259 1968 268 -4—--———

331 373 354 414 5
390 357 717 412 Διοπολίτοι>3
770 361 879 429 ἥκω
928 359 944 428 ΙΙ
985 358 1069 413 καὶ
1125 359 1502 431 προσκεκύνηκα
1543 359 1549 429 Ι
1589 359 1677 431 τὴν
1734 362 1966 432 μεγίστην
2024 355 2149 413 θεὰν
2191 361 2197 430 Ι

382 446 555 515 κυρίαν
603 444 887 516 Σώτειραν*
919 437 1064 498 Ἶσιν·
1116 445 1121 516 Ι
1168 444 1222 498 τὸ
1272 446 1629 517 προσκύνημα5
1675 450 1771 500 τῶν
1826 447 1832 517 Ι
1878 448 2059 500 τέκνων
2106 467 2199 516 μου

301 543 352 584 10
386 529 470 583 καὶ
507 533 602 582 τῶν
639 529 656 599 ΙΙ
693 530 967 602 φιλούντων
1009 552 1082 602 με.
1128 531 1133 602 Ι
1183 526 1284 602 Ι..η’
1324 532 1615 601 Φαμε(νώθ)
1651 528 1701 603 η’
1715 535 1748 585 ⁶.

236 730 316 772 per
347 719 706 760 Ptolemaeorum
738 731 924 773 regnum
956 732 1186 774 nunquam
1219 722 1397 775 praeter
1427 721 1687 774 strategum,
1719 723 1796 775 qui
1826 732 1961 763 nomo
1993 721 2198 774 praefuit,

235 792 369 832 etiam
402 792 671 833 nomarchae
692 792 843 833 locum
873 792 1022 834 fuisse.
1074 794 1185 834 Sane
1206 804 1322 846 quae
1343 793 1387 833 in
1415 804 1590 846 papyro
1612 793 1871 835 Taurinensi
1894 793 2013 847 apud
2035 794 2199 846 Peyro-

235 874 337 904 nem
368 863 385 903 I
417 875 458 916 p.
482 865 534 904 24
567 876 608 905 n.
631 864 661 917 1,
686 867 752 906 42.
779 866 826 905 44
860 864 1070 917 leguntur
1098 859 1268 923 Ἑρμὶαι
1289 867 1480 921 συγγενεῖ
1508 862 1580 906 καὶ
1609 869 1845 921 στρατηγῶι
1872 863 1945 907 καὶ
1973 863 2199 923 νομάρχηῑ,

234 946 284 976 ea
315 936 462 988 primo
501 938 688 989 aspectu
718 937 943 990 quispiam
976 937 1030 979 de
1069 936 1248 978 duobus
1279 936 1438 978 officiis
1468 938 1567 978 tum
1598 936 1711 979 forte
1748 937 1826 978 uni
1862 937 2034 979 homini
2075 948 2199 978 man-

234 1008 347 1049 datis
379 1009 710 1062 interpretetur.
771 1010 856 1051 Sed
886 1010 1054 1051 rectius
1085 1009 1335 1051 Lumbroso
1377 1010 1535 1051 statuit
1564 1011 1661 1050 tum
1701 1009 1797 1062 (447
1827 1021 1864 1051 a.
1887 1010 1987 1051 Chr.
2010 1010 2067 1062 n.)
2106 1011 2198 1051 tam

232 1092 397 1122 novam
427 1081 562 1122 etiam
595 1081 732 1123 fuisse
763 1081 1074 1123 condicionem
1106 1082 1344 1134 strategiae
1374 1094 1400 1123 a
1429 1092 1478 1123 re
1509 1081 1691 1123 militari
1723 1082 1904 1123 omnino
1937 1082 2118 1135 alienae,
2149 1083 2202 1123 ut

232 1153 534 1195 additamento
563 1151 636 1195 καὶ
664 1152 882 1213 νομάρχηι
911 1154 968 1196 ab
1000 1155 1074 1196 illa
1095 1155 1349 1207 antiquiore
1379 1155 1425 1195 et
1453 1154 1629 1195 notiore
1650 1153 1864 1195 vocabuli
1894 1151 2123 1211 στρατηγός
2153 1155 2199 1195 vi

231 1223 525 1268 discernenda
554 1226 797 1268 videretur.
955 1230 976 1266 3
1018 1226 1070 1268 Ut
1097 1222 1453 1284 Μεγαλοπολίτης
1483 1238 1509 1267 a
1538 1221 1721 1283 Μεγάλη
1752 1223 1888 1279 πόλις,
1918 1220 2199 1269 Ἀνταιοπολὶ-

229 1311 306 1353 της
336 1297 392 1339 ab
422 1292 602 1341 Ἀνταίου
635 1296 770 1352 πόλις,
811 1299 877 1340 sic
914 1311 940 1340 a
969 1294 1066 1345 Διὸς
1097 1296 1217 1345 πόλις
1260 1300 1381 1340 recte
1411 1295 1664 1353 Διοπολίτης
1701 1297 1897 1351 formari,
1935 1309 2072 1351 quam
2112 1297 2200 1340 for-

232 1381 354 1411 mam
385 1372 559 1411 nummi
591 1382 845 1424 nomorum,
875 1371 1007 1425 tituli,
1039 1370 1142 1412 libri
1171 1371 1469 1424 manuscripti
1498 1370 1827 1424 confirmarent,
1857 1381 1963 1412 cum
1983 1371 2029 1411 in
2050 1381 2200 1412 exem-

231 1442 372 1494 plaria
410 1443 633 1496 impressa
669 1443 789 1484 haud
827 1454 929 1484 raro
969 1454 1108 1496 prava
1139 1444 1365 1496 scriptura
1403 1439 1683 1498 Διοσπολίτης
1719 1443 1986 1496 irrepsisset,
2026 1443 2201 1485 monuit

229 1514 461 1555 Letronne.
512 1514 656 1556 Etiam
686 1515 760 1556 hie
788 1514 1083 1557 deterrimum
1112 1526 1167 1556 ex
1199 1515 1483 1568 apographis,
1515 1515 1778 1568 Bailianum‚
1810 1515 2199 1558 ΔΙΟΟΠΟΛΙΤΟΥ

230 1585 426 1639 exhibet,
473 1597 576 1627 cum
607 1587 876 1629 Lenormant
913 1589 959 1628 et
988 1587 1175 1640 Lepsius
1210 1598 1372 1628 verum
1403 1587 1697 1628 servaverint.
1762 1583 1989 1633 Διόσπολις
2034 1583 2198 1643 μεγάλη

230 1657 484 1700 Thebarum
515 1670 678 1701 nomen
710 1671 789 1713 per
818 1659 1181 1701 Ptolemaeorum
1212 1661 1257 1700 et
1286 1660 1592 1701 Romanorum
1632 1660 1827 1700 aetatem
1866 1657 2005 1700 fuisse
2041 1660 2199 1700 notum

231 1731 310 1783 est,
342 1726 566 1777 Διόσπολις
597 1730 725 1789 μικρά
756 1731 984 1784 aliquanto
1019 1731 1205 1773 inferius
1236 1731 1293 1772 ad
1324 1731 1553 1773 sinistram
1578 1730 1667 1773 Nili
1696 1731 1844 1784 ripam
1874 1741 2018 1784 prope
2045 1731 2200 1772 vicum

230 1801 496 1843 hodiernum
527 1799 633 1846 Hau
661 1803 728 1856 (cf.
759 1803 985 1845 Baedeker
1015 1803 1332 1857 Oberagypten
1364 1815 1406 1857 p.
1431 1803 1498 1855 79)
1540 1803 1626 1845 sita
1656 1804 1765 1845 erat.
1826 1802 1921 1844 Hoc
1951 1804 2088 1856 caput
2117 1802 2202 1844 fuit

230 1875 354 1916 nomi
393 1876 471 1928 qui
511 1875 614 1917 inde
652 1874 673 1918 ὁ
706 1875 853 1932 μικρὸς
883 1871 1137 1932 Διοπολίτης
1175 1876 1499 1930 appellabatur.
1648 1877 1670 1914 4
1709 1876 1758 1916 In
1797 1874 1884 1916 alio
1924 1875 2044 1916 tituli
2082 1875 2200 1916 eius·

231 1946 333 1987 dem
370 1949 544 2000 generis
583 1949 628 1989 et
666 1948 754 1989 loci
794 1948 838 1990 C.
860 1949 891 1989 I.
915 1948 960 1990 G.
990 1949 1049 1988 III
1084 1947 1196 1992 Add.
1227 1959 1271 2002 p.
1294 1951 1396 1989 4224
1444 1960 1485 1989 n.
1511 1950 1634 2001 4900,
1658 1949 1680 1989 4
1724 1946 1836 1989 adeo
1875 1943 2198 2004 Πανσώτ(ε)ιραν

228 2020 382 2060 vocari
426 2020 516 2061 Isin
562 2019 824 2062 observavit
869 2021 1100 2063 Letronne.
1251 2024 1275 2062 5
1316 2020 1584 2063 Letronnius
1630 2021 1733 2061 ante
1777 2020 1863 2061 hoc
1908 2030 2071 2061 nomen
2115 2016 2201 2072 [καὶ

228 2088 439 2146 πεπόηκα]
470 2094 549 2134 aut
578 2092 666 2133 tale
696 2092 806 2145 quid
838 2091 1081 2134 desiderari
1102 2094 1267 2134 monet.
1319 2092 1404 2133 Sed
1434 2092 1585 2134 nescio
1616 2103 1672 2133 an
1699 2091 1811 2133 haec
1839 2090 2200 2144 breviloquentia

227 2186 380 2239 potius
411 2186 469 2226 sit
498 2197 636 2238 quam
667 2196 805 2227 error.
969 2189 993 2226 6
1037 2150 1264 2236 1-ΗΦΑῘΞΗ
1296 2186 1498 2238 Lepsius,
1538 2196 1643 2226 cum
1674 2185 1944 2227 Lenormant
1977 2185 2062 2227 Ι.ΙΑ
2093 2150 2131 2226 ᾗ
2161 2170 2199 2226 ’fi

227 2258 420 2310 legisset.
479 2257 578 2299 Non
609 2258 746 2311 igitur
775 2257 1058 2311 undecimus,
1100 2257 1179 2299 sed
1217 2259 1405 2299 octavus
1437 2258 1505 2298 est
1545 2268 1688 2298 annus
1719 2257 1961 2298 Ptolemaei
1989 2256 2090 2297 XIII
2120 2257 2199 2309 qui

228 2331 363 2383 volgo
393 2330 574 2372 Auletes
605 2331 809 2371 vocatur.
869 2329 983 2372 Nam
1015 2329 1072 2371 ad
1101 2330 1222 2371 hune
1252 2340 1405 2382 regem
1441 2329 1544 2371 anni
1580 2340 1822 2370 numerum
1860 2330 2066 2382 spectare
2103 2339 2198 2369 cer-

228 2404 326 2443 tum
367 2404 436 2443 est
471 2403 658 2456 propter
698 2402 851 2443 locum
890 2413 982 2455 quo
1021 2402 1095 2443 hic
1131 2412 1236 2443 cum
1276 2401 1374 2443 aliis
1415 2400 1639 2443 similibus
1676 2401 1836 2443 titulus
1866 2401 2078 2443 inventus
2115 2401 2197 2442 est.

227 2475 382 2529 Itaque
414 2486 530 2517 anno
565 2476 616 2516 74
641 2486 678 2516 a.
701 2474 801 2516 Chr.
834 2475 945 2516 haec
975 2474 1143 2527 scripta
1174 2474 1292 2515 sunt.

339 2724 447 2779 185
498 2728 654 2778 Philis
690 2729 945 2794 ininsula,
984 2729 1037 2779 in
1060 2730 1278 2795 propylo
1305 2728 1478 2794 templi
1502 2728 1688 2792 magni.
1754 2727 1830 2776 Ex
1868 2726 2199 2776 delineatione

228 2814 418 2880 Huyoti
487 2815 562 2864 ed.
628 2815 878 2864 Letronne
949 2814 1265 2865 Recherohes
1325 2829 1457 2880 pour
1519 2815 1681 2863 servir
1741 2813 1773 2862 ὲ
1831 2809 2075 2863 l’histoire
2136 2813 2198 2861 de

225 2888 459 2967 l'Egypte
502 2917 554 2967 p.
587 2901 686 2950 436
708 2917 817 2967 sqq.
890 2900 1000 2951 Gau
1042 2901 1194 2951 Insor.
1243 2900 1370 2950 Nuh.
1422 2900 1523 2949 tab.
1563 2900 1631 2948 XI
1678 2914 1726 2949 n.
1757 2900 1803 2949 5.
1882 2898 1937 2949 G.
1974 2897 2198 2963 Parthey

229 2988 292 3036 de
346 2987 502 3038 Philis
557 2988 720 3037 insula
773 2988 873 3037 tab.
909 2988 952 3036 11
997 3002 1044 3037 n.
1084 2989 1112 3036 6
1162 2987 1220 3054 (J.
1247 2987 1409 3036 Franz
1458 2986 1572 3036 (3.1.
1603 2985 1658 3036 G.
1700 2983 1873 3050 4898).
1946 2985 2198 3034 Letronne
2288 2959 2289 3002 ³

228 3075 427 3124 Recuess
483 3074 571 3125 des
632 3075 779 3124 inser.
831 3073 913 3124 Gr.
963 3078 1013 3124 et
1058 3074 1163 3123 Lat.
1213 3073 1274 3122 de
1316 3060 1547 3139 1’Egypte
1592 3073 1637 3121 11
1692 3088 1742 3138 p.
1780 3071 1846 3122 52
1895 3085 1942 3120 n.
1980 3071 2193 3121 Lxxxl.

227 3161 612 3212 Aecuratissime
649 3162 707 3211 R.
736 3162 947 3227 Lepsius
992 3160 1294 3210 Denkmiiler
1331 3174 1423 3210 aus
1459 3160 1722 3226 Aegypten
1757 3157 1863 3207 und
1898 3157 2196 3223 Aethiopien

227 3248 317 3296 XII
351 3264 399 3313 p.
433 3248 496 3297 84
539 3263 588 3298 n.
613 3248 715 3298 288
755 3245 833 3315 (M.
858 3248 911 3297 L.
941 3245 1121 3298 Strack
1157 3246 1247 3296 Die
1285 3246 1527 3311 Dynastie
1565 3246 1655 3296 der
1691 3245 1974 3295 Ptolemaer
2011 3259 2061 3309 p.
2091 3241 2193 3293 270

229 3349 276 3383 n.
310 3332 444 3401 ⁴5⁴).

374 3473 635 3535 Βασιλέως
683 3474 1014 3547 ΠτολεΙμαίου
1070 3475 1190 3527 θεοῦ
1236 3471 1594 3545 ΦιλοΙπάτορος
1645 3471 1998 3542 (Ι)ιλαδεέλ(ρου1
2051 3468 2057 3539 Ι
2109 3468 2192 3522 καὶ

346 3648 534 3689 Litterae
565 3646 820 3700 ΑΠΠΣῴᾠ.
970 3652 986 3689 4
1024 3647 1085 3690 Cf.
1116 3659 1157 3689 n.
1182 3646 1302 3688 4821.

2286 3006 2289 3060 i
