2314 3970
88 226 159 280 90]
573 221 813 264 Ptolemaei
836 221 870 260 V
902 222 1248 261 monumentum
1280 219 1585 260 Rosettanum.
1961 218 2059 268 153

227 397 299 456 εἰς
324 394 378 449 τὸ
407 393 664 466 βασιλικὸν
686 393 1082 463 συντελουμένων
1109 394 1160 445 ἐν
1188 391 1291 451 τοῖς
1320 391 1469 463 ἱεροῖς
1497 390 1738 462 βυσσίνων
1765 389 1770 459 Ι
1795 389 2004 442 ὀθονίων
2019 393 2063 425 ⁶4

229 483 472 536 ἀπέλυσεν
510 477 573 534 τὰ
614 481 702 535 δύο
743 481 888 553 μέρη,
932 478 995 533 τά
1032 500 1084 532 τε
1122 478 1478 550 ἐγλελειμμένα
1515 475 1678 532 πάντα
1717 478 1768 530 ἐν
1806 476 1907 536 τοῖς
1943 477 2063 548 πρό-

82 660 306 704 eiusmodi
340 658 533 711 vectigal
567 658 612 698 et
652 655 965 698 sacerdotibus
1003 654 1339 695 immunitatem
1381 654 1479 694 eius
1517 664 1779 695 concessam
1817 663 1917 694 esse
1955 663 2063 694 sane

83 732 410 777 demonstravit
459 731 593 772 allato
631 729 763 770 tltulo
803 728 942 770 stelae
978 726 1231 768 Mendesiae
1277 738 1302 767 a
1348 726 1569 767 Mariettio
1607 727 1873 767 Monumens
1912 725 2064 767 divers

83 805 171 848 tab.
195 807 261 846 ⁴3.
285 806 336 845 44
369 803 516 845 editae
547 804 592 844 et
622 813 647 843 a
678 801 926 854 Brugschio
959 799 1127 840 Ztschr.
1159 798 1185 839 f.
1218 809 1310 850 aeg.
1344 799 1441 851 Spr.
1472 798 1572 838 XIII
1607 801 1715 840 4875
1747 810 1790 851 p.
1817 801 1868 839 310
1886 809 1983 851 sqq.
2016 798 2062 839 in

83 877 398 920 Germanicum
442 885 699 917 sermonem
740 883 987 915 conversae
1018 883 1060 912 v.
1086 874 1151 911 45.
1213 870 1270 911 At
1301 870 1355 910 de
1395 870 1552 911 eadem
1586 882 1633 910 re
1670 870 1807 912 etiam
1847 872 1891 911 in
1932 870 2062 911 titulo

81 950 321 992 Rosettano
355 947 443 989 dici
474 958 530 988 ne
558 946 739 988 credam
762 946 940 999 praeter
959 943 1191 985 notionem
1222 955 1247 983 a
1270 943 1454 983 nomine
1486 940 1693 998 σύλληψις
1725 943 1916 984 alienam
1949 943 2063 984 duae

81 1034 153 1064 me
192 1021 379 1062 movent
420 1030 596 1062 causae.
658 1019 860 1059 Primum
891 1016 1011 1057 enim
1042 1014 1155 1056 illud
1191 1015 1494 1067 navigationis
1535 1015 1726 1067 vectigal
1765 1026 1871 1056 cum
1908 1016 1997 1056 iam
2038 1028 2063 1056 a

82 1095 333 1136 Ptolemaeo
378 1093 414 1132 11
461 1091 750 1145 Philadelpho
797 1087 1111 1131 sacerdotibus
1155 1086 1391 1140 Aegyptiis
1438 1088 1682 1128 remissum
1728 1098 1827 1128 esse
1872 1089 2063 1129 testetur

81 1167 237 1208 titulus
267 1163 534 1218 Mendesius,
567 1162 798 1217 quomodo
829 1162 996 1202 iterum
1027 1160 1198 1201 remitti
1229 1161 1380 1213 potuit
1410 1159 1466 1201 ab
1489 1157 1754 1213 Epiphane‘?
1804 1159 1919 1201 Nam
1950 1162 2063 1201 tem-

82 1251 190 1294 pore
219 1238 453 1279 interiecto
486 1248 623 1279 onera
654 1234 943 1278 sacerdotum
973 1244 1134 1275 rursus
1166 1235 1298 1275 aucta
1330 1244 1428 1275 esse
1460 1232 1722 1274 incredibile
1754 1235 1835 1274 est.
1896 1234 2063 1274 Deinde

81 1322 190 1353 vero
223 1322 314 1364 quo
357 1311 492 1363 pacto
529 1306 606 1355 εἰς
644 1307 722 1364 τὴν
764 1303 959 1349 ναυτείαν
998 1306 1087 1347 dici
1118 1307 1268 1359 potuit
1307 1305 1361 1347 de
1393 1306 1600 1358 vectigali
1637 1305 1760 1359 quod
1800 1305 2065 1359 exigebatur

80 1396 106 1426 a
134 1379 483 1437 navigantibus?
528 1381 688 1423 Nonne
711 1381 776 1422 sic
798 1380 1054 1421 necessario
1078 1381 1157 1420 aut
1178 1379 1513 1432 praepositione
1543 1376 1625 1420 ἀπὸ
1660 1379 1730 1420 vel
1762 1376 1811 1419 ἐκ
1843 1380 1920 1419 aut
1942 1380 2063 1420 certe

81 1467 206 1498 mero
238 1456 448 1508 genetivo
481 1453 700 1496 utendum
733 1451 847 1494 fuit?
907 1453 1110 1505 Denique
1142 1463 1302 1493 vocem
1341 1448 1510 1493 ναυτεὶα
1541 1462 1658 1504 (1336
1701 1462 1926 1504 nusquam
1958 1451 2061 1492 alibi

79 1529 242 1582 legitur
278 1529 547 1581 interpretes
592 1526 650 1568 ad
694 1537 837 1567 unum
884 1536 1042 1566 omnes
1084 1536 1179 1565 rem
1219 1525 1426 1566 navalem
1463 1523 1715 1577 significare
1747 1526 2062 1577 sumpserunt;

78 1601 368 1643 Drumannus
398 1602 443 1641 et
472 1600 742 1640 Letronnius
778 1598 899 1639 idem
931 1609 1030 1639 6556
1066 1597 1222 1638 dicunt
1253 1609 1305 1639 ac
1335 1598 1373 1638 si
1405 1598 1630 1650 legeretur
1667 1595 1728 1644 εἰς
1758 1595 1833 1643 τὰς
1862 1594 2063 1643 ναυτικὰς

77 1670 238 1732 χρείας.
307 1673 364 1713 At
403 1672 529 1724 origo
569 1671 700 1714 docet
740 1670 863 1712 aliud
899 1681 998 1712 esse
1037 1667 1230 1712 ναυτείαν
1281 1681 1333 1711 36
1377 1667 1607 1711 ναυτιλίαν.
1669 1670 1782 1712 Illud
1829 1670 1949 1710 enim
1998 1671 2062 1710 in-

79 1745 199 1787 dicat
243 1745 557 1787 condicionem
602 1745 648 1785 et
692 1744 927 1797 negotium
972 1743 1148 1796 nautae,
1196 1740 1244 1784 τὸ
1289 1740 1445 1799 ναύτην
1491 1739 1619 1795 εἷναι;
1666 1742 1720 1784 cf.
1769 1740 2060 1800 ἐπιμελητεία,

78 1814 346 1872 προστατεία,
383 1812 631 1875 προφητεία.
699 1817 794 1858 13111
834 1826 940 1856 cum
981 1811 1291 1870 συλλαμβάνειν
1329 1815 1420 1857 τινά
1464 1814 1807 1869 perfrequenter
1851 1827 2063 1869 compre-

78 1888 301 1931 hendendi
346 1889 440 1931 vim
484 1888 660 1940 habeat,
699 1888 907 1941 sequitur
948 1889 1000 1928 ut
1045 1884 1253 1944 σύλληψις
1290 1891 1375 1928 τῶν
1416 1885 1476 1934 εἰς
1512 1886 1590 1942 τὴν
1621 1886 1815 1930 ναυτείαν
1854 1889 1911 1929 ad
1941 1888 2058 1930 idem

78 1961 232 2003 redeat
261 1972 314 2003 36
342 1960 390 2003 τὸ
421 1956 792 2017 συλλαμβάνεσθαί
819 1974 933 2006 τινας
964 1959 1071 2001 ὥστε
1101 1957 1255 2006 ναύτας
1286 1958 1395 2001 εἶναι
1425 1957 1662 2017 (γενέσθαι).
1722 1961 1785 2002 Ι)6
1817 1962 1904 2003 hoc
1935 1972 2062 2002 more

0 2022 1 2029 ¹
78 2034 283 2076 homines
323 2034 490 2075 invitos
534 2033 590 2074 ad
631 2044 769 2075 usum
822 2033 886 2073 rei
924 2033 1096 2074 navalis
1137 2031 1429 2074 abstrahendi
1468 2033 1648 2088 (presse)
1687 2034 1776 2075 iam
1815 2034 2062 2075 Westonus

1 2150 3 2158 .
78 2106 365 2159 cogitaverat.
426 2105 507 2147 Cui
539 2105 702 2159 reliqui
733 2106 1003 2159 interpretes
1033 2117 1125 2146 non
1157 2104 1365 2147 obsecuti
1396 2107 1514 2159 sunt,
1557 2107 1664 2159 quia
1695 2106 1953 2148 sacerdotes
1983 2107 2061 2148 ali-

75 2178 256 2232 quando
287 2180 470 2220 coactos
501 2189 601 2220 esse
631 2178 851 2231 remigare
874 2178 918 2219 in
939 2177 1145 2231 Aegypto
1178 2179 1383 2219 omnium
1407 2179 1603 2220 maxime
1634 2179 1897 2221 incredibile
1928 2183 2060 2222 esset.

75 2250 141 2292 Ita
169 2260 275 2292 sane
305 2251 387 2304 est,
419 2250 499 2292 sed
537 2250 591 2291 de
623 2249 937 2292 sacerdotibus
968 2250 1079 2291 nihil
1115 2251 1189 2291 hic
1219 2250 1406 2304 legitur3
1447 2252 1742 2293 remittuntur
1781 2263 1888 2294 sane
1927 2263 2062 2294 onera

0 2359 2 2374 ,
75 2322 242 2376 quibus
280 2323 468 2364 deorum
501 2322 626 2364 fundi
665 2324 711 2364 et
741 2322 1000 2364 sacerdotes
1031 2322 1369 2376 premebantur.
1429 2323 1486 2364 At
1525 2324 1563 2365 si
1604 2324 1678 2365 illa
1720 2322 1930 2382 συλλήψει
1970 2336 2059 2366 11611

0 2379 1 2400 ’
75 2395 344 2448 sacerdotes,
376 2395 456 2436 sed
484 2405 641 2437 servos
675 2391 985 2450 (ἱεροδούλους),
1017 2395 1204 2437 colonos
1237 2392 1472 2454 (γεωργούς)
1505 2396 1707 2450 aliosque
1733 2398 1811 2450 qui
1842 2398 1887 2438 in
1919 2398 2060 2439 sacris

75 2468 206 2510 terris
250 2467 546 2510 consederant
587 2467 801 2520 abreptos
848 2467 1087 2521 sumimus,
1134 2469 1287 2521 negari
1334 2480 1421 2510 non
1470 2471 1624 2522 potest
1668 2470 1734 2512 sic
1779 2482 1962 2524 quoque
2007 2482 2060 2512 ea

74 2539 251 2582 sublata
281 2551 442 2593 magno
475 2539 746 2582 detrimento
787 2541 987 2582 levatum
1021 2552 1119 2582 esse
1160 2541 1451 2583 sacerdotum
1494 2542 1710 2584 ordinem.
1772 2542 1918 2591 Quam
1950 2554 2058 2585 vero

75 2622 211 2654 unam
242 2613 663 2666 interpretationem
696 2613 917 2655 sermonis
950 2613 1125 2667 legibus
1157 2615 1201 2655 et
1230 2615 1336 2656 usui
1369 2615 1757 2657 accommodatam
1790 2626 1890 2657 esse
1921 2626 2060 2670 supra

76 2683 396 2739 demonstravi,
441 2696 542 2726 eam
582 2685 806 2728 demotico
847 2685 1017 2727 decreti
1069 2687 1277 2740 exemplo
1315 2687 1573 2729 confirmari
1619 2687 1804 2729 adnotat
1848 2687 2055 2741 Mahaffy.

76 2755 135 2798 ef.
167 2756 311 2800 Hessii
342 2757 586 2799 editionem
617 2769 660 2811 p.
686 2761 737 2798 ⁴3
769 2755 852 2813 uis
871 2757 1155 2814 rem-(nstbn
1183 2757 1263 2815 hep
1302 2761 1328 2800 i.
1351 2771 1388 2801 e.
1422 2754 1633 2801 ‘cessavit
1662 2762 1823 2802 nautas
1852 2772 2059 2814 compre-

76 2823 282 2871 hendere’
315 2840 420 2870 cum
451 2830 777 2872 commentario
807 2842 851 2885 p.
876 2834 943 2874 57.
1126 2835 1176 2873 64
1210 2832 1408 2886 Byssum
1430 2834 1476 2874 in
1505 2833 1665 2875 litteris
1692 2834 1890 2886 antiquis
1922 2834 2058 2875 modo

77 2899 234 2955 linum,
274 2901 410 2943 modo
441 2902 694 2956 erioxylum
727 2914 827 2945 esse
864 2904 910 2945 in
948 2905 1216 2946 universum
1249 2906 1437 2947 constat.
1500 2905 1586 2946 Sed
1622 2906 1667 2946 in
1698 2906 1904 2959 Aegypto
1946 2907 2058 2947 anti-

77 2973 235 3026 quiore
266 2975 388 3015 certe
418 2975 623 3028 tempore
651 2986 832 3028 semper
861 2976 1006 3017 linum
1037 2977 1386 3030 intellegendum
1418 2988 1517 3019 esse
1543 2980 1731 3031 apparet
1760 2990 1815 3019 ex
1845 2978 2059 3030 Herodoti

18 3042 19 3049 ’
77 3045 333 3088 testimonio
364 3047 416 3100 11,
446 3051 519 3089 86:
564 3044 689 3089 ἐπεὰν
722 3046 769 3090 δὲ
799 3046 1043 3107 παρέλθωσι
1077 3048 1121 3091 αἱ
1160 3047 1457 3106 ἑβδομήκοντα
1488 3047 1687 3108 (ἡμέραι),
1731 3047 1955 3095 λούσαντες
1985 3049 2057 3091 τὸν

20 3162 23 3181 ·‚
71 3117 221 3174 ’νεκρὸν
251 3116 560 3161 κατειλίσσουσι
590 3123 672 3162 πᾶν
703 3117 834 3162 αὐτοῦ
862 3121 910 3162 τὸ
943 3127 1067 3176 σῶμα
1099 3119 1287 3169 σινδόνος
1318 3120 1513 3178 βυσσίνης
1544 3120 1759 3177 τελαμῶσι
1789 3135 2057 3178 κατατετμη-

77 3185 247 3244 μένοισι.
305 3189 421 3233 Ν3111
452 3191 567 3233 haec
597 3192 834 3234 involucra
864 3193 981 3235 linea
1011 3204 1110 3235 esse
1142 3194 1417 3247 microscopi
1439 3205 1525 3247 ope
1546 3194 1831 3247 exploratum
1863 3195 1944 3235 est.
1997 3194 2057 3235 Cf.

77 3261 297 3305 Letronne
319 3263 375 3305 ad
395 3264 438 3306 h.
460 3264 488 3306 l.
511 3265 556 3306 et
577 3264 687 3306 Olck
708 3277 778 3319 ap.
801 3266 1172 3308 Pauli-Wissowa
1194 3267 1626 3320 Realencyklopadie
1647 3266 1703 3306 III
1727 3269 1742 3305 4
1773 3277 1815 3318 p.
1838 3268 1944 3307 ⁴⁴08
1959 3276 2055 3319 sqq.

77 3329 239 3389 ὀθόνια,
274 3334 472 3390 σινδόνες,
502 3334 684 3383 κιθῶνες
714 3339 911 3380 vestium
943 3350 1105 3392 genera
1136 3341 1242 3381 sunt
1272 3338 1580 3391 magnitudine
1610 3338 1763 3391 potius
1795 3349 1931 3391 quam
1964 3349 2057 3380 ma-

75 3404 188 3448 teria
217 3408 262 3449 et
291 3408 509 3461 qualitate
547 3408 753 3451 discreta.
816 3410 877 3452 Cf.
910 3411 1167 3454 Lumbroso
1206 3412 1484 3452 Recherches
1517 3422 1558 3463 p.
1584 3412 1650 3451 44.
1713 3410 1880 3452 Earum
1923 3410 2057 3452 fabri-

28 3530 29 3543 *
77 3478 293 3521 nationem
319 3481 610 3535 privilegium
632 3480 771 3524 fuisse
790 3483 909 3536 regis
931 3484 1261 3526 demonstravit
1282 3483 1325 3524 U.
1339 3483 1543 3523 Wilcken
1566 3483 1636 3522 Gr.
1652 3482 1839 3524 Ostraka
1860 3483 1876 3522 I
1899 3494 1941 3536 p.
1957 3486 2055 3536 268,

79 3548 157 3591 sed
185 3552 286 3594 unis
317 3553 630 3595 sacerdotibus
668 3555 818 3596 tamen
860 3567 1128 3598 concessum
1167 3555 1305 3596 fuisse
1342 3557 1394 3595 ut
1432 3565 1484 3595 ea
1523 3554 1796 3596 conficerent
1835 3556 1881 3597 in
1920 3566 2054 3596 suum

28 3559 36 3670 ἱ
79 3627 226 3676 353111,
263 3624 394 3677 plane
432 3627 484 3666 ut
520 3626 575 3667 iis
617 3625 768 3668 oleum
806 3639 897 3681 quo
935 3629 1024 3687 ipsi
1061 3629 1298 3669 uterentur
1348 3637 1555 3680 premere
1592 3627 1793 3669 licuisset
1834 3627 2057 3681 (Revenue

32 3714 38 3726 .
81 3690 190 3734 laws
237 3695 285 3736 of
323 3697 528 3751 Ptolemy
576 3697 886 3753 philadelphos
933 3701 1022 3742 Col.
1055 3704 1120 3754 50,
1151 3702 1334 3753 20—52,
1369 3699 1420 3752 3).
1491 3699 1630 3742 Cuius
1674 3700 1879 3742 licentiae
1924 3702 2054 3753 quasi

25 3385 33 3460 l

27 3474 32 3509 l
