2314 3970
232 171 334 221 556
705 169 773 209 VI.
821 169 968 219 Regna
997 167 1159 209 Asiana
1192 169 1378 208 minora.
1441 171 1480 208 2.
1515 168 1696 209 Galatia.
2046 168 2204 220 [346—

321 354 344 394 5
371 338 737 410 ἘπιφανοῦΙς3,
782 338 787 408 Ι
830 338 1207 409 Διοσ]κουρίδης
1247 339 1572 410 Διοσκορίδου
1609 337 1624 410 ΙΙ
1649 337 1982 409 Ῥαμνούσιος
2019 361 2206 411 γυμνα-

375 426 678 495 σιαρχΙῶν]4.

229 586 435 626 reddidit.
496 585 590 626 Hoc
620 585 888 626 Reinachius
927 585 1182 626 enucleavit
1219 597 1274 625 ex
1312 585 1583 626 testimoniis
1614 585 1745 625 Hirtii
1776 586 1879 626 Bell.
1911 586 2032 627 Alex.
2066 590 2132 638 66,
2156 590 2203 627 5:

227 655 278 699 id
297 656 615 708 (sacerdotium
637 657 856 708 Bellonae)
878 654 1061 698 homiui
1086 653 1372 698 nobilissimo
1394 653 1635 710 Isycomedi
1653 654 1870 711 Bithyna
1901 655 2205 709 adiudicavit;

228 726 310 783 qui
342 726 465 783 reqio
501 725 818 782 Cappadocum
853 741 1011 783 yeuere
1050 730 1174 770 ortus
1204 730 1389 782 proptor
1425 726 1662 770 adversam
1701 726 1936 781 fortunam
1974 727 2207 771 maiorum

226 812 416 842 suorum
451 797 832 854 mutationemque
864 798 1043 855 yeneris
1083 797 1186 842 iure
1223 796 1418 841 minime
1456 798 1602 853 dubio,
1641 801 1850 842 vetustate
1887 802 2039 842 tamen
2068 798 2206 843 inter-

226 869 380 925 misso,
419 868 720 913 sacerdotium
749 870 802 913 id
834 869 1060 926 repetebat.
1121 872 1315 924 Appiani
1346 872 1491 912 Mithr.
1522 874 1619 912 42¹:
1658 869 1711 912 τὰ
1752 865 1786 912 δ’
1818 869 1974 929 ἑτέροις
2013 870 2095 913 ὑπὸ
2131 875 2205 914 τοῦ

226 940 458 998 Πομπηΐου
481 941 689 999 δεδομένα
720 941 741 985 ὁ
763 940 905 998 Γάϊος,
939 942 1292 999 ἐπιμεμψάμενος
1320 947 1412 989 τοῖς
1443 941 1611 1000 ἔχουσιν
1635 941 1698 984 ὅτι
1718 940 1935 999 Πομπηΐῳ
1957 938 2050 986 καθ’
2077 941 2206 986 αὑτοῦ

227 1013 509 1074 συνεμάχουν,
542 1012 660 1070 ὅμως
689 1013 882 1072 ἐφύλαξε,
914 1013 1026 1072 πλὴν
1056 1019 1135 1071 τῆς
1168 1012 1211 1056 ἐν
1244 1010 1463 1069 Κομάνοις
1500 1013 1743 1073 ἱερωσύνης,
1781 1013 1834 1071 ἢν
1867 1014 1910 1062 ές
1938 1011 2205 1071 Λυκομήδην

228 1086 485 1144 μετήνεγκεν
509 1084 593 1128 ἀπὸ
607 1081 850 1146 Ἀρχελάου.
882 1087 1114 1129 Strabonis
1125 1087 1219 1140 XII,
1234 1091 1270 1140 3,
1287 1090 1337 1127 35
1355 1098 1399 1140 p.
1415 1090 1495 1128 558
1509 1087 1627 1128 Cas.:
1649 1085 1739 1133 υἱὸς
1757 1084 1790 1127 δ’
1807 1085 1933 1128 αὐτοῦ
1952 1082 2207 1145 (Ἀρχελάου)

224 1157 304 1215 τὴν
329 1157 559 1216 ἱερωσύνην
582 1157 838 1216 παρέλαβεν·
866 1154 942 1202 εἶθ’
971 1157 1142 1214 ὕστερον
1159 1157 1439 1215 Λυκομήδης.
1481 1159 1536 1199 Et
1556 1170 1721 1200 nomen
1736 1159 1897 1200 leviter
1913 1161 2206 1202 immutatum

226 1232 271 1271 et
301 1242 417 1283 quae
449 1230 504 1271 de
534 1233 759 1272 maiorum
782 1232 961 1272 fortuna
991 1231 1183 1273 adversa
1213 1231 1427 1272 dicuntur
1456 1231 1552 1272 sine
1585 1231 1723 1272 dubio
1756 1242 1809 1272 eo
1830 1235 2049 1286 spectant,
2081 1233 2207 1285 quod

224 1305 354 1356 pater
373 1303 509 1344 huius
531 1304 800 1356 Lycomedis
821 1315 910 1344 non
932 1304 1152 1356 genuinus
1172 1303 1432 1344 Nicomedis
1453 1303 1511 1343 III
1530 1303 1649 1344 filius
1677 1303 1903 1345 iudicatus
1926 1306 2034 1358 erat,
2066 1317 2207 1357 quare

224 1374 561 1416 nobilissimum
592 1375 777 1428 quidem
815 1386 956 1427 genus
987 1376 1027 1416 ei
1067 1375 1286 1416 tribuitur
1315 1376 1432 1415 inter
1461 1375 1694 1427 Bithynos,
1734 1375 1814 1416 sed
1851 1388 1876 1416 a
1915 1377 2036 1428 regia
2067 1376 2203 1417 domo

226 1447 536 1500 Cappadociae
576 1448 712 1489 modo
753 1448 987 1500 repetitur,
1027 1448 1158 1488 cuius
1198 1450 1294 1488 erat
1332 1447 1458 1500 Nysa
1495 1447 1610 1500 avia,
1652 1459 1741 1488 non
1778 1448 1915 1488 etiam
1955 1448 2205 1501 Bithyniae.

225 1519 435 1560 Ceterum
475 1530 529 1560 ex
573 1521 793 1560 memoria
831 1520 885 1560 de
923 1520 1010 1561 hoc
1048 1519 1309 1561 Nicomedis
1347 1520 1404 1559 III
1443 1519 1744 1572 Philopatoris
1791 1522 1955 1572 nepote
2000 1532 2203 1561 errorem

223 1591 420 1644 Appiani
453 1592 622 1632 mirum
660 1594 818 1633 natum
859 1603 958 1633 esse
988 1592 1135 1632 Mithr.
1169 1595 1212 1632 7:
1254 1589 1404 1637 υἱωνὸς
1437 1590 1562 1632 τοῦδε
1607 1590 1878 1642 (Nicomedis
1908 1592 1966 1632 ΠΙ
1996 1592 2205 1646 Philopa-

224 1664 352 1715 toris)
383 1661 526 1719 ἕτερος
556 1659 813 1720 Νικομήδης
834 1657 1065 1718 Ῥωμαίοις
1095 1662 1172 1720 τὴν
1203 1660 1341 1720 ἀρχὴν
1375 1662 1418 1705 ἐν
1451 1659 1678 1718 διαθήκαις
1708 1661 1912 1704 ἀπέλιπεν
1955 1664 2205 1705 admodum

223 1735 475 1788 probabilis
506 1739 575 1777 est
604 1737 774 1789 Meyeri
805 1737 1077 1777 coniectura.
1255 1739 1278 1775 2
1319 1737 1592 1777 ΕΥΓΟΝΟΥ.
1653 1735 1923 1776 Emendavit
1952 1736 2204 1777 Boeckhius

225 1819 413 1849 monens
455 1809 542 1849 hoc
580 1808 755 1849 facilius
786 1819 842 1849 ex
875 1809 1134 1850 ΕΚΓΟΝΟΥ
1165 1819 1304 1860 quam
1332 1818 1388 1848 ex
1423 1809 1684 1849 ΕΓΓΟΝΟΥ
1715 1808 1841 1848 nasci
1869 1808 2086 1861 potuisse,
2119 1810 2204 1849 etsi

223 1881 269 1920 in
301 1891 353 1920 eo
396 1881 530 1933 errat,
571 1881 696 1933 quod
737 1878 909 1936 ἔκγονος
941 1882 985 1920 et
1015 1877 1199 1935 ἔγγονος,
1241 1891 1358 1932 quae
1395 1883 1502 1920 sunt
1538 1880 1744 1920 eiusdem
1783 1881 1910 1920 vocis
1952 1881 2204 1933 scripturae

224 1952 547 2005 discrepantes,
585 1952 675 1993 duo
716 1952 896 1993 diversa
925 1951 1148 1993 vocabula
1186 1952 1409 2005 opinatur.
1469 1952 1564 1992 Iam
1603 1953 1648 1992 in
1686 1952 1829 1992 titulis
1859 1951 2093 2005 Aegyptiis
2125 1952 2204 1994 ali·
2264 1972 2268 1977 ·

224 2023 406 2076 quando
438 2023 674 2065 manifesto
707 2022 878 2080 ἔκγονος
909 2023 1052 2064 filium
1096 2023 1316 2076 significat
1354 2023 1409 2075 (n.
1434 2026 1501 2076 90,
1525 2026 1562 2064 3.
1606 2027 1674 2076 94,
1698 2027 1722 2063 2
1754 2034 1860 2064 cum
1898 2023 2033 2075 notis)
2044 2036 2054 2076 ;
2093 2036 2204 2066 cave

223 2097 376 2136 tamen
416 2096 490 2136 hic
526 2096 589 2136 ita
626 2096 949 2149 interpreteris,
993 2097 1042 2136 ut
1080 2096 1240 2136 titulus
1270 2095 1507 2137 Nicomedi
1536 2096 1596 2135 III
1626 2096 1902 2148 Philopatori
1932 2096 2202 2138 vindicetur.

222 2167 337 2208 Nam
369 2169 496 2208 extra
525 2166 784 2221 Aegyptum
814 2168 989 2208 nullum
1026 2168 1162 2208 huius
1201 2178 1313 2208 usus
1343 2167 1602 2221 exemplum
1638 2168 1762 2208 novi.
1813 2167 1981 2208 Vocem
2020 2169 2068 2209 in
2102 2170 2204 2210 uni-

222 2250 408 2280 versum
457 2239 512 2280 de
557 2251 836 2292 unoquoque
888 2251 943 2280 ex
988 2241 1185 2293 posteris
1237 2240 1448 2292 usurpari
1495 2240 1542 2280 in
1592 2239 1756 2292 volgus
1807 2242 1965 2281 notum
2016 2243 2085 2281 est
2135 2241 2202 2293 (cf.

223 2309 351 2364 Syll.2
368 2310 504 2364 3736),
537 2311 617 2352 sed
646 2311 721 2352 hic
742 2313 952 2353 accurata
982 2312 1147 2364 gradus
1170 2311 1438 2364 significatio
1461 2311 1606 2352 multo
1635 2312 1784 2364 aptior
1803 2313 1873 2353 est
1883 2324 1894 2364 3
1927 2323 2067 2364 quare
2098 2324 2202 2365 pro-

222 2393 364 2435 nepos
394 2383 734 2437 intellegendus,
766 2395 871 2424 nam
901 2395 1042 2437 nepos
1074 2386 1143 2425 est
1173 2382 1338 2430 υἱωνός.
1398 2384 1580 2424 Rectius
1611 2384 1750 2434 igitur
1768 2383 2029 2425 Nicomedis
2049 2383 2202 2426 Philo-

222 2455 394 2508 patoris
426 2458 470 2496 et
489 2455 640 2508 Nysae
660 2458 887 2509 nepotem,
919 2468 1007 2497 non
1028 2456 1173 2497 filium
1194 2458 1246 2496 ut
1266 2456 1462 2497 Reinach
1483 2455 1661 2508 fecerat,
1692 2456 2015 2509 interpretatur
2035 2457 2200 2510 Meyer.

226 2530 248 2566 3
286 2527 560 2568 Nicomedes
598 2529 636 2567 Il
674 2528 929 2581 Epiphanes
969 2529 1180 2580 (449-92
1214 2540 1251 2570 a.
1283 2529 1384 2569 Chr.
1414 2527 1485 2580 n.).
1554 2528 1764 2569 Ceterum
1805 2539 1909 2569 cum
1951 2529 2202 2570 Boeckhius

220 2592 456 2654 Ἐπιφάνου
490 2599 747 2652 scripsisset
777 2602 965 2653 propter
995 2596 1251 2656 Νικομήὸου
1283 2600 1406 2652 quod
1446 2600 1688 2653 praecedit,
1730 2600 1867 2641 malui
1900 2602 1934 2642 Σ
1975 2601 2200 2653 supplere.

221 2669 336 2712 Nam
365 2671 440 2711 hic
469 2671 796 2723 metaplasmus
826 2683 916 2712 non
947 2672 1067 2713 cadit
1096 2673 1143 2712 in
1174 2672 1409 2725 adiectiva,
1442 2683 1642 2724 quorum
1673 2673 1719 2712 in
1749 2683 1940 2713 numero
1969 2672 2202 2713 habendae

222 2744 329 2783 sunt
357 2742 459 2783 illae
488 2743 765 2784 honorificae
796 2744 1119 2796 appellationes
1151 2744 1261 2784 dum
1291 2745 1338 2784 in
1369 2755 1477 2785 vera
1510 2744 1695 2785 nomina
1724 2745 1909 2797 propria
1940 2744 2102 2785 abeant
2135 2745 2200 2796 (cf.

221 2826 264 2855 n.
290 2812 426 2866 4⁴02).
615 2817 637 2854 4
677 2816 840 2856 ΑΡΧΟ.
892 2816 1130 2868 Supplevit
1164 2817 1209 2856 et
1243 2815 1502 2857 emendavit
1534 2816 1714 2857 Boeckh
1749 2816 1849 2856 coll.
1886 2828 1928 2856 n.
1957 2819 2051 2869 366,
2079 2820 2118 2857 2.
2152 2819 2197 2856 3:

222 2882 434 2932 Σέλευκος
464 2882 752 2944 Μαραθώνιος
782 2892 1125 2945 γυμνασιαρχῶν.

1037 3167 1088 3209 2.
1141 3165 1380 3211 Galatia.

331 3285 439 3339 347
493 3291 610 3338 Tria
648 3290 861 3340 frustula
900 3290 1052 3355 basis,
1098 3290 1304 3340 inventa
1335 3290 1544 3340 Athenis
1586 3292 1652 3340 ad
1695 3294 1860 3340 stoam
1892 3291 2056 3341 Attali.
2121 3292 2198 3340 Ex

221 3375 458 3425 Koehleri
496 3376 798 3442 apographo
838 3377 970 3427 edidi
1008 3377 1058 3427 C.
1087 3377 1122 3426 Ι.
1151 3375 1249 3425 Att.
1279 3377 1358 3442 III,
1390 3377 1508 3426 544.

366 3512 439 3584 [Ὁ
479 3518 653 3586 δῆμ]ος
695 3516 701 3587 Ι
743 3517 1073 3588 ΔηϊότΙοιρον1
1110 3516 1479 3588 ΔομΙνόριγοςῖ,
1523 3517 1529 3588 Ι
1571 3517 1894 3587 [Γ]αλ[οιτῶν3
1934 3519 2192 3588 βασιλέα4,

367 3601 546 3671 ἀρετῆς
586 3601 592 3672 Ι
641 3603 819 3672 ἕνεκα]
