2314 3970
188 218 255 268 60
867 213 916 253 11.
963 212 1164 264 Regnum
1196 210 1474 263 Lagidarum.
1529 216 1531 218 ’
2032 209 2163 261 184-—

186 386 447 429 hominibus
479 387 596 428 dona
628 386 781 427 offerri
814 386 1028 426 statuens.
1091 383 1358 424 Genetivum
1398 386 1639 436 utramque
1681 384 1772 425 vim
1812 383 1979 425 habere
2015 393 2165 436 posse,

186 459 264 500 sed
297 462 487 511 utraque
519 458 842 510 significatione
873 456 982 497 satis
1003 467 1158 496 rarum
1180 466 1279 496 esse
1301 457 1492 496 constat.
1542 454 1635 496 Nec
1656 455 1899 508 quicquam
1924 455 2166 496 Perdrizeti

186 532 432 572 sententiae
463 530 617 572 auxilii
648 515 821 570 accedit
862 539 917 569 ex
955 526 1086 568 titulo
1125 528 1323 568 incertae
1365 527 1549 579 originis
1582 527 1625 567 C.
1660 528 1690 568 I.
1724 530 1770 568 G.
1806 531 1914 569 4959
1954 522 2166 583 Ἀρσινόης

184 601 310 649 θεᾶς
342 599 628 658 Φιλαδέλφου.
686 600 800 642 Nam
822 600 944 640 hunc
975 600 1087 640 alius
1109 600 1285 652 generis
1317 609 1416 640 esse
1437 600 1574 651 atque
1604 598 1703 640 illos
1731 599 1885 640 decem
1909 610 1964 639 ex
1985 599 2163 639 illorum

169 675 300 716 'miro
323 685 546 716 consensu
567 674 767 725 apparet.
816 671 972 714 Fuisse
1003 674 1154 713 autem
1177 672 1312 713 etiam
1336 670 1452 712 dona
1473 670 1530 711 ab
1555 669 1746 713 Arsinoe
1777 671 1886 712 deae
1908 669 2059 712 oblata
2080 681 2167 711 non

186 749 254 787 est
285 745 408 798 quod
439 745 775 786 demonstretur
807 743 873 796 (cf.
906 755 947 784 n.
974 746 1040 796 30,
1067 746 1103 784 4.
1139 746 1206 796 34,
1231 745 1283 794 4).
1343 742 1399 783 At
1430 743 1475 782 in
1506 753 1559 783 eo
1592 753 1783 784 numero
1815 754 1903 784 non
1934 741 2167 783 habendos

184 828 283 858 csse
314 817 484 870 lapides
508 827 623 870 quos
657 817 731 856 hic
762 817 1013 856 tractamus
1044 815 1118 856 illa
1148 815 1247 868 ipsa
1278 814 1530 855 constantia
1561 814 1707 867 docet,
1740 826 1830 867 qua
1861 814 2018 855 eadem
2049 813 2167 854 tituli

184 889 339 942 forma,
379 889 612 941 ceteroqui
649 888 912 940 neutiquam
951 887 1162 939 frequens
1215 886 1294 927 sed
1337 887 1541 938 quaesita
1578 886 1774 939 quadam
1815 886 2103 939 simplicitate
2142 898 2166 926 a

185 961 376 1002 sollenni
407 971 533 1001 more
564 959 897 1006 dedicationum
926 959 1198 1000 Graecarum
1231 958 1511 1011 aliquantum
1544 957 1805 1012 abhorrens,
1837 969 2166 1011 usquequaque

182 1033 310 1074 redit.
373 1031 608 1081 Quomodo
648 1033 767 1073 enim
799 1032 916 1073 inter
946 1033 1013 1073 tot
1043 1031 1249 1072 homines
1280 1031 1531 1084 Amorgios‚
1565 1030 1770 1084 Cyprios,
1811 1030 2011 1083 Lesbios,
2050 1030 2166 1070 The-

184 1115 325 1158 meos,
365 1104 517 1146 Parios
549 1104 604 1145 de
635 1103 860 1145 eiusmodi
890 1115 939 1144 re
970 1104 1211 1145 convenire
1242 1100 1450 1156 poterat?
1502 1101 1632 1151 Quod
1673 1102 1824 1144 Perdr.
1864 1105 1909 1143 et
1949 1102 2166 1143 rusticam

182 1176 383 1229 lapidum
415 1177 753 1229 simplicitatem
790 1178 835 1216 et
865 1175 1191 1216 nonnullorum
1222 1175 1427 1216 locorum
1458 1173 1539 1215 ubi
1569 1175 1687 1216 eruti
1719 1175 1809 1216 sint
1839 1174 2163 1216 obscuritatem

182 1249 330 1301 regiae
360 1248 694 1289 munificentiae
724 1259 886 1301 parum
929 1247 1170 1289 convenire
1202 1247 1443 1301 existimat,
1484 1247 1607 1289 haud
1638 1246 1834 1289 absurde
1869 1247 2051 1288 iudicat.
2110 1246 2168 1287 At

182 1321 317 1361 huius
357 1321 608 1372 argumenti
649 1319 826 1372 pondus
857 1318 1116 1372 infringitur
1146 1319 1184 1359 si
1215 1320 1459 1360 statuimus
1489 1330 1572 1372 per
1602 1331 1740 1360 unam
1782 1318 2062 1372 eandemque
2093 1328 2167 1359 oc-

183 1392 409 1433 casionem
444 1392 643 1444 reginam
676 1391 733 1432 ad
765 1392 918 1432 omnia
939 1391 1215 1432 Graecorum
1237 1391 1316 1443 qui
1338 1391 1384 1431 in
1405 1391 1675 1443 Lagidarum
1695 1391 1782 1432 fide
1807 1393 1957 1432 essent
1978 1389 2167 1431 delubra

182 1464 386 1505 eiusdem
417 1464 592 1516 generis
624 1463 741 1505 dona
771 1464 962 1516 misisse,
996 1475 1202 1515 quorum
1225 1463 1420 1504 tenuitas
1441 1464 1594 1504 nescio
1627 1475 1682 1505 an
1706 1463 1895 1505 eandem
1918 1462 2166 1504 modestiae

181 1535 510 1577 affectationem
543 1535 754 1576 habuerit
799 1546 915 1587 quae
953 1536 998 1575 in
1039 1536 1170 1577 titulo
1210 1535 1494 1576 observatur.
1554 1535 1704 1589 Atque
1743 1536 1947 1576 omnium
1979 1534 2164 1588 quidem

181 1608 379 1649 maxime
410 1607 646 1660 probabile
676 1608 901 1661 existimo,
941 1608 1063 1660 ipsas
1095 1608 1276 1660 nuptias
1307 1608 1552 1649 Ptolemaei
1583 1610 1627 1649 et
1657 1608 1870 1650 Arsinoes
1902 1608 1973 1648 his
2010 1617 2166 1648 mune-

182 1680 309 1721 ribus
341 1679 581 1721 offerendis
613 1690 768 1721 ansam
800 1678 1079 1732 praebuisse.

290 1880 362 1934 35
415 1883 557 1931 Basis
582 1896 768 1946 magna
787 1885 968 1931 ornata
994 1882 1308 1946 marginibus
1327 1883 1729 1948 prominentibus
1754 1896 1910 1948 supra
1938 1887 1987 1932 et
2016 1882 2164 1946 infra,

183 1974 326 2019 eruta
351 1971 468 2018 ante
493 1969 739 2034 templum
763 1968 1005 2035 Apollinis
1034 1968 1278 2034 Didymei.
1356 1969 1445 2018 Ed.
1486 1969 1542 2018 B.
1570 1969 1917 2018 Haussoullier
1950 1969 2073 2018 Rev.
2105 1969 2166 2018 de

180 2055 302 2123 phil.
332 2056 489 2107 XXIV
528 2052 702 2122 (4900)
741 2071 790 2121 p.
823 2055 924 2106 323
967 2042 1172 2121 (Etudes
1200 2070 1288 2105 sur
1313 2052 1557 2106 l’histoire
1584 2056 1646 2106 de
1673 2056 1807 2106 Milet
1830 2071 1880 2121 p.
1908 2054 2010 2123 67).

326 2196 676 2250 Βασίλισσοιν1
713 2197 1055 2267 ἶςΦιλωϊε-Ξραν2
1110 2197 1358 2267 βασιλέως
1406 2196 1413 2268 Ι
1463 2196 1783 2267 Πτολεμαίου
1841 2199 1865 2250 ὁ
1925 2199 2083 2268 δῆμος
2141 2199 2166 2248 ὁ

328 2282 591 2353 Μιλησίων
634 2283 638 2353 l
676 2279 925 2354 Ἀρτέμιδι
962 2281 1162 2353 Πυθείῃ
1181 2286 1213 2335 3.

298 2447 312 2483 4
364 2444 477 2483 Cum
508 2445 698 2496 nuptam
729 2443 868 2484 fuisse
898 2442 1170 2484 Phssoteram
1203 2444 1306 2493 (not.
1331 2443 1370 2495 2)
1402 2454 1548 2496 neque
1569 2444 1642 2485 hic
1666 2444 1892 2485 indicetur
1911 2455 2060 2496 neque
2089 2455 2165 2485 us-

181 2527 319 2567 quam
351 2516 596 2556 memoriae
627 2514 864 2567 proditum
895 2515 954 2555 sit
976 2514 1042 2566 (cf.
1066 2515 1101 2558 J.
1125 2516 1168 2556 P.
1191 2514 1387 2568 Mahaffy
1419 2516 1511 2556 The
1540 2516 1713 2569 empire
1744 2515 1792 2557 of
1817 2517 1894 2557 the
1924 2516 2165 2557 Ptolemies

179 2598 224 2639 p.
249 2586 359 2639 445),
391 2587 499 2627 huic
529 2597 712 2639 quoque
742 2587 860 2638 regis
890 2586 1007 2627 filiae
1038 2587 1216 2638 reginae
1247 2588 1594 2640 appellationem
1623 2588 1786 2641 virgini
1818 2589 2055 2629 etiamtum
2087 2588 2166 2629 ho-

181 2659 304 2699 noris
335 2669 473 2699 causa
502 2669 764 2700 concessam
796 2669 894 2700 esse
926 2660 1126 2712 apparet,
1158 2659 1282 2711 quod
1313 2659 1433 2700 idem
1465 2660 1510 2700 in
1541 2660 1638 2701 eius
1662 2671 1821 2702 sorore
1853 2662 1963 2702 natu
1994 2660 2165 2701 maiore

180 2730 371 2772 Arsinoe
401 2741 491 2771 usu
518 2730 695 2772 venisse
726 2730 1036 2771 demonstravi
1067 2730 1217 2771 n.441.
1270 2729 1331 2772 Cf.
1363 2731 1500 2772 etiam
1531 2743 1572 2772 n.
1599 2732 1714 2773 3501.
1849 2736 1872 2772 2
1914 2731 1974 2774 Cf.
2008 2732 2167 2773 Strabo

180 2802 295 2856 XVI,
320 2804 356 2856 ⁴,
381 2806 404 2843 5
435 2813 479 2856 p.
503 2805 585 2843 ’169
620 2802 736 2844 Cas.:
783 2800 867 2843 ἀπὸ
901 2801 948 2844 δὲ
979 2795 1154 2857 Ἡρώων
1185 2800 1353 2849 πόλεως
1383 2801 1562 2844 πλέουσι
1590 2801 1700 2845 κατὰ
1727 2803 1806 2859 τὴν
1837 2800 2164 2860 Τρωγοδυτικὴν

181 2870 494 2930 (Ἀρτεμίδωρός
525 2875 641 2931 φησι)
672 2871 792 2916 πόλιν
826 2871 932 2916 εἶναι
952 2870 1199 2930 Φιλωτέραν
1230 2870 1311 2915 ἀπὸ
1341 2878 1418 2929 τῆς
1449 2872 1639 2931 ἀδελφῆς
1667 2877 1742 2916 τοῦ
1774 2873 1972 2933 δευτέρου
2005 2872 2165 2918 Πτολε-

182 2943 308 3000 μαίου
339 2942 764 3002 προσαγορευθεῖσαν.
827 2946 970 2987 Schol.
1004 2946 1190 2987 Theocr.
1222 2945 1357 2999 XVII,
1389 2948 1490 2988 ⁴23:
1536 2944 1609 2988 καὶ
1637 2943 1782 2992 Λύκος
1823 2944 1870 2988 δὲ
1901 2944 1944 2988 ἐν
1974 2946 2038 3001 τῷ
2069 2946 2166 3002 περὶ

179 3013 396 3073 Νέστορος
425 3013 641 3075 ‘eminet-:v
675 3017 697 3060 ὁ
729 3012 1030 3074 Φιλάδελφός’,
1064 3031 1206 3076 φησιν,
1239 3012 1397 3071 ςοὗτος,
1430 3016 1702 3074 ὢικοδόμησε
1734 3017 1780 3060 δὲ
1807 3016 1880 3060 καὶ
1898 3024 1983 3060 τῶν
2004 3016 2163 3075 γονέων

179 3088 431 3149 ἀμφοτέρων
463 3087 721 3147 παμμεγέθη
759 3088 872 3144 ναόν,
910 3088 984 3131 καὶ
1018 3093 1112 3136 ταῖς
1153 3087 1359 3146 ἀδελφαῖς
1388 3084 1574 3146 Ἀρσινόῃ
1605 3089 1677 3132 καὶ
1709 3087 1932 3147 Φιλωτέρᾳ
1971 3091 2163 3147 (φωτῆρα

179 3163 277 3204 cod.
323 3162 592 3204 Emendavit
628 3163 852 3203 Letronne
883 3163 1063 3203 Recueil
1100 3162 1180 3203 des
1209 3161 1342 3204 inser.
1375 3173 1418 3215 p.
1450 3163 1561 3214 482).
1623 3163 1689 3203 Ex
1727 3164 1824 3204 eius
1863 3164 2044 3205 nomine
2084 3174 2163 3216 ap-

180 3234 369 3286 pellatae
400 3237 506 3276 sunt
535 3235 651 3276 duae
680 3234 832 3288 urbes,
865 3245 920 3276 ex
951 3234 1119 3287 quihus
1151 3235 1289 3275 altera
1321 3234 1377 3276 ad
1408 3234 1558 3275 lacum
1580 3234 1888 3276 Tiberiensem
1919 3235 2005 3276 sita
2036 3246 2162 3276 com-

181 3309 459 3347 memoratur
499 3319 524 3348 a
562 3306 750 3360 Polybio
779 3306 831 3360 V,
864 3310 930 3359 70,
964 3310 1002 3348 3.
1035 3309 1076 3347 4:
1133 3303 1357 3360 ἀναλαβὼν
1397 3304 1443 3347 δὲ
1479 3305 1557 3363 τὴν
1598 3303 1773 3360 δύναμιν
1813 3307 2074 3359 (Antiochus
2105 3307 2162 3347 111

181 3388 296 3418 anno
329 3380 409 3418 248
435 3389 472 3419 a.
505 3378 620 3430 Chr.)
661 3377 785 3425 αὐτὸς
818 3376 894 3434 μὲν
928 3375 1110 3420 ἐποιεῖτο
1151 3375 1230 3433 τὴν
1261 3374 1431 3434 πορείαν
1474 3376 1532 3424 ὡς
1570 3375 1637 3419 ἐπὶ
1668 3375 1936 3435 Φιλοτερίας·
1967 3399 2026 3407 -
2054 3375 2083 3433 ἡ
2115 3375 2162 3419 δὲ

181 3444 406 3506 Φιλοτερία
436 3452 574 3491 κεῖται
605 3444 703 3506 παρ’
730 3448 862 3507 αὐτὴν
893 3448 969 3506 τὴν
1002 3447 1154 3505 λίμνην
1187 3448 1247 3496 εἰς
1278 3447 1331 3505 ἣν
1374 3448 1395 3492 ὁ
1427 3446 1692 3505 καλούμενος
1718 3444 1939 3506 Ἰορδάνης
1969 3448 2160 3505 ποταμὸς

180 3516 416 3574 εἰσβάλλων
450 3516 581 3576 ἐξίησι
611 3519 735 3562 πάλιν
769 3521 828 3568 εἰς
859 3535 911 3563 τα
941 3519 1064 3563 πεδία
1093 3519 1146 3563 τὰ
1176 3519 1289 3577 παρὰ
1317 3520 1395 3575 τὴν
1428 3517 1610 3564 Σκυθῶν
1642 3519 1763 3564 πόλιν
1794 3520 2159 3578 προσαγορευομέ-

177 3604 254 3646 νην
285 3592 330 3631 et
360 3602 384 3631 a
415 3591 639 3643 Stephano
670 3593 887 3645 Byzantio
918 3605 951 3635 S.
975 3606 1016 3635 v.
1049 3589 1293 3649 Φιλωτέρα;
1333 3590 1422 3635 ἔστι
1457 3591 1531 3635 καὶ
1559 3591 1708 3651 κοίλης
1739 3590 1892 3648 Συρίας
1923 3589 2157 3649 Φιλωτέρα,

180 3662 237 3708 ὡς
268 3658 415 3718 Χάραξ
454 3660 496 3703 ἐν
536 3661 669 3719 ὀγδόῳ
707 3670 935 3722 χρονικῶν·
979 3665 1025 3707 τὸ
1065 3662 1230 3708 ἐθνικὸν
1268 3662 1424 3720 ταύτης
1456 3662 1713 3720 Φιλωτέριος
1753 3664 1819 3708 διὰ
1860 3662 1909 3707 τό
1943 3678 2057 3712 τινας
2087 3663 2158 3706 καὶ
