2314 3970
105 218 173 266 56]
589 215 832 256 Ptolemaei
863 216 919 255 Ill
951 215 1298 256 monumentum
1333 213 1596 265 Canopium.

1935 213 2081 290 ΔΡ]

243 391 268 441 6
305 388 469 459 πατὴρ
509 388 709 457 στέρξας
743 386 1016 458 ὠνόΙμασεν
1045 385 1126 440 ὁτὲ
1156 386 1242 457 μὲν
1283 385 1542 456 βασιλείαν
1583 383 1664 437 ὁτὲ
1703 382 1814 436 ὃὲ98
1851 386 2025 454 ὅρασιν
2039 386 2083 420 9⁹

245 475 412 541 αὑτοῦ,
454 473 539 525 καὶ
567 472 771 542 ἄγουσιν
801 474 950 543 αὖτῆι
987 473 1162 544 ἑορτὴν
1190 470 1275 525 καὶ
1301 473 1568 542 περίπλουν
1602 473 1653 524 ἐν
1679 470 1902 523 πλείοσιν
1934 470 2083 541 ἱεροῖς

242 565 338 614 τῶν
376 561 584 632 πρώτων
625 560 674 611 ἐν
714 560 896 613 τούτωι
932 563 1023 611 τῶι
1063 559 1194 628 μηνί,
1238 561 1288 611 ἐν
1317 561 1380 610 ῶι
1417 561 1448 629 ἡ
1490 558 1774 617 ἀποθέωσις
1813 557 1968 627 αὐτῆς
1997 558 2003 627 Ι
2033 559 2083 610 ἐν

244 649 400 719 ἀρχῆι
439 646 675 716 ἐγενήθη,
728 646 975 699 συντελεῖν
1014 643 1100 697 καὶ
1140 643 1433 715 βασιλίσσηι
1469 643 1739 715 Βερενίκηι
1773 648 1858 714 τῆι
1896 646 1953 697 ἐκ
1989 646 2085 695 τῶν

242 732 535 803 Εὐεργετῶν
574 732 707 785 θεῶν
748 735 799 785 ἐν
840 733 1000 784 ἅπασι
1037 732 1139 790 τοῖς
1185 728 1315 783 κατὰ
1364 730 1452 801 τὴν
1499 732 1672 802 χώραν
1715 731 1866 802 ἱεροῖς
1905 732 1956 783 ἐν
1995 733 2086 782 τῶι

242 818 365 890 Τυβὶ
407 818 524 889 μηνὶ
563 819 739 889 ἑορτὴν
778 818 865 871 καὶ
912 816 1198 889 πεΙρίπλουν
1249 814 1328 869 ἐπὶ
1376 818 1650 887 ἡμέρας100
1693 818 1939 888 τέσσαρας
1987 815 2084 869 ἀπὸ

244 904 772 975 ἑπτακαιδεκάτηςωῑ,
819 906 869 958 ἐν
908 906 964 974 ἧι
1003 906 1029 957 6
1066 903 1336 974 περίπλους
1382 902 1466 955 καὶ
1511 906 1542 973 ἡ
1584 907 1671 956 τοῦ
1708 905 1922 964 πένθους
1962 903 2088 956 ἀπό-

243 995 383 1052 λυσις
422 993 639 1062 ἐγενήθη
683 993 834 1061 αὐτῆι
879 990 1051 1062 τὴν102
1101 991 1287 1060 ἀρχήν·
1338 991 1630 1042 συντελέσαι
1667 986 1709 1042 δ’
1760 991 1914 1060 αὐτῆς
1951 987 2037 1042 καὶ
2078 988 2084 1060 Ι

247 1078 376 1150 ἱερὸν
425 1078 630 1149 ἄγαλμα
676 1081 895 1149 χρυσοῦν
945 1075 1173 1129 διάλιθον
1191 1077 1258 1113 10³
1301 1077 1353 1128 ἐν
1394 1073 1616 1128 ἑκάστωι
1633 1078 1699 1112 1⁰4
1743 1080 1839 1129 τῶν
1878 1077 2086 1147 πρώτων

242 1166 329 1219 καὶ
369 1165 613 1237 δευτέρων
658 1166 800 1234 ἱερῶν
815 1166 883 1200 ¹⁰5
919 1162 1005 1216 καὶ
1043 1163 1354 1233 καθιδρῦσαι
1392 1165 1442 1216 ἐν
1480 1165 1572 1216 τῶι
1613 1162 1786 1233 ἁγίωι·
1837 1165 1862 1215 ὃ
1904 1165 1929 1215 6
1968 1183 2089 1234 προ-

159 1267 214 1308 60
248 1255 411 1325 φήτης
426 1255 492 1290 1⁰⁶
529 1253 562 1322 ἤ
605 1251 710 1321 (τις)
727 1253 793 1288 ¹⁰⁷
829 1253 926 1304 τῶν
966 1252 1038 1310 εἰς
1054 1252 1122 1286 ¹⁰⁸
1158 1249 1211 1302 τὸ
1247 1248 1427 1302 ἄδυτον
1468 1251 1743 1321 εἰρημένων
1758 1253 1825 1287 1⁰9
1860 1250 1876 1322 ΙΙ
1916 1251 2088 1321 ἱερέων

244 1337 368 1410 πρὸς
406 1337 488 1390 τὸν
531 1336 794 1407 στολισμὸν
833 1340 929 1391 τῶν
969 1337 1188 1389 θεῶνΜθ
1232 1334 1360 1389 οἴσει
1405 1337 1456 1389 ἐν
1501 1338 1611 1397 ταῖς
1657 1335 1921 1408 ἀγκάλαις,
1970 1339 2087 1390 ὅταν

247 1428 299 1479 αἱ
338 1426 555 1485 ἐξοὸεἷαι
592 1423 677 1477 καὶ
715 1425 1020 1495 πανηγύρεις
1057 1427 1153 1476 τῶν
1182 1427 1369 1478 λοιπῶν
1410 1424 1543 1477 θεῶν
1581 1424 1912 1495 γίνωνταιῙΠ,
1954 1427 2089 1483 ὅπως

247 1511 339 1566 ὑπὸ
386 1510 581 1565 πάντων
632 1513 884 1583 ὁρώμενον
935 1511 940 1582 Ι
989 1514 1194 1580 τιμᾶται
1250 1509 1334 1563 καὶ
1373 1516 1731 1581 προσκυνῆται,
1776 1511 2088 1581 καλούμενον

101 1712 168 1775 »ἔτι
213 1731 350 1772 simili
396 1730 650 1772 constantia
699 1729 820 1770 filius
867 1727 941 1772 Ra
986 1729 1151 1770 audiat.
1221 1730 1368 1781 Atque
1414 1730 1499 1770 etsi
1544 1730 1681 1770 etiam
1726 1729 1858 1770 multi
1904 1729 1978 1770 alii
2019 1729 2090 1769 dei

98 1804 309 1857 Aegyptii
349 1803 610 1855 multaeque
652 1802 760 1843 deae
802 1802 1042 1854 aliquando
1083 1801 1162 1842 filii
1202 1801 1412 1854 filiaeque
1444 1802 1557 1842 Solis
1601 1801 1820 1854 dicantur,
1862 1804 2014 1843 tamen
2046 1803 2091 1841 in

98 1876 211 1918 illud
242 1887 323 1929 par
353 1876 440 1916 hoc
471 1875 715 1928 praecipue
746 1874 919 1926 cadere,
951 1874 1015 1914 ita
1043 1876 1095 1914 ut
1115 1874 1161 1914 in
1188 1874 1338 1925 regnis
1360 1873 1551 1915 deorum
1573 1874 1893 1915 enumerandis
1924 1874 1970 1914 hi
1999 1874 2090 1915 duo

99 1949 212 1990 Solis
266 1957 553 1990 successores
605 1948 938 1987 recenseantur.
1016 1947 1150 1987 Sacra
1206 1946 1356 1987 fratris
1407 1947 1671 1998 sororisque
1725 1946 2091 1999 frequentissima

100 2021 238 2062 tuisse
276 2031 358 2073 per
396 2022 539 2061 totam
581 2022 752 2060 terram
791 2030 843 2060 ac
881 2019 1079 2060 maxime
1122 2018 1309 2071 quidem
1351 2020 1397 2059 in
1427 2019 1633 2072 Aegypto
1676 2019 1899 2060 inferiore.
1962 2018 2090 2068 Quod

100 2103 208 2135 vero
239 2093 313 2133 hic
345 2092 399 2133 de
431 2091 560 2133 obitu
583 2091 790 2144 Taphnes
821 2091 1046 2144 legeretur
1076 2091 1207 2144 plane
1238 2102 1413 2132 novum
1435 2102 1548 2145 esse,
1581 2103 1728 2144 neque
1752 2093 1939 2133 omnino
1962 2102 2091 2144 prae-

103 2167 172 2206 ter
202 2165 348 2206 Osirin
378 2165 568 2216 eiusque
599 2164 837 2216 proximos
873 2163 928 2204 de
959 2163 1051 2205 ullo
1084 2175 1139 2204 ex
1171 2164 1365 2205 deorum
1395 2164 1724 2218 Aegyptiorum
1756 2175 1949 2205 numero
1983 2163 2094 2205 tales

108 2237 163 2278 de
201 2238 347 2277 morte
387 2236 576 2288 aliisque
612 2235 823 2276 humanis
861 2235 1043 2277 casibus
1090 2235 1265 2278 fabulas
1311 2238 1454 2277 notas,
1516 2236 1603 2277 Sed
1641 2236 1775 2277 huius
1823 2237 1992 2277 decreti
2034 2236 2089 2277 de

101 2321 256 2351 mense
277 2310 437 2350 mortis
459 2309 773 2350 testimonium
795 2308 1054 2350 confirmari
1075 2308 1331 2350 calendario
1353 2310 1399 2350 in
1421 2309 1589 2362 oppido
1611 2305 1763 2351 Esnek
1784 2310 1977 2361 reperto,
2009 2307 2089 2348 ubi

101 2383 250 2435 primo
281 2382 416 2422 huius
447 2381 616 2422 mensis
648 2380 719 2421 die
749 2381 1003 2433 perscripta
1033 2383 1153 2421 esset
1182 2382 1425 2434 panegyris
1458 2381 1566 2422 deae
1591 2378 1733 2434 Tafne
1762 2380 1880 2422 filiae
1910 2380 1981 2421 dei
2001 2376 2086 2422 Ra.

103 2458 155 2495 98
195 2453 240 2495 δὲ
271 2453 399 2495 abest
430 2452 486 2494 ab
516 2451 578 2506 A;
620 2453 700 2494 sed
731 2453 821 2494 iam
853 2453 1029 2505 priores
1061 2453 1259 2494 editores
1291 2453 1513 2506 particula
1544 2454 1687 2494 careri
1725 2464 1814 2494 non
1858 2463 1992 2506 posse
2022 2453 2089 2494 in-

101 2527 382 2579 tellexerunt,
430 2536 546 2578 quae
586 2525 746 2566 deinde
784 2527 966 2578 reperta
1003 2527 1073 2567 est
1113 2526 1159 2566 in
1204 2526 1452 2579 exemplari
1490 2523 1542 2568 B.
1700 2529 1752 2567 99
1791 2525 1939 2567 Etiam
1978 2525 2089 2567 aliae

103 2598 225 2652 deae,
257 2598 502 2651 praecipue
533 2598 749 2650 eponymi
781 2597 1062 2650 singularum
1093 2598 1292 2652 urbium,
1332 2599 1417 2639 hac
1447 2598 1695 2640 honorifica
1724 2598 1843 2640 oculi
1866 2598 1979 2639 Solis
2011 2609 2089 2651 ap-

101 2671 341 2724 pellatione
372 2669 624 2723 praedicari
655 2669 816 2711 solent.
869 2670 1072 2723 Lepsius.
1229 2674 1308 2712 400
1351 2665 1412 2726 ἐφ’
1438 2669 1605 2726 ἡμέρας
1635 2668 1690 2713 A.
1851 2673 1924 2711 404
1963 2668 2090 2712 ἑπτα-

100 2741 353 2798 καιδεκάτηι
382 2738 437 2783 A.
576 2744 657 2781 402
699 2743 814 2783 ΤΗΧ
844 2739 898 2783 A.
1035 2746 1114 2783 403
1156 2743 1356 2784 Gemmis
1389 2745 1602 2784 ornatum
1624 2754 1676 2784 ac
1697 2743 1975 2784 distinctum.
2028 2742 2089 2785 Cf.

101 2812 229 2867 Syll.²
246 2816 421 2866 586‚63.
445 2816 595 2866 588,4.
620 2815 824 2855 484.498.
916 2816 998 2855 404
1034 2815 1267 2857 ΕΝΑΣΤΩΙ
1301 2812 1356 2857 A.
1452 2818 1534 2856 405
1567 2815 1628 2857 Cf.
1651 2817 1742 2857 not.
1762 2812 1858 2857 438.
1950 2817 2032 2854 406
2065 2812 2087 2855 6

103 2883 149 2926 δὲ
179 2884 403 2942 προφήτης
431 2881 487 2938 A,
525 2883 546 2926 ὃ
579 2882 601 2926 ὁ
630 2884 855 2942 προφήτης
885 2883 937 2927 B.
991 2887 1056 2927 De
1083 2887 1318 2940 prophetis
1348 2887 1402 2929 cf.
1432 2889 1526 2928 not.
1550 2891 1619 2929 44.
1796 2890 1877 2928 407
1920 2887 2090 2927 Prono-

102 2968 219 3010 men,
258 2957 385 3009 quod
422 2968 529 2998 sane
567 2958 615 2997 in
644 2959 842 3010 utroque
873 2958 1122 3011 exemplari
1153 2960 1392 3013 omittitur,
1435 2959 1679 3001 desiderari
1718 2960 1899 3000 monuit
1934 2958 2089 3000 Miller.

106 3031 186 3070 408
223 3029 418 3071 ΤΩΝἹΣ
449 3025 505 3070 A.
663 3032 742 3069 409
786 3030 1097 3072 ΕΙΡΗΜΕΝΩΝ
1130 3031 1391 3084 exemplum
1422 3033 1683 3084 utrumque.
1745 3030 1875 3079 Quod
1906 3031 1944 3071 si
1975 3028 2092 3085 εἰρη-

105 3098 242 3154 μένων
273 3099 502 3153 scribitur,
543 3103 596 3141 ut
626 3100 796 3142 faciunt
835 3102 1035 3144 editores
1075 3114 1248 3156 omnes,
1285 3104 1446 3156 utique
1476 3114 1614 3144 sensu
1651 3113 1831 3144 cassum
1864 3104 1944 3143 est.
2006 3101 2091 3143 Sed

104 3169 336 3227 εἰρημένων
374 3183 459 3225 pro
496 3169 739 3228 ἡιρημένων
779 3168 849 3214 ‘ex
888 3174 953 3215 eis
985 3176 1065 3227 qui
1105 3175 1236 3216 electi
1276 3176 1349 3217 vel
1388 3177 1623 3217 constituti
1661 3177 1767 3216 sunt
1806 3174 1862 3215 ad
1900 3174 2091 3214 deorum

106 3243 346 3285 simulacra
377 3239 652 3285 exornanda³
683 3255 776 3286 non
807 3245 1004 3287 absurde
1036 3247 1215 3288 dicitur.
1276 3248 1334 3288 At
1375 3249 1440 3288 sic
1477 3258 1659 3300 quoque
1700 3246 1816 3287 male
1854 3245 1991 3287 habet
2030 3244 2091 3292 εἰς

104 3312 151 3354 τὸ
189 3313 342 3356 ἄδυτον
382 3328 474 3357 non
513 3316 708 3357 relatum
751 3317 807 3358 ad
835 3318 1030 3360 verbum
1069 3320 1218 3360 eundi.
1280 3319 1428 3368 Quare
1468 3331 1572 3360 cum
1610 3319 1769 3370 Lepsio
1813 3318 2091 3371 reliquisque

107 3385 353 3428 editoribus
385 3399 492 3429 sane
522 3387 758 3439 probabile
788 3391 1000 3432 existimo
1031 3394 1272 3444 peccatum
1303 3402 1402 3432 esse
1434 3402 1525 3431 non
1546 3390 1732 3442 quidem
1762 3390 1808 3431 in
1838 3390 1910 3432 his
1940 3400 2091 3432 exem-

106 3457 310 3509 plaribus
339 3460 604 3514 incidendis,
645 3461 724 3503 sed
755 3462 801 3503 in
832 3463 1081 3516 archetypo
1112 3464 1234 3504 unde
1263 3464 1375 3504 haec
1405 3463 1631 3515 exscripta
1662 3463 1768 3503 sunt
1798 3461 2091 3504 conficiendo.

108 3526 236 3575 Quod
263 3531 303 3571 si
333 3532 591 3585 statuimuS,
637 3535 757 3574 certe
801 3545 895 3576 non
940 3546 1047 3576 cum
1083 3535 1338 3575 Reinischio
1380 3535 1425 3574 et
1455 3534 1665 3575 Roeslero
1706 3531 1967 3592 ἐρχομένων,
2015 3534 2093 3576 sed

109 3609 210 3640 cum
246 3602 406 3655 Lepsio
445 3615 499 3644 ex
539 3616 582 3644 v.
618 3607 639 3645 ¹·
682 3603 1046 3662 εἰσπορευομένων
1086 3605 1421 3647 emendandum
1465 3608 1546 3647 est.
1695 3609 1776 3647 440
1817 3606 1878 3647 Cf.
1911 3609 2001 3647 not.
2027 3611 2091 3646 49..

110 3673 182 3710 444
238 3673 488 3716 ΓΙΝΟΝΤΑ
519 3673 573 3718 A.
635 3677 802 3718 Eadem
834 3678 926 3719 fere
956 3679 1147 3719 redeunt
1176 3690 1218 3718 n.
1243 3681 1310 3730 90,
1336 3680 1401 3718 44.
1428 3681 1492 3718 42.
