2314 3970
144 197 241 250 499]
794 197 1135 238 Monumentum
1165 196 1472 238 Adulitanum.
2018 197 2115 246 291
2192 208 2195 212 '

245 366 426 422 πάντα.
472 368 477 438 1
519 366 813 438 Ταγγαϊτῶν
829 370 874 404 34
909 367 1079 428 τοὺςῧῦ
1117 369 1266 440 μέχρι

247 457 344 507 τῶν
407 459 496 525 τῆς
559 453 813 525 Αἰγύπτου
871 455 1019 526 ὁρίων
1074 456 1266 508 οἰκοῦν-

247 542 391 599 τας36
501 538 755 600 ὑποτάξας
856 540 862 611 Ι
960 542 1267 600 πεζεύεσθαι

247 627 460 696 ἐποίησα
530 626 617 697 τὴν
681 626 794 680 ὁδὸν
859 626 956 679 ἀπὸ
1018 631 1114 680 τῶν
1177 631 1265 697 τῆς

170 725 220 767 15
254 714 378 782 ἐμῆς
461 712 719 782 βασιλείας
793 714 954 766 τόπων
1026 713 1043 785 ΙΙ
1117 712 1267 783 μέχρι
1320 716 1377 777 †⁰
1397 711 1596 782 [ἀννίνε]
1623 710 2040 784 καὶμετίνε;ἔ[τι
2065 714 2168 783 καὶ]

246 797 570 867 Αἰγύπτου37.
645 798 819 853 ἔπειτα
874 797 1116 852 Ἀννινὲῧθ
1179 797 1264 851 καὶ
1395 801 1478 851 νῦν
1530 801 1689 852 ταῦτα
1734 798 1798 853 τὰ
1836 801 1979 872 ἔ[θνη
2020 802 2167 871 ο]ῧτω

246 883 429 938 Μετινέ
445 887 571 953 3⁹†⁹,
611 886 662 938 ἐν
692 886 1031 957 ἀποκρήμνοις
1059 884 1265 955 οἰκοῧνΙ-
1395 886 1667 938 καλοῦνται
1703 889 1742 937 F

243 990 331 1029 τας
381 971 572 1041 ὄρεσιν,
621 969 909 1037 Σεσεάωῒῗ
954 971 1100 1031 ἔθνος
1150 972 1266 1024 ἐπο-
1324 967 1496 1040 ·1·f[⁶c]o't
1517 976 1606 1042 τῆς
1625 970 2018 1044 Βαρβα[ρ]ίας4’1
2043 973 2166 1044 ἔθνη

245 1057 459 1127 λέμησα,
513 1058 597 1117 οὓς
634 1057 720 1111 καὶ
762 1059 988 1128 μέγιστον
1028 1056 1112 1111 καὶ
1151 1060 1266 1109 δυσ-
1397 1058 1617 1111 ἐνταῦθα
1655 1059 1802 1128 δηλοῖ
1839 1063 1883 1110 R

141 1217 407 1260 Axomiticis
423 1219 575 1273 lingua
590 1219 903 1272 indigenarum
924 1213 1083 1271 (Ge‘ex)
1101 1219 1296 1260 exaratis
1319 1220 1668 1261 commemorari
1690 1220 1805 1261 hanc
1831 1221 2023 1274 gentem,
2049 1221 2128 1262 sed

142 1289 422 1342 frequentem
460 1292 696 1332 etiamtum
736 1291 859 1344 apud
894 1291 1177 1344 geographos
1208 1290 1409 1333 Arabum
1441 1303 1540 1333 esse
1571 1292 1668 1334 eius
1696 1293 1983 1347 memoriam,
2016 1304 2127 1345 quo-

143 1373 247 1402 rum
287 1363 433 1403 aetate
471 1363 654 1404 eaedem
695 1362 786 1404 fere
816 1374 898 1416 per
928 1363 1026 1404 illas
1057 1364 1261 1416 regiones
1297 1365 1395 1405 eius
1426 1365 1578 1417 partes
1609 1364 1801 1406 fuissent
1831 1366 1967 1418 atque
1997 1367 2128 1406 antea

142 1434 396 1489 Blemyum‚
443 1435 628 1477 adnotat
667 1436 904 1477 Dillmann.
976 1435 1205 1478 Nomades
1244 1436 1428 1478 fuerunt
1474 1438 1552 1489 qui
1601 1437 1817 1479 finitimos
1866 1438 2036 1491 rapinis
2083 1440 2128 1478 et

142 1507 478 1549 incursionibus
510 1507 784 1550 infestarent.
847 1508 980 1557 Quod
1011 1509 1074 1549 illi
1103 1519 1251 1562 usque
1283 1509 1340 1550 ad
1370 1508 1564 1563 Aegypti
1603 1509 1714 1550 fines
1745 1521 1823 1551 eos
1854 1511 2127 1563 pertinuisse

140 1579 355 1634 indicant,
385 1580 459 1621 hic
489 1591 597 1622 vero
628 1591 708 1622 rex
739 1580 978 1622 manifesto
1003 1581 1241 1634 Tanga‘itas
1272 1582 1389 1622 inter
1420 1582 1543 1635 ipsos
1570 1583 1615 1622 et
1634 1581 1892 1635 Aegyptum
1923 1582 2127 1624 habitare

143 1651 265 1705 dicit,
296 1652 343 1693 id
372 1652 654 1695 Dillmannus
686 1655 747 1695 ita
778 1653 1010 1707 expedivit
1038 1655 1091 1694 ut
1121 1654 1236 1696 duas
1258 1654 1462 1695 eiusdem
1492 1655 1687 1695 nationis
1710 1656 1864 1707 gentes
1890 1655 1961 1695 his
1982 1656 2126 1696 nomi-

142 1724 276 1766 nibus
308 1725 555 1778 appellatas
586 1728 817 1767 statueret.
967 1729 1016 1767 34
1059 1727 1130 1767 Sic
1160 1727 1219 1780 R,
1262 1723 1547 1784 ιτοαγγαΐτας
1588 1727 1638 1780 F,
1681 1727 1760 1768 sed
1803 1741 1852 1773 ας
1891 1728 1936 1767 in
1968 1738 2127 1768 rasura

142 1798 364 1850 rescripto
395 1799 439 1838 et
470 1800 659 1839 accentu
690 1799 847 1852 postea
880 1798 1065 1839 demum
1097 1798 1262 1852 addito,
1293 1800 1345 1840 ut
1375 1798 1497 1839 hune
1527 1810 1709 1851 quoque
1740 1798 1946 1839 codicem
1977 1800 2126 1851 primo

141 1870 400 1921 genetivum
422 1870 648 1924 habuisse,
682 1873 841 1924 postea
861 1870 1033 1912 librarii
1055 1870 1242 1912 arbitrio
1263 1872 1451 1925 propter
1479 1868 1699 1917 οἰκοῦντας
1722 1872 2035 1913 accusativum
2058 1882 2126 1912 re-

143 1942 343 1994 positum
365 1942 600 1995 probabile
622 1944 692 1984 sit.
749 1942 904 1996 Neque
925 1954 1033 1984 vero
1056 1943 1194 1984 ullam
1217 1942 1512 1985 offensionem
1534 1942 1671 1984 habet
1692 1944 1928 1995 genetivus
1950 1945 2126 1997 partiti-

139 2025 239 2055 vus.
295 2015 406 2055 Sane
445 2015 510 2056 sic
549 2026 649 2056 eam
689 2015 824 2056 modo
866 2017 1042 2068 partem
1086 2016 1229 2068 gentis
1272 2028 1297 2057 a
1336 2026 1384 2057 se
1421 2015 1729 2068 perdomitam
1772 2016 1992 2068 gloriatur
2031 2027 2124 2068 rex,

140 2098 222 2140 per
243 2087 373 2128 ouius
395 2086 505 2128 fines
528 2087 614 2128 iter
635 2088 681 2128 in
700 2088 958 2141 Aegyptum
981 2088 1235 2130 faciendum
1256 2090 1373 2140 erat;
1406 2088 1486 2130 sed
1507 2088 1594 2130 hoc
1616 2089 1752 2130 modo
1776 2089 1874 2130 eius
1895 2090 2124 2142 intererat,

141 2159 354 2211 quoniam
387 2159 461 2200 hic
491 2160 536 2200 et
566 2159 674 2201 alibi
704 2162 807 2201 ante
838 2161 989 2202 omnia
1021 2161 1299 2202 commercio
1331 2162 1637 2202 mercatorum
1668 2162 1790 2202 tutas
1821 2162 1918 2202 vias
1950 2161 2126 2214 aperire

141 2231 354 2273 studebat
386 2233 491 2284 (not.
517 2234 582 2273 48.
608 2234 675 2274 54.
698 2233 780 2285 70).
842 2233 1078 2286 Tangaitas
1116 2234 1342 2275 nationem
1376 2244 1491 2286 quae
1530 2232 1663 2274 hodie
1698 2230 1820 2274 ΤιῖΙοα
1857 2233 2126 2286 appellatur,

142 2304 494 2356 septentrionem
534 2315 696 2346 versus
744 2316 769 2346 a
808 2307 927 2346 terra
971 2302 1100 2360 Τόργε
1139 2317 1164 2346 a
1208 2306 1396 2346 flumine
1434 2302 1608 2347 Atbara
1652 2316 1798 2358 usque
1844 2305 1900 2346 ad
1940 2307 2124 2358 portum

141 2377 280 2417 maris
313 2376 440 2417 rubri
464 2373 674 2419 Sauak‘bn
703 2378 1005 2430 pertinentem
1034 2378 1358 2431 interpretatur
1377 2378 1598 2418 Letronne
1629 2377 1813 2419 Journal
1841 2377 1920 2419 des
1942 2379 2125 2419 savants

142 2450 252 2489 4825
285 2459 328 2501 p.
352 2451 425 2489 224
451 2459 548 2501 sqq.
579 2448 803 2502 probante
823 2449 1090 2491 Dillmanno.
1234 2453 1285 2490 35
1325 2450 1396 2491 Sic
1418 2461 1538 2490 nunc
1559 2450 1604 2490 in
1624 2449 1653 2490 F
1676 2451 1757 2503 est,
1790 2450 1870 2490 sed
1891 2451 2124 2502 antiquam

143 2521 417 2573 scripturam
448 2520 686 2563 manifesto
717 2523 937 2563 mutatam
974 2533 1074 2563 esse
1111 2533 1164 2563 ac
1200 2526 1285 2563 τῶν
1325 2522 1467 2564 fuisse
1504 2522 1650 2563 videri
1687 2523 1881 2563 testatur
1912 2522 2122 2575 Lagarde.

138 2591 190 2634 τὰ
220 2593 276 2647 R,
318 2593 443 2646 quod
479 2593 552 2634 ille
593 2595 776 2647 recepit,
818 2595 982 2636 iniuria
1019 2595 1058 2636 si
1098 2594 1209 2647 quid
1239 2595 1386 2636 video.
1446 2594 1562 2637 Nam
1599 2596 1652 2635 ut
1688 2592 1741 2636 τὰ
1772 2592 1900 2652 μέχρι
1930 2600 2014 2636 τῶν
2044 2598 2123 2651 τῆς

140 2661 356 2723 Αἰγύπτου
399 2663 522 2725 ὁρίων
561 2667 911 2720 reprehensione
947 2669 1083 2721 caret,
1123 2668 1188 2708 sic
1229 2664 1478 2725 Ταγγαϊτῶν
1521 2666 1741 2714 οἰκοῦντας
1791 2667 1887 2709 sine
1933 2668 2123 2709 articulo

140 2736 239 2786 τοὺς
271 2739 504 2780 soloecum
536 2740 606 2780 est
634 2741 680 2780 et
709 2740 839 2792 plane
860 2739 1157 2781 intolerabile.
1210 2739 1358 2788 Quare
1387 2738 1486 2786 τοὺς
1517 2741 1777 2782 coniectura
1808 2740 1993 2793 quidem
2025 2751 2123 2782 esse

140 2810 322 2852 videtur
352 2811 523 2852 librarii
555 2811 607 2865 F,
641 2812 719 2853 sed
752 2813 937 2854 omnino
970 2813 1236 2855 necessaria.
1400 2816 1452 2853 36
1493 2813 1553 2854 Cf.
1586 2815 1681 2855 not.
1706 2816 1772 2854 34.
1938 2816 1989 2853 37
2030 2814 2060 2855 1.
2086 2825 2122 2855 e.

68 2927 69 2930 ,
140 2894 288 2936 usque
320 2883 376 2924 ad
406 2884 624 2925 terminos
654 2884 834 2938 imperii
864 2886 1068 2939 Romani,
1099 2885 1269 2939 quibus
1300 2884 1527 2927 abstinere
1559 2886 1713 2927 multis
1746 2885 1801 2926 de
1823 2886 1972 2927 causis
2004 2887 2121 2938 regis

140 2955 367 2998 intererat.
419 2957 686 2998 Mommsen.
863 2961 916 3000 38
953 2960 1186 3000 ΑΝΝΗΝΘ
1223 2959 1280 2999 R.
1343 2959 1459 2999 Gens
1497 2959 1662 3011 ignota.
1848 2961 1899 2999 39
1940 2957 2006 2999 Ne
2036 2959 2124 2999 hoc

140 3028 323 3080 quidem
356 3040 522 3070 nomen
553 3028 660 3069 alibi
691 3031 901 3072 occurrit.
961 3030 1204 3084 Utramque
1235 3042 1344 3072 vero
1375 3031 1603 3072 nationem
1636 3030 1990 3084 septentrionem
2022 3041 2123 3070 ver-

141 3111 219 3142 sus
250 3101 307 3142 ab
337 3101 499 3143 Axomi
536 3102 662 3143 iuxta
701 3103 817 3156 Bega
855 3104 900 3144 et
930 3103 1168 3157 Tanga'itas
1209 3103 1349 3145 fuisse
1388 3104 1599 3157 opinatus
1641 3104 1710 3144 est
1747 3104 1806 3143 St.
1834 3103 2008 3155 Martin,
2048 3104 2121 3143 cui

68 3183 71 3186 ·
141 3174 262 3214 recte
295 3173 559 3226 obloquitur
588 3175 824 3216 Dillmann.
876 3175 1052 3217 Etenim
1082 3175 1240 3217 finium
1262 3176 1456 3230 Aegypti
1483 3176 1652 3217 mentio
1675 3175 1967 3228 demonstrat,
1999 3175 2120 3216 illam

140 3246 323 3298 quidem
353 3248 529 3300 partem
562 3258 722 3289 versus
751 3248 870 3290 ultra
898 3249 1137 3302 Tanga'itas
1167 3249 1277 3290 nihil
1309 3248 1504 3301 amplius
1527 3259 1663 3300 regno
1689 3247 1873 3300 adiungi
1903 3248 2120 3300 potuisse.

141 3317 287 3365 Quare
328 3318 385 3360 ad
425 3318 741 3361 meridionales
781 3321 937 3373 potius
977 3322 1022 3362 et
1062 3321 1362 3363 occidentales
1400 3320 1511 3361 fines
1541 3320 1803 3361 Abessiniae
1843 3320 1889 3359 in
1922 3320 2121 3372 margine

142 3392 404 3444 praerupto,
436 3402 528 3443 quo
561 3392 803 3433 montuosa
831 3394 954 3446 regio
977 3393 1034 3434 ad
1056 3404 1271 3446 campum
1301 3389 1534 3435 Samhara
1564 3391 1830 3444 demittitur,
1862 3391 1944 3432 has
1965 3393 2120 3443 gentes

143 3463 423 3514 quaerendas
454 3474 566 3504 esse.
716 3466 766 3504 40
806 3464 939 3518 Regio
972 3466 1136 3518 ignota.
1189 3465 1398 3506 Priorum
1423 3465 1707 3505 coniecturas
1729 3463 1852 3504 nulla
1874 3463 2120 3516 probabili-

142 3535 233 3574 tate
263 3535 601 3576 commendatas
633 3535 732 3576 iure
754 3537 909 3578 reiecit
927 3537 1167 3579 Dillmann.
1317 3539 1361 3577 4⁴
1407 3535 1602 3588 Lagarde
1634 3546 1677 3588 p.
1701 3538 1780 3575 203
1814 3537 2035 3588 provocat
2065 3536 2121 3576 ad

144 3605 447 3648 Ptolemaeum
480 3607 635 3660 Geogr.
658 3607 729 3662 IV,
755 3611 793 3662 7,
815 3612 867 3649 40
900 3621 943 3663 p.
969 3613 1065 3664 779,
1087 3612 1140 3650 44
1178 3605 1207 3664 ἡ
1240 3606 1275 3648 δ’
1299 3605 1493 3650 ἐντεῦθεν
1534 3608 1572 3660 (a
1602 3607 1767 3649 finibus
1798 3607 2120 3661 Trogodytices

143 3679 527 3731 meridionalibus)
561 3677 688 3738 μέχρι
715 3682 790 3720 τοῦ
813 3674 997 3723 ‘Pati-:roo
1031 3678 1298 3738 ἀκρωτηρίου
1330 3677 1536 3736 παράλιος
1558 3682 1671 3722 πᾶσα
1693 3675 1928 3738 Βαρβαρία,
1960 3674 2121 3727 Ἀζανία

1735 3764 1817 3807 49*
