2314 3970
262 226 364 274 466
924 221 973 297 V.
1023 221 1221 297 Regnum
1253 219 1564 260 Attalidarum.
2077 221 2236 273 [293.-

412 395 437 445 «3
485 392 564 444 ἐπὶ
611 395 706 443 τῶν
755 389 1101 461 πραγμάτ]ων,
1154 391 1352 462 ἀΙρετῆς
1398 392 1562 443 ἕνεκεν
1613 391 1619 461 Ι
1666 390 1751 444 καὶ
1799 392 1997 451 εὐνοίας
2043 396 2131 462 τῆς
2170 392 2239 451 εἰς

405 479 616 544 ὲαοτόν].

262 654 460 696 interfuit
492 654 597 705 (Liv.
620 651 857 705 XXXVIII,
885 654 949 704 42,
975 652 1026 705 8),
1062 663 1178 693 anno
1203 654 1284 692 488
1317 652 1473 692 classis
1496 652 1792 704 Pergamenae
1818 653 2062 705 imperium
2084 652 2242 693 habuit
2296 697 2305 706 Ι,

263 727 367 778 (Liv.
390 725 628 777 XXXVIII,
654 726 718 777 40,
745 724 796 777 3),
828 735 944 765 anno
978 727 1058 764 483
1092 724 1148 765 ab
1176 723 1375 764 Eumene
1397 723 1585 764 Romam
1618 724 1784 764 missus
1815 726 1884 764 est
1914 725 1964 764 ut
1986 724 2241 777 Philippum
2292 723 2298 761 ,ἱ

263 809 412 850 regem
449 796 745 838 Macedonum
781 798 1015 837 accusaret
1053 795 1223 848 (Polyb.
1253 795 1408 848 XXIII,
1433 798 1471 848 4,
1495 797 1533 836 4.
1579 796 1671 836 Liv.
1695 796 1891 848 XXXIX,
1917 797 1982 848 46,
2008 796 2061 843 9).
2123 796 2241 837 Bello

262 869 409 910 Persei
431 881 468 910 a.
489 871 563 908 474
591 880 628 909 a.
642 867 742 908 Chr.
775 867 973 908 Attalum
994 867 1177 908 fratrem
1198 867 1412 907 Romanis
1430 867 1648 907 auxilium
1667 866 1880 908 ferentem
1907 868 1950 907 in
1968 867 2241 907 Thessaliam

261 942 503 982 comitatus
525 942 594 980 est
615 940 722 992 (Liv.
744 939 870 993 XLII,
893 942 960 993 55,
985 940 1038 990 7),
1071 951 1108 980 a.
1134 941 1214 978 467
1238 938 1386 979 a.Chr.
1440 939 1485 979 L.
1507 939 1685 979 Aemilii
1708 939 1849 979 Paulli
1865 950 1946 991 per
1966 939 2242 980 Thessaliam

263 1013 460 1065 Delphos
492 1013 578 1053 iter
599 1012 800 1053 facientis
823 1012 962 1053 latera
993 1012 1106 1052 texit
1138 1011 1304 1063 (Livius
1324 1010 1452 1063 XLV,
1478 1014 1545 1063 27,
1569 1011 1621 1062 6).
1672 1010 1798 1051 Anno
1833 1013 1912 1051 463
1947 1010 2003 1052 ad
2034 1012 2244 1051 senatum
2289 1019 2302 1063 j

263 1087 432 1126 missus
463 1086 545 1138 est,
587 1086 638 1125 ut
668 1085 851 1125 Prusiae
883 1083 1150 1125 criminibus
1183 1083 1366 1124 obviam
1398 1084 1482 1123 iret
1514 1082 1685 1136 (Polyb.
1713 1083 1871 1136 XXXI,
1902 1083 2070 1135 2sqq.).
2132 1083 2244 1124 Cum
2291 1079 2305 1131 [-

261 1157 437 1199 Attalus
470 1158 506 1197 II
538 1168 691 1198 rerum
722 1157 896 1210 potitus
928 1158 1060 1209 esset,
1092 1156 1166 1196 hic
1196 1166 1379 1208 quoque
1411 1154 1546 1196 fratre
1576 1154 1722 1207 legato
1756 1166 1869 1196 usus
1900 1157 1981 1208 est,
2014 1156 2091 1208 qui
2124 1154 2246 1208 apud
2291 1147 2302 1211 ᾖ

261 1231 486 1272 Romanos
526 1230 580 1271 de
611 1230 797 1270 Prusiae
837 1229 1013 1270 iniuriis
1044 1230 1313 1281 quereretur
1354 1227 1523 1280 (Polyb.
1545 1227 1724 1281 XXXII,
1749 1230 1815 1281 28,
1839 1231 1877 1269 4.
1924 1227 2119 1281 ΧΧΧΙΙΙ,
2144 1230 2182 1280 4,
2206 1227 2244 1278 4)
2291 1215 2298 1230 ”

263 1314 378 1344 anno
413 1306 492 1344 455
526 1313 562 1343 a.
589 1302 688 1342 Chr.
712 1313 752 1342 n.
804 1302 1006 1354 Denique
1038 1312 1153 1342 anno
1187 1302 1267 1341 454
1301 1300 1347 1340 in
1377 1299 1495 1341 bello
1527 1299 1653 1353 quod
1682 1298 1858 1340 Attalus
1889 1299 2109 1340 adversus
2138 1300 2246 1340 Pru·
2286 1313 2297 1338 ν.

263 1376 376 1416 siam
408 1374 592 1427 gerebat
622 1373 789 1427 oppida
810 1374 866 1414 ad
887 1373 1227 1426 Hellespontum
1250 1373 1335 1414 sita
1357 1373 1553 1414 vastavit
1584 1372 1752 1425 (Polyb.
1775 1372 1972 1425 XXXIII,
1991 1375 2058 1425 43,
2083 1375 2098 1412 4
2119 1372 2245 1424 sqq.)
2285 1370 2290 1398 ³

263 1448 372 1488 Post
408 1447 530 1487 hunc
570 1457 736 1487 annum
770 1457 860 1486 non
891 1445 1087 1498 amplius
1118 1446 1517 1486 commemoratur.
1580 1443 1664 1492 Qui
1695 1456 1736 1485 n.
1763 1447 1857 1497 345,
1882 1447 1933 1485 35
1966 1444 2114 1496 primo
2146 1443 2245 1484 loco
2294 1478 2296 1483 ,

262 1520 380 1560 inter
417 1519 533 1571 regis
564 1518 699 1559 Attali
729 1519 767 1558 ΙΙ
806 1517 1089 1559 consiliarios
1132 1518 1518 1558 commemoratur
1547 1516 1816 1570 Athenaeus,
1859 1516 1955 1556 sine
1995 1515 2135 1557 dubio
2174 1515 2247 1556 hic
2288 1528 2298 1575 '³ss

264 1591 400 1633 frater
431 1592 540 1632 natu
571 1591 788 1631 minimus
829 1590 947 1642 regis
977 1591 1059 1631 est.
1122 1589 1252 1638 Quod
1282 1600 1390 1630 vero
1428 1600 1575 1641 neque
1616 1589 1662 1629 in
1702 1589 1790 1629 hoc
1827 1588 1976 1642 titulo,
2017 1599 2164 1641 neque
2200 1588 2246 1628 in

264 1665 362 1706 aliis
393 1665 473 1717 qui
502 1664 639 1705 Attali
669 1664 708 1703 II
739 1665 884 1704 aetate
913 1663 1044 1703 incisi
1075 1662 1292 1703 Athenaei
1322 1661 1599 1702 mentionem
1631 1661 1800 1702 faciunt
1838 1661 1893 1714 (n.
1919 1664 2014 1714 349,
2038 1663 2090 1702 45
2131 1658 2246 1715 βασι·
2287 1647 2293 1698 ’ζ

263 1734 373 1782 λὲως
401 1730 597 1778 Ἀττάλου
628 1733 700 1777 καὶ
728 1730 949 1790 Ἀθηναίου
981 1737 1055 1776 τοῦ
1088 1732 1288 1790 ἀδελφοῦ.
1340 1746 1381 1775 n.
1408 1737 1501 1775 320.
1530 1737 1625 1774 324.
1671 1733 1857 1774 Alterth.
1880 1745 1923 1774 v.
1946 1733 2069 1785 Perg.
2086 1733 2197 1786 VIII,
2220 1735 2236 1772 4

266 1821 308 1862 p.
332 1812 414 1850 426
446 1821 488 1850 n.
512 1808 608 1860 249)
640 1808 876 1850 Philetaeri
909 1819 1076 1848 nomen
1095 1808 1336 1861 invenitur,
1370 1807 1473 1848 inde
1493 1806 1730 1860 probabile
1759 1806 1821 1860 fit,
1853 1817 1958 1846 eum
1992 1805 2059 1857 (cf.
2091 1806 2182 1846 not.
2207 1804 2245 1857 9)

265 1883 356 1922 iam
386 1881 585 1922 Eumene
615 1882 829 1934 regnante
860 1892 1131 1934 supremum
1162 1881 1282 1921 diem
1315 1879 1498 1921 obiisse.

375 2109 482 2164 297
541 2114 685 2163 Basis
743 2128 1033 2163 marmorea
1085 2113 1294 2162 inventa
1339 2112 1612 2162 Calaureae
1658 2108 1848 2178 (Poro).
1923 2110 2001 2159 Ex
2045 2110 2245 2160 schedis
2276 2091 2314 2154 Γ

268 2201 465 2266 Cyriaci
492 2201 566 2250 ed.
596 2201 858 2250 Reinesius
884 2199 1025 2266 Synt.
1054 2201 1202 2250 inser.
1234 2199 1301 2249 Cl.
1330 2200 1396 2248 III
1432 2216 1481 2265 p.
1513 2200 1615 2248 336
1655 2214 1703 2247 n.
1730 2195 1813 2264 87,
1854 2213 1919 2247 ex
1942 2198 2054 2264 ipso
2079 2197 2246 2263 lapide
2276 2182 2279 2198 ¹

269 2288 522 2338 Chandler
576 2288 730 2337 Inscr
771 2288 815 2336 ΙΙ
852 2303 901 2353 p.
940 2288 1005 2336 80
1045 2302 1092 2336 n.
1129 2286 1219 2335 434
1290 2285 1512 2353 (Boeckh
1570 2284 1620 2335 C.
1659 2286 1692 2334 I.
1733 2285 1787 2334 G.
1829 2282 2000 2350 1488).
2083 2280 2287 2333 Lebas

265 2376 419 2424 Inscr.
447 2375 492 2423 II
521 2371 657 2423 4756
699 2375 793 2440 (W.
825 2374 1072 2424 Prellwitz
1112 2388 1192 2439 ap.
1224 2372 1396 2424 Collitz
1435 2372 1518 2422 Gr.
1548 2370 1931 2421 Dialektinschr.
1960 2371 2026 2420 III
2062 2386 2111 2436 p.
2146 2370 2243 2418 480
2308 2363 2314 2469 Ι

266 2477 315 2511 n.
330 2459 486 2510 3379.
549 2461 635 2511 Ch.
650 2461 828 2511 Michel
855 2461 1055 2510 Recueil
1084 2457 1284 2510 d’inscr.
1315 2459 1396 2510 Gr.
1426 2476 1477 2526 p.
1492 2459 1591 2508 864
1621 2474 1669 2508 n.
1686 2457 1839 2510 4270.
1895 2456 1966 2507 Cf.
1997 2456 2248 2507 Meischke

269 2548 540 2613 Symbolae
578 2548 644 2597 ad
681 2548 919 2598 Eumenis
959 2548 1001 2596 II
1037 2547 1307 2598 historiam
1343 2563 1393 2613 p
1421 2545 1555 2611 404).
2307 2546 2309 2564 ²

414 2687 649 2759 [Βασιλ]ῆ
698 2687 959 2759 ΕὐμένεαῙ
1001 2687 1007 2760 Ι
1053 2689 1284 2761 βασιλέος
1329 2684 1593 2741 Ἀττάλου2
1634 2686 1639 2757 Ι
1683 2687 1716 2739 ἁ
1751 2687 1893 2745 πόλις
1934 2685 1966 2737 ἁ
2003 2686 2099 2736 τῶν
2191 2592 2314 2754 α-ΙΙ

359 2791 383 2831 5
412 2778 727 2847 λαυρεατᾶν3
778 2775 783 2846 Ι
836 2776 1056 2845 ἀνέθηκε
1107 2776 1288 2847 ἀρετᾶς
1334 2775 1498 2828 ἕνεκεν
1535 2773 1552 2845 ΙΙ
1587 2770 1671 2826 καὶ
1719 2771 2005 2844 εὐεργεσίας
2051 2774 2139 2852 τᾶς
2178 2791 2248 2830 εις
2139 2681 2314 2964 Kc}

415 2882 467 2915 τε
509 2860 516 2933 Ι
553 2861 637 2932 [τ]
600 2863 673 2932 ]ον
713 2861 866 2915 θεὸν4
902 2861 988 2914 και
1028 2859 1184 2916 αὐτὰν
1227 2861 1231 2932 Ι
1273 2860 1358 2914 καὶ
1395 2860 1508 2921 τοὺς
1548 2859 1731 2919 ἄλλους
1754 2852 2024 2918 (ἫΕλλανας
2263 2865 2306 2943 ’ξς

384 3038 577 3079 Litterae
607 3037 814 3090 volgares
844 3038 1024 3090 praeter
1057 3038 1188 3078 ΠΘΣ.
1336 3040 1352 3077 4
1393 3036 1616 3077 Eumenes
1649 3036 1686 3075 ΙΙ
1719 3035 1894 3087 (497-4
1908 3036 1959 3074 59
1992 3045 2031 3074 a.
2054 3031 2154 3073 Chr.
2177 3013 2305 3083 n.).sff.
2302 3059 2305 3086 ,

271 3114 294 3151 2
333 3110 549 3151 Attalusl
582 3110 821 3162 (244-497
846 3121 883 3150 a.
903 3109 1003 3150 Chr.
1028 3108 1098 3160 n.).
1248 3112 1269 3147 3
1311 3109 1423 3150 Cum
1454 3119 1537 3161 per
1566 3109 1716 3149 totum
1747 3106 1960 3148 Eumenis
1991 3106 2030 3145 II
2059 3112 2272 3157 regnumsz
2302 3090 2304 3110 ¹

270 3182 436 3234 Aegina
465 3183 510 3223 in
541 3182 720 3223 dicione
751 3182 868 3234 regis
899 3181 1046 3235 fuerit,
1079 3182 1188 3222 satis
1220 3192 1382 3223 causae
1403 3181 1541 3222 fuisse
1572 3181 1759 3233 apparet
1780 3178 2053 3220 Calaureatis
2074 3176 2269 3229 vicinis,}

271 3266 354 3295 cur
385 3265 536 3306 regem
567 3253 655 3294 sibi
685 3253 925 3295 colendum
957 3255 1092 3306 atque
1123 3253 1460 3295 observandum
1491 3253 1812 3293 existimarent.
1873 3250 1958 3291 Sed
1988 3250 2269 3302 quicunque,-

272 3327 468 3367 honores
493 3326 684 3366 Eumeni
715 3326 883 3367 decreti
913 3326 1041 3366 erant
1070 3336 1151 3378 per
1181 3325 1372 3367 foederis
1393 3325 1575 3366 Achaici
1607 3325 1825 3377 civitates,
1857 3333 1934 3363 eos
1966 3321 2116 3374 paullo
2148 3322 2250 3362 ante

274 3410 442 3440 annum
465 3401 545 3439 472
568 3398 772 3440 a.Chr.n.
797 3410 822 3439 a
843 3398 1032 3439 concilio
1054 3397 1337 3438 Achaeorum
1360 3397 1576 3451 sublatos,
1608 3409 1724 3438 anno
1746 3393 1904 3451 ⁴7⁰s⁶9
1926 3405 2037 3436 vero
2071 3393 2251 3446 petente

272 3470 437 3524 Attalo,
476 3472 661 3523 rogante
699 3470 904 3511 Archene
942 3471 1165 3524 praetore,
1212 3471 1414 3511 oratione
1453 3470 1735 3522 rogationem
1776 3468 2019 3509 adiuvante
2061 3464 2263 3518 Polybioz·

273 3543 523 3595 hipparcho
555 3543 790 3584 restitutos
818 3553 917 3584 esse
939 3543 1128 3584 constat.
1180 3541 1241 3583 Cf.
1264 3542 1418 3595 Polyb.
1442 3541 1637 3595 XXVIII,
1660 3544 1699 3582 7.
1735 3543 1800 3594 42,
1826 3543 1862 3580 7.
1913 3540 1960 3579 In
1983 3550 2037 3579 eo
2061 3546 2247 3579 numero

274 3615 410 3655 etiam
452 3615 820 3656 Calaureatarum
867 3616 1065 3656 statuam
1111 3614 1262 3667 fuisse,
1309 3615 1360 3654 ut
1400 3614 1512 3655 haec
1551 3624 1689 3665 quam
1729 3614 1935 3653 tenemus
1973 3610 2096 3652 basis
2134 3618 2247 3651 anno

279 3683 433 3740 ⁴7⁰s⁶9
457 3699 493 3727 a.
514 3687 614 3727 Chr.
648 3698 737 3727 non
759 3687 968 3728 videatur
999 3686 1228 3738 antiquior
1259 3695 1370 3738 esse,
1404 3685 1699 3738 probabiliter
1727 3683 1975 3736 disputavit
2005 3678 2246 3724 Meischke.

2298 3447 2301 3480 Ι

2293 3726 2297 3791 4
