2314 3970
213 194 317 246 366
853 192 923 231 lv.
970 192 1169 242 Regnum
1204 189 1554 230 Seleucidarum.

2089 186 2186 237 [229

305 380 328 419 5
358 363 518 416 πάντα
573 362 781 431 δεύτερα
835 357 1151 430 ἡγησάμενος
1209 357 1342 411 εἶναι
1395 356 1515 427 πρὸς
1570 356 1624 410 τὸ
1679 355 1950 427 διαμεῖΙΙναι
2003 356 2054 407 ἐν
2107 360 2192 423 τῆι

359 454 549 521 αἱρέσει
586 448 672 502 καὶ
712 448 1078 519 ἀντιλαβέσθαι
1114 450 1224 516 τῶμ
1247 443 1591 517 π[ρ]αγμάτων
1624 443 1755 499 κατὰ
1782 446 1870 516 τὴν
1899 446 2081 497 ἑαυτοῦ
2108 443 2194 496 δύ-

357 557 501 606 ναμιν
529 537 711 589 καθότι
750 537 798 593 ἐξ
827 535 989 606 ἀρχῆς
1018 533 1295 602 ὑπέσστη5·
1336 530 1412 584 διὸ
1444 532 1451 602 Ι
1480 530 1566 584 καὶ
1604 534 1629 583 ὁ
1668 530 1901 603 βασιλεὺς
1930 530 2190 595 Σέλευκος,

359 623 576 692 εὐσεβῶς
626 618 690 672 τὰ
740 619 864 691 πρὸς
912 617 1027 678 τοὺς
1072 617 1222 677 θεοὺς
1272 618 1585 687 διακείμενος
1631 615 1718 669 καὶ
1756 618 2092 688 φιλοστόργως
2129 613 2194 666 τὰ

357 706 477 778 πρὸς
525 705 639 765 τοὺς
695 707 871 776 γονεῖς,
932 704 1299 776 μεγαΙλόψυχος
1346 706 1414 756 ὢν
1462 701 1550 755 καὶ
1597 701 1928 772 ἐπιστάμενος
1977 699 2197 772 χάριτας

360 795 656 846 ἀποδιδόναι
694 793 796 852 τοῖς
835 790 1010 845 ἑαυτὸν
1051 791 1406 861 εὐεργετοῦσιν,
1457 788 1688 858 ἐτίμησεν
1735 789 1836 860 τὴμ
1873 789 2015 841 πόλιν
2052 789 2195 857 ἡμῶν

359 877 444 932 διά
490 878 494 948 Ι
536 899 588 931 τε
636 878 724 949 τὴν
772 882 859 931 τοῦ
906 880 1067 948 δήμου
1116 875 1312 929 εὔνοιαν
1359 873 1446 928 καὶ
1491 874 1776 946 φιλοτιμίαν
1822 876 1883 945 ἣν
1932 874 2198 942 ἐπεποίητο

359 966 430 1024 εἰς
476 961 541 1017 τά
588 962 861 1035 πράγματα
908 964 1060 1017 αὐτοῦ
1109 962 1196 1015 καὶ
1243 958 1328 1015 διὰ
1377 960 1431 1014 τὸ
1478 959 1574 1030 τὸμ
1619 959 1829 1031 πατέΙρα
1878 960 2031 1012 αὐτοῦ
2078 958 2197 1012 θεὸν

353 1048 636 1122 Ἀντίοχονθ
680 1050 766 1103 καὶ
815 1050 917 1121 τὴμ
963 1050 1155 1120 μητέρα
1199 1048 1288 1119 τὴν
1326 1050 1414 1100 τοῦ
1451 1045 1639 1117 πατρὸς
1676 1042 1803 1099 θεὰν
1833 1045 2201 1116 Στρατονίκην7

274 1150 325 1190 10
361 1137 594 1207 ἱδρῦσθαι
656 1133 775 1207 παρ’
820 1136 940 1207 ἡμῖν
1001 1133 1326 1205 τιμωμέΙΙνους
1390 1134 1557 1203 τιμαῖς
1622 1133 1899 1203 ἀξιολόγοις
1955 1131 2041 1184 καὶ
2095 1152 2203 1183 κοι-
2283 1162 2287 1163 ⁷

359 1227 442 1292 νῆι
487 1220 580 1274 ὑπὸ
627 1225 715 1274 τοῦ
760 1222 986 1291 πλήθους
1031 1219 1118 1274 καὶ
1168 1221 1293 1273 ἰδίαι
1331 1215 1416 1291 ὑφ’
1462 1218 1674 1272 ἑκάστου
1719 1221 1829 1288 τῶμ
1865 1219 2077 1270 πολιτῶν
2116 1217 2203 1269 καὶ

362 1308 668 1378 ἐβεβαίωσεν
731 1310 824 1361 τῶι
898 1309 1066 1376 δήμωι
1127 1306 1216 1377 τὴν
1281 1305 1595 1377 αὖΙτονομίαν
1658 1303 1745 1358 καὶ
1807 1303 2149 1375 δημοκρατίαν
2166 1305 2200 1369 8,

359 1393 576 1464 ἔγραψεν
636 1392 692 1445 δὲ
748 1391 835 1446 καὶ
890 1391 1013 1464 πρὸς
1069 1391 1184 1452 τοὺς
1240 1393 1461 1464 βασιλεῖς
1508 1391 1595 1445 καὶ
1639 1390 1754 1451 τοὺς
1813 1388 2061 1449 δυνάστας
2117 1388 2203 1442 καὶ

360 1476 452 1539 τὰς
490 1480 662 1538 πόλεις
700 1477 788 1532 καὶ
825 1475 890 1531 τὰ
930 1478 1056 1548 ἔθνη
1099 1477 1331 1548 ἀΕιΙώσας
1371 1478 1714 1537 ἀποδέξασθαι
1757 1478 1814 1529 τό
1852 1497 1905 1529 τε
1947 1475 2077 1547 ἱερὸν
2116 1481 2204 1544 τῆς

362 1564 741 1636 Στρατονικίδος
780 1561 1110 1636 Ἀφροδίτης9
1158 1563 1342 1617 ἄσυλον
1392 1562 1524 1617 εἶναι
1571 1563 1658 1617 καὶ
1704 1564 1805 1634 τὴμ
1860 1563 2002 1615 πόλιν
2058 1564 2203 1632 ἡμῶν
2283 1575 2293 1599 ³

365 1647 502 1721 ἱερὰν
548 1650 633 1703 καὶ
680 1650 864 1703 ἄσυλον
885 1653 939 1702 1⁰.
993 1654 1078 1703 νῦν
1125 1670 1178 1703 τε
1225 1649 1673 1722 ὁπερΙβεβληκότος
1722 1652 1809 1702 τοῦ
1849 1648 2095 1720 βασιλέως
2134 1650 2206 1707 εἰς
2278 1659 2297 1695 4ι’

335 1786 358 1823 5
400 1783 658 1825 ΥΠΕΣΣΤΗ
691 1782 845 1835 Maitt.,
877 1781 1179 1834 geminatione
1210 1782 1255 1822 in
1286 1782 1430 1822 titulis
1452 1781 1657 1822 omnium
1678 1781 1917 1833 regionum
1940 1781 1986 1820 et
2006 1780 2204 1820 aetatum

219 1854 596 1907 frequentissima.
737 1858 760 1894 6
799 1853 1050 1895 Antiochus
1073 1854 1110 1893 II
1140 1854 1261 1894 Deus
1293 1853 1536 1905 (264-246
1561 1865 1598 1894 a.
1621 1852 1752 1905 Chr.).
1891 1854 1914 1892 ’1
1955 1852 2206 1892 Stratonice
2279 1869 2314 1911 3,

219 1926 438 1967 Demetrii
466 1926 747 1966 Poliorcetae
777 1925 881 1978 filia,
920 1937 1038 1966 uxor
1075 1926 1225 1978 primo
1257 1925 1432 1966 Seleuci
1462 1926 1480 1964 I
1509 1924 1751 1978 Nicatoris,
1790 1923 1951 1965 deinde
1990 1924 2088 1964 eius
2127 1923 2208 1964 filii
2271 1942 2283 1958 =
2311 1943 2314 1979 5

218 1998 432 2038 Antiochi
474 1998 492 2037 1
533 1998 716 2050 Soteris,
756 2008 811 2037 ex
851 2008 943 2049 quo
982 1997 1162 2049 peperit
1199 1996 1475 2038 Antiochum
1506 1997 1543 2036 II
1581 1997 1740 2050 Deum,
1787 1996 1963 2037 Seleuci
2007 1995 2209 2036 Callinici
2274 1990 2285 2036 ἒ

218 2072 411 2123 patrem.
471 2069 582 2110 Eam
612 2070 664 2110 ut
693 2069 838 2109 filium
881 2068 1046 2110 divinis
1084 2068 1336 2110 honoribus
1375 2067 1584 2110 affectam
1621 2078 1721 2109 esse
1758 2068 1834 2108 hic
1863 2067 2089 2119 videmus,
2128 2067 2209 2108 sed
2272 2055 2276 2066 ⁸

220 2140 364 2194 probe
396 2140 715 2192 distinguenda
743 2142 853 2181 sunt
883 2141 981 2181 eius
1013 2151 1141 2181 sacra
1173 2152 1198 2182 a
1228 2140 1355 2181 cultu
1375 2140 1562 2181 Veneris
1594 2139 1921 2193 Stratonicidis,
1953 2150 2070 2191 quae
2102 2149 2209 2180 sane

221 2225 246 2254 a
284 2212 438 2267 regina
477 2223 730 2264 cognomen
781 2211 990 2253 habebat.
1053 2211 1184 2259 Quod
1219 2211 1401 2253 Niesius
1447 2212 1607 2252 statuit
1645 2211 1869 2252 Venerem
1910 2211 2210 2252 Stratonicida

219 2285 368 2336 ipsam
399 2293 499 2325 esse
530 2284 813 2324 Stratonicen
842 2284 1058 2336 reginam,
1090 2283 1137 2324 id
1167 2283 1299 2336 plane
1329 2283 1595 2324 incredibile
1625 2283 1738 2323 mihi
1766 2283 1961 2324 videtur.
2101 2287 2124 2324 8
2157 2283 2210 2323 Ut

221 2355 479 2396 Seleucidae
500 2356 592 2396 iam
615 2357 759 2409 antea,
790 2355 1030 2396 Alexandri
1052 2356 1097 2395 et
1116 2355 1326 2407 Antigoni
1348 2354 1610 2408 exemplum
1640 2355 1800 2407 secuti,
1830 2354 2030 2396 libertati
2051 2355 2211 2396 civita·
2313 2403 2314 2408 ¹

222 2429 321 2468 tum
364 2427 638 2470 Graecarum
679 2429 724 2468 et
762 2428 975 2480 populari
1016 2427 1209 2480 imperio
1249 2427 1452 2468 faverant
1493 2427 1547 2478 (n.
1571 2429 1669 2478 222,
1700 2429 1769 2467 45.
1801 2429 1868 2467 46.
1910 2429 2008 2480 223,
2038 2429 2090 2467 27
2109 2436 2207 2479 sqq.
2251 2456 2255 2458 -
2301 2435 2314 2454 ἰ

224 2502 320 2552 226,
346 2503 383 2540 5.
409 2500 461 2552 6),
493 2500 560 2540 sic
589 2501 689 2541 tum
721 2499 767 2540 in
788 2498 907 2540 bello
939 2500 1096 2540 contra
1117 2499 1427 2540 Ptolemaeum
1449 2498 1659 2552 gerendo,
1691 2499 1862 2552 quippe
1882 2499 1962 2551 qui
1982 2499 2211 2540 severiore
2301 2481 2306 2491 ⁸

223 2571 405 2623 imperii
443 2582 605 2624 genere
642 2571 840 2624 populos
878 2572 1109 2612 continere
1149 2571 1478 2623 consuevisset,
1514 2570 1689 2612 Seleuci
1717 2570 1917 2612 Callinici
1947 2582 2085 2623 quam
2115 2581 2212 2611 ma·
2252 2574 2277 2604 ’-

224 2643 346 2683 xime
376 2643 592 2684 intererat
620 2642 733 2683 illud
762 2644 987 2684 maiorum
1011 2654 1201 2685 suorum
1223 2642 1487 2695 exemplum
1509 2643 1652 2695 sequi.
1693 2642 1947 2684 Feldmann.
2091 2645 2115 2683 9
2149 2641 2210 2683 Cf.
2253 2664 2257 2665 ν

226 2725 267 2754 n.
292 2716 373 2754 228
385 2713 417 2754 4.
556 2717 608 2754 40
650 2714 705 2755 Ut
723 2714 887 2756 urbem
909 2725 1026 2767 quae
1047 2715 1092 2755 in
1113 2715 1262 2768 ipsius
1283 2714 1370 2755 fide
1391 2714 1635 2755 mansisset
1655 2714 1835 2755 iuvaret
1855 2716 1992 2766 atque
2013 2715 2211 2766 augeret,
2252 2686 2274 2770 ζ

227 2784 440 2825 Seleucus
460 2785 533 2825 ius
555 2785 686 2838 asyli,
714 2785 838 2837 quod
860 2785 917 2826 ad
938 2785 984 2827 id
1004 2788 1188 2839 tempus
1212 2785 1369 2827 fanum
1390 2785 1527 2827 modo
1549 2785 1759 2839 habebat,
1790 2786 1876 2826 toti
1901 2785 2006 2826 urbi
2028 2795 2211 2827 conces·
2254 2775 2273 2835 ἢ

227 2856 298 2896 sit.
331 2855 454 2898 Idem
476 2856 609 2909 plane
631 2857 687 2898 de
702 2856 850 2898 Arado
867 2858 1113 2900 Phoenices
1133 2869 1223 2899 usu
1241 2859 1420 2899 venisse
1437 2860 1591 2900 narrat
1616 2857 1777 2899 Strabo
1793 2857 1907 2911 XVI,
1921 2860 1989 2911 2,4
2002 2860 2024 2898 4
2046 2858 2209 2911 Ρ.754;
2253 2871 2262 2907 ι,
2289 2851 2301 2909 ’ᾗ

229 2924 375 2969 ἔπειτα
404 2926 715 2971 στασιασάντων
756 2926 954 2985 ἀδελφῶν
997 2927 1128 2983 δυεῖν,
1167 2930 1245 2971 τοῦ
1273 2942 1319 2970 τε
1348 2924 1614 2972 Καλλινίκου
1647 2924 1862 2970 Σελεύκου
1893 2926 1967 2970 καὶ
1999 2923 2212 2985 Ἀντιόχου
2250 2931 2261 2981 '1

227 3000 303 3039 τοῦ
336 2991 521 3054 Ἱέρακος
550 2997 978 3058 προσαγορευθέντος,
1020 2997 1304 3058 προσθέμενοι
1339 3000 1405 3056 τῷ
1436 2995 1683 3057 Καλλινίκῳ
1728 3003 1946 3043 ποιοῦνται
1984 2998 2212 3056 συμβάσεις
2261 3019 2265 3022 ·
2298 3031 2299 3059 3

231 3065 453 3128 (Ἀράδιοι),
484 3065 582 3112 ὥστ’
613 3068 767 3120 ἐξεῖναι
795 3069 1001 3131 δέχεσθαι
1030 3070 1129 3119 τοὺς
1155 3070 1497 3130 καταφεύγοντας
1521 3071 1573 3115 ἐκ
1591 3076 1671 3128 τῆς
1693 3069 1906 3128 βασιλείας
1927 3066 2020 3129 παρ’
2047 3069 2212 3125 αὐτούς,
2298 3099 2299 3103 =

228 3140 301 3183 καὶ
331 3140 393 3199 μὴ
426 3140 638 3185 ἐκδιδόναι
667 3141 873 3191 ἄκοντας·
905 3142 966 3200 μὴ
1001 3141 1145 3200 μέντοι
1176 3138 1272 3201 μηδ’
1298 3142 1471 3187 ἐκπλεῖν
1504 3142 1578 3187 ἐᾶν
1608 3142 1708 3187 ἄνευ
1738 3147 1814 3187 τοῦ
1845 3142 2070 3202 ἐπιτρέψαι
2099 3142 2214 3199 βασι·
2295 3136 2298 3170 ἕ

232 3211 323 3256 λέα.
361 3211 519 3271 συνέβη
550 3213 597 3256 δὲ
635 3213 686 3258 ἐκ
721 3212 871 3258 τούτου
905 3213 1071 3272 μεγάλα
1102 3214 1247 3263 αὐτοῖς
1277 3213 1654 3272 πλεονεκτήματα·
1695 3214 1736 3259 οἱ
1765 3214 1846 3275 γὰρ
1876 3213 2214 3273 καταφεύγοντες

232 3279 292 3327 ἐπ’
320 3283 473 3333 αὐτοὺς
504 3283 588 3345 οὐχ
618 3286 659 3329 οἱ
683 3287 885 3346 τυχόντες
915 3285 1039 3343 ἦσαν,
1069 3282 1164 3330 ἀλλ’
1187 3286 1227 3329 οἱ
1255 3286 1309 3330 τὰ
1339 3287 1517 3346 μέγιστα
1546 3286 1873 3344 πεπιστευμένοι
1901 3286 1975 3330 καὶ
2003 3286 2099 3344 περὶ
2127 3291 2213 3329 τῶν
2294 3284 2296 3334 ξ

233 3354 439 3413 μεγίστων
471 3355 677 3407 δεδιότες·
720 3357 1039 3416 ἐπιξενοΰμῶιοι
1070 3354 1104 3401 δ’
1126 3357 1272 3407 αὐτοῖς
1303 3358 1524 3417 εὐεργέτας
1559 3358 1743 3417 ἡγοῦντο
1780 3358 1854 3402 καὶ
1890 3364 2085 3416 σωτῆρας
2113 3357 2213 3405 τοὺς
2246 3395 2248 3398 ,
2293 3341 2296 3395 s

233 3425 587 3486 ὑποδεξαμένους,
623 3429 983 3489 ἀπεμνημόνευόν
1013 3446 1058 3474 τε
1086 3431 1165 3488 τὴν
1195 3430 1335 3491 χάριν,
1372 3431 1446 3475 καὶ
1479 3430 1662 3489 μάλιστα
1699 3429 2004 3478 ἐπανελθόντες
2044 3428 2105 3478 εἰς
2134 3430 2212 3485 τὴν
2292 3437 2293 3478 ἶ

232 3497 413 3543 οίκείαν”
445 3497 543 3543 ὥστ’
567 3502 618 3546 ἐκ
646 3502 797 3546 τούτου
820 3504 966 3563 χώραν
994 3518 1040 3546 τε
1072 3502 1306 3560 ἐκτήσαντο
1335 3508 1413 3562 τῆς
1435 3504 1609 3564 περαίας
1630 3503 1809 3561 πολλήν,
1840 3502 1893 3559 ἧς
1915 3503 1992 3560 τὴν
2015 3501 2212 3559 πλείστην
2290 3503 2293 3543 J

234 3568 379 3629 ἔχουσι
408 3574 481 3614 καὶ
508 3576 596 3629 νῦν,
632 3574 705 3616 καὶ
733 3573 871 3618 τᾶλλα
909 3573 1133 3633 εὐθήνουν.
1195 3576 1353 3617 Postea
1391 3578 1478 3618 hoc
1514 3578 1775 3631 exemplum
1806 3576 1938 3617 multi
1981 3577 2055 3617 alii
2087 3584 2212 3628 reges

233 3643 398 3685 imitati
429 3647 547 3687 sunt.
591 3647 846 3689 Feldmann.

2285 1534 2297 1557 »-
2279 1346 2297 1505 πυκνὶ-φθι-
2283 1295 2287 1317 ··
