2314 3970
138 176 207 227 5⁴]
681 174 848 213 Civitas
882 173 1285 212 Ptolemaeensium
1320 171 1571 211 Thebaidis.
2045 172 2111 218 79

275 346 510 418 πρύτανις
563 341 648 398 διὰ
698 345 808 417 βίου
827 350 861 414 5,
908 347 996 416 τήν
1036 365 1090 398 τε
1131 343 1136 416 Ι
1180 345 1251 404 εἰς
1288 343 1372 398 τὸν
1412 343 1626 415 βασιλέα
1663 341 1750 396 καὶ
1785 341 1899 403 τοὺς
1937 343 2112 397 τούτου

219 442 244 483 5
275 433 436 503 γονεῖς
475 430 673 486 εὔνοιαν
713 431 729 504 ΙΙ
763 430 849 485 καὶ
885 433 1123 503 πρότερον
1163 432 1269 501 μέν,
1308 429 1382 485 ἔτι
1418 429 1504 484 καὶ
1541 433 1624 484 νῦν
1664 429 1719 483 δὲ
1759 427 1844 484 διὰ
1872 431 2112 484 πλειόνων

277 517 643 591 ἀποΙδέδεικται
688 518 775 572 καὶ
821 517 943 590 πρὸς
987 517 1069 571 τὸν
1116 518 1356 571 Διόνυσον
1403 515 1488 571 καὶ
1531 515 1646 577 τοὺς
1693 516 1875 577 ἄλλους
1917 516 1923 588 Ι
1963 515 2114 576 θεοὺς

277 606 494 677 εὐσεβῶς
549 604 636 658 καὶ
694 605 842 664 ὁσίως
901 605 1215 674 διακείμενος
1271 603 1511 676 τυγχάνει
1563 603 1569 676 Ι
1617 605 1718 664 τοῖς
1757 625 1810 657 τε
1866 603 2115 676 τεχνίταις

273 692 645 764 φιλανθρώπως
685 692 882 744 ἅπαντα
919 696 1106 762 χρῆται
1135 690 1142 762 Ι
1171 690 1256 743 καὶ
1295 687 1403 743 κατ’
1437 692 1567 744 ἰδίαν
1608 688 1823 744 ἑκάστου
1861 689 1948 744 καὶ
1981 687 2112 744 κατὰ

191 787 242 829 10
274 779 438 834 κοινὸν
493 776 691 832 πάντων
743 775 1177 848 ἀντιΙΙλαμβάνεται
1222 777 1494 847 προθύμως
1543 777 1630 830 καὶ
1678 780 1888 838 ἐκτενῶς
1936 776 2112 831 ἑαυτὸν

275 864 633 938 συνΙεπιδιδοὺς
689 866 760 925 εἰς
816 863 869 917 τὸ
930 864 1264 923 συναύξεσθαι
1319 862 1373 915 τὸ
1419 864 1764 935 τεχνίτευμαθ,
1809 864 1813 924 Ι
1855 867 2022 924 καλῶς
2070 861 2108 916 δ’

272 952 384 1024 ἔχει
429 951 543 1012 τοὺς
581 952 835 1011 τοιούτους
873 953 970 1003 τῶν
1012 951 1206 1021 ἀνδρῶν
1247 950 1781 1020 ἐπιΙσημαινομε’νους”Ι
1818 955 1964 1021 τιμᾶν
2004 951 2114 1011 ταῖς

271 1039 579 1110 πρεπούσαις
616 1038 799 1109 τιμαῖς,
831 1037 838 1108 Ι
868 1038 1116 1108 δεδόχθαι
1151 1039 1242 1089 τῶι
1279 1041 1453 1091 κοινῶι
1492 1041 1587 1090 τῶν
1626 1036 1739 1109 περὶ
1765 1037 1846 1091 τὸν
1875 1038 2114 1091 Διόνυσον

189 1135 239 1175 15
270 1129 521 1198 τεχνιτῶν,
559 1126 575 1197 ΙΙ
618 1128 686 1178 ὧν
743 1124 830 1177 καὶ
884 1120 947 1177 τὰ
1008 1125 1230 1194 ὀνόματα
1288 1123 1686 1195 ὑπογέγραπται,
1747 1128 2066 1196 στεφανῶσαι
2107 1126 2111 1189 Ι

271 1211 561 1284 Λυσίμαχον
619 1214 786 1264 κιττοῦ
843 1207 1170 1282 στ(ε)φάνωι8
1221 1207 1352 1263 κατὰ
1409 1207 1473 1263 τὰ
1521 1208 1713 1282 πάτρια
1753 1209 1760 1282 Ι
1800 1218 1861 1282 τῇ
1912 1207 1978 1264 ια’
2027 1214 2114 1263 τοῦ

274 1298 512 1370 Περιτίου
562 1297 750 1368 μηνὸς9
793 1298 894 1357 τοῖς
933 1296 1214 1357 Διονυσίοις
1264 1296 1446 1368 ἀρετῆς
1488 1297 1493 1367 Ι
1536 1299 1684 1350 ἕνεκα
1729 1296 1814 1350 καὶ
1855 1299 2114 1369 εὐσεβείας

128 1499 362 1543 capessere
402 1488 610 1542 potuisse
640 1488 723 1529 etsi
756 1486 1005 1540 praefracte
1037 1488 1190 1539 negari
1229 1498 1319 1528 non
1349 1487 1466 1540 licet,
1500 1489 1651 1528 tamen
1681 1489 1886 1529 omnium
1918 1490 2115 1529 maxime

128 1560 427 1615 improbabile
459 1562 539 1601 est.
690 1563 712 1600 3
754 1555 1031 1615 Σωστράτευς
1061 1559 1218 1611 Miller,
1258 1560 1336 1612 qui
1378 1560 1494 1600 hanc
1525 1560 1773 1601 inauditam
1811 1562 2115 1614 patronymici

128 1634 318 1675 formam
349 1645 432 1686 pro
466 1629 719 1689 Σωστράτου
751 1634 830 1673 aut
861 1627 1159 1690 Σωσικράτευς
1190 1642 1342 1672 errore
1365 1631 1584 1685 lapicidae
1605 1633 1795 1674 incisam
1828 1634 2008 1675 iudicat.
2061 1634 2116 1674 At

127 1706 385 1748 demoticon
424 1701 703 1760 Σωστρατεύς
745 1704 928 1757 agnovit
957 1716 999 1744 v.
1022 1703 1635 1746 Wilamowitz-Mollendorff
1669 1706 1903 1747 Lectiones
1943 1707 2116 1759 epigra—

127 1779 284 1830 phicae
315 1789 357 1830 p.
384 1781 421 1818 9.
484 1776 544 1818 Cf.
577 1777 713 1818 etiam
745 1787 949 1830 papyrus
981 1787 1050 1829 ap.
1077 1775 1267 1817 Grenfell
1299 1776 1366 1817 An
1396 1777 1694 1818 Alexandrian
1723 1778 1865 1819 erotic
1895 1777 2118 1831 fragment

126 1850 213 1891 and
245 1850 373 1891 other
404 1849 548 1890 Greek
578 1850 743 1902 papyri
775 1860 817 1902 p.
841 1851 894 1888 22
927 1861 967 1889 n.
990 1848 1044 1901 X,
1068 1851 1122 1888 ⁴2
1154 1847 1230 1904 [τῷ
1263 1846 1367 1889 δεῖνι
1399 1845 1644 1905 Πα]μφίλου
1678 1845 1934 1905 Σωστρατεῖ.
1988 1851 2117 1899 Quod

126 1922 402 1963 demoticum
433 1921 683 1974 Jouguetus
714 1921 897 1974 quidem
930 1920 1042 1961 Bull.
1072 1920 1126 1961 de
1156 1931 1273 1961 corr.
1303 1921 1411 1962 Hell.
1443 1921 1547 1962 XXI
1578 1933 1620 1975 p.
1645 1925 1726 1962 498
1770 1923 1826 1964 ad
1857 1925 2110 1965 Sostratum

126 1994 332 2036 Cnidium
363 1994 659 2036 architectum
692 1994 746 2043 (n.
772 1997 839 2046 66,
863 1996 901 2033 2.
937 1995 1003 2046 67,
1029 1997 1066 2033 3.
1091 1996 1128 2033 8.
1163 1996 1230 2046 68,
1254 1993 1292 2044 2)
1326 1994 1571 2035 revocavit.
1635 1994 1720 2035 Sed
1750 2006 1856 2036 cum
1888 1995 2114 2038 demotica

126 2065 182 2107 ab
219 2066 455 2108 hominum
496 2065 615 2106 illius
655 2065 815 2106 aetatis
857 2063 1119 2106 nominibus
1158 2065 1354 2106 derivari
1396 2077 1489 2106 non
1530 2066 1716 2119 soleant,
1763 2068 1849 2108 nisi
1889 2068 1927 2108 si
1965 2069 2112 2121 regiae

126 2138 288 2180 domus
319 2139 428 2179 sunt
458 2138 513 2189 (n.
538 2136 645 2190 486),
678 2137 832 2178 malim
864 2137 919 2177 de
956 2137 1093 2179 hero‘e
1124 2137 1323 2190 quodam
1356 2138 1435 2190 qui
1465 2139 1715 2179 exercitum
1747 2150 1931 2181 servare
1962 2141 2113 2182 crede-

126 2210 259 2252 batur
299 2210 540 2252 deduciam
581 2212 779 2251 statuere
819 2210 921 2263 pagi
964 2209 1325 2263 appellationem.
1389 2209 1448 2251 Cf.
1493 2206 1811 2265 Σωσικόσμειος
1852 2212 1963 2252 Bull.
1997 2224 2111 2254 corr.

126 2278 231 2320 Hell.
261 2278 363 2319 XXI
392 2290 437 2332 p.
469 2281 548 2319 497
582 2280 673 2319 not.
699 2281 735 2318 3.
797 2278 953 2331 Ipsum
986 2273 1235 2334 Σώστρατον
1267 2278 1405 2320 heroa
1443 2279 1571 2320 novit
1601 2280 1844 2321 Pausanias
1875 2280 1953 2321 VII
1987 2285 2054 2334 47,
2086 2285 2108 2321 8

125 2362 150 2392 a
178 2351 393 2403 Dymaeis
422 2350 616 2392 Achaiae
645 2350 834 2403 cultum,
867 2351 945 2403 qui
977 2360 1083 2391 sane
1113 2350 1158 2390 in
1189 2351 1515 2403 epigrammate
1546 2351 1667 2404 apud
1687 2351 1939 2394 Kaibelium
1962 2353 2110 2406 Epigr.

125 2422 196 2463 Gr.
220 2425 355 2475 79o,⁴
397 2419 693 2480 Πολύστρατος
723 2422 878 2474 potius
908 2423 1113 2464 vocatur.
1291 2424 1313 2462 4
1356 2422 1592 2464 Exercitus
1630 2425 1739 2475 regii
1779 2425 1933 2477 potius
1972 2437 2110 2478 quam

123 2495 319 2536 civitatis
341 2494 760 2536 Ptolemaeensium.
812 2493 927 2535 Nam
957 2496 1010 2535 ut
1038 2494 1151 2536 haec
1171 2494 1358 2547 reliquis
1380 2495 1425 2536 in
1447 2495 1584 2536 rebus
1611 2496 1741 2549 plane
1772 2497 1828 2538 ad
1849 2498 2109 2551 exemplum

123 2567 401 2620 populorum
445 2566 694 2608 liberorum
729 2566 940 2608 Graeciae
981 2567 1193 2620 antiquae
1231 2567 1479 2608 constituta
1525 2569 1632 2621 erat,
1675 2569 1741 2609 sic
1781 2580 1881 2611 eam
1921 2572 1973 2611 ut
2012 2570 2110 2612 illas

122 2639 339 2681 militares
370 2650 555 2692 quoque
585 2639 888 2692 magistrates,
921 2640 1158 2692 strategos,
1190 2640 1479 2693 hipparchos,
1510 2641 1769 2682 taxiarchos
1796 2641 2013 2684 habuisse
2034 2645 2110 2684 vix

123 2711 335 2752 credibile
365 2713 447 2754 est.
591 2715 615 2752 5
659 2710 719 2752 Cf.
743 2722 784 2752 n.
809 2714 877 2764 50,
902 2713 940 2752 4.
990 2712 1093 2752 Sine
1114 2712 1275 2753 idonea
1295 2723 1433 2753 causa
1452 2713 1677 2755 Millerum
1699 2714 1932 2756 dubitasse
1955 2718 2109 2756 utrum

122 2783 397 2836 reipublicae
417 2783 822 2825 Ptolemaeensium
844 2795 900 2825 an
921 2783 1085 2836 synodi
1107 2784 1412 2826 technitarum
1435 2786 1641 2838 prytanis
1661 2786 1950 2840 indicaretur,
1983 2787 2110 2829 lucu-

122 2855 370 2896 lentissime
400 2857 590 2908 apparet
619 2866 675 2896 ex
707 2867 748 2897 n.
773 2857 840 2908 48,
864 2858 902 2896 3.
927 2858 950 2896 4
1101 2860 1124 2897 6
1165 2856 1337 2898 Vocem
1358 2858 1638 2900 rarissimam
1660 2869 1773 2912 esse,
1805 2859 1934 2900 cuius
1966 2871 2107 2900 unum

122 2927 395 2980 exemplum,
434 2928 513 2969 sed
542 2928 672 2980 longe
703 2928 789 2968 alia
820 2928 1161 2982 significatione,
1194 2930 1239 2970 in
1276 2929 1507 2971 Thesauro
1536 2931 1749 2983 Stephani
1789 2930 2025 2971 afferretur
2054 2943 2110 2972 ex

0 2976 7 3018 Ι
47 3024 50 3027 ‹
122 2999 314 3041 Maximo
337 3000 472 3053 Tyrio
501 3002 566 3053 34,
591 3003 629 3053 3,
662 2999 894 3042 adnotavit
923 3001 1076 3042 Miller.
1227 3005 1249 3042 7
1289 3001 1487 3043 Medium
1518 3003 1671 3055 potius
1703 3014 1838 3055 quam
1873 3004 2106 3055 passivum

122 3081 220 3112 esse
251 3071 442 3125 videtur,
474 3072 667 3113 relatum
698 3072 810 3113 illud
839 3073 1024 3125 quidem
1056 3073 1112 3115 ad
1139 3073 1400 3115 subiectum
1421 3074 1550 3116 verbi
1581 3077 1719 3129 τιμᾶν,
1751 3076 1803 3115 ut
1833 3072 2107 3129 ἐπισημαινο-

123 3140 274 3196 μένους
302 3145 427 3198 τιμᾶν
460 3143 551 3184 fere
581 3144 703 3184 idem
734 3145 794 3185 sit
823 3146 960 3198 atque
992 3143 1345 3202 ἐπισημαίνεσθαι
1374 3144 1447 3188 καὶ
1476 3148 1613 3202 τιμᾶν.
1664 3145 1870 3198 Namque
1898 3146 1983 3187 hac
2003 3158 2107 3200 pro-

122 3212 256 3256 bandi
285 3215 555 3257 laudandive
584 3217 766 3257 notione
807 3217 1009 3258 medium
1050 3218 1403 3259 usitatissimum
1441 3219 1522 3270 est,
1564 3218 1766 3258 activum
1806 3219 1957 3259 nescio
1996 3230 2104 3260 num

124 3287 224 3327 aute
253 3287 534 3340 principatus
573 3289 765 3329 aetatem
810 3299 1003 3341 usquam
1042 3290 1310 3331 inveniatur.
1373 3289 1501 3330 Certe
1531 3299 1648 3340 quae
1686 3298 1740 3328 ex
1772 3288 1960 3341 Polybio
2002 3290 2106 3331 affe-

123 3358 284 3399 runtur
313 3358 489 3412 pridem
521 3359 914 3402 emendationibus
955 3362 1222 3403 certissimis
1261 3360 1439 3402 sublata
1471 3361 1589 3412 sunt,
1632 3359 1705 3412 IX,
1730 3362 1768 3413 9,
1793 3363 1816 3400 9
1848 3372 1874 3401 a
1904 3361 2105 3403 Bekkero

125 3425 458 3486 ἐπεσημηνοὶμην
497 3442 580 3484 pro
620 3429 965 3489 ἐπεσημήναμεν,
1011 3434 1066 3486 Χ,
1098 3436 1165 3486 38,
1197 3437 1219 3473 3
1263 3444 1287 3474 a
1317 3432 1496 3473 Reiskio
1535 3428 1858 3487 ἐπεσημήναντο
1896 3432 1943 3474 τὸ
1975 3431 2105 3491 ῥηθέν

125 3509 208 3550 pro
239 3498 512 3557 ἐπεσήμηναν
532 3500 581 3544 τὸ
603 3499 746 3558 ῥηθέν.
895 3509 920 3546 8
962 3506 1245 3547 ΣΤΣΦΑΝΩΙ
1261 3534 1270 3544 .
1419 3507 1443 3543 9
1485 3502 1682 3551 Quartus
1705 3504 1807 3544 anni
1830 3504 2103 3546 Macedonici

127 3570 183 3611 ab
211 3574 495 3625 aequinoctio
527 3576 804 3616 auctumnali
829 3577 1083 3629 incipientis
1106 3577 1286 3627 mensiS,
1321 3575 1599 3626 respondens
1629 3575 1703 3615 ille
1733 3576 1917 3627 quidem
1948 3577 2104 3618 Game-

126 3640 233 3683 lioni
261 3643 614 3699 Atheniensium,
646 3658 738 3699 quo
771 3648 942 3689 Lenaea
972 3649 1134 3689 Bacchi
1166 3658 1293 3689 sacra
1325 3649 1423 3688 acta
1452 3656 1551 3687 esse
1582 3647 1626 3687 in
1649 3647 1809 3699 volgus
1841 3650 1998 3689 notum
2022 3652 2101 3689 est.
