2314 3970
280 206 379 255 146
954 205 1002 244 ΙΙ.
1049 205 1249 257 Regnum
1281 205 1565 256 Lagidarum.
2178 207 2243 259 [90

416 382 503 446 τῆς
562 374 875 444 Πτολεμαίου
934 375 1218 446 αἰωνοβίου,
1277 376 1602 446 ἠγαπημένοι)
1659 376 1750 430 ὑπὸ
1798 381 1883 430 τοῦ
1939 377 2077 445 Φθᾶ,
2124 377 2246 429 θεοῦ

410 459 727 532 Ἐπιφανοῦς,
801 459 1136 532 Εὐχαρίστου,
1207 463 1267 532 ἣν
1337 462 1623 534 παρέλαβεν
1691 460 1832 534 παρὰ
1905 466 1991 515 τοῦ
2058 462 2245 534 πατρὸς

274 637 440 677 mentio
471 636 532 676 fit.
592 636 739 688 Atque
779 636 870 676 hoc
909 634 1093 688 quidem
1130 635 1245 676 inter
1277 647 1434 677 omnes
1473 637 1696 689 convenit,
1735 648 1787 678 ea
1819 637 2035 678 sollennia
2066 647 2246 690 semper

271 708 480 761 Memphi,
512 707 636 760 quod
659 708 1027 760 antiquissimum
1045 708 1128 749 fuit
1147 708 1340 761 Aegypti
1371 710 1520 762 caput,
1551 708 1704 750 habita
1726 710 1945 761 originem
1969 711 2170 761 repetere
2192 720 2246 749 ex

271 780 455 832 antiqua
484 779 797 832 indigenarum
829 790 985 832 regum
1016 782 1184 831 aetate;
1220 779 1274 820 cf.
1307 781 1431 822 locos
1462 792 1487 821 a
1508 781 1751 822 Letronnio
1786 781 1944 822 allatos
1973 781 2117 822 Schol.
2142 781 2246 821 Ger-

270 852 435 893 manici
473 851 593 893 Arat.
627 863 670 904 p.
699 855 765 905 88,
799 855 848 892 42
887 853 1073 905 Breysig
1123 850 1178 894 in
1222 850 1381 906 templo
1421 849 1613 907 Aeqypti
1647 850 1852 907 Memphi
1892 849 1976 895 ubi
2020 864 2118 894 mos
2156 850 2247 906 fuit

268 921 379 966 solio
416 921 540 979 reyio
583 921 794 966 decorem-i
829 936 952 979 reyes
988 922 1072 979 qui
1105 936 1247 979 regma
1291 922 1464 966 meum.
1510 922 1581 966 ibi
1621 923 1747 967 eowm
1789 922 1938 966 sacris
1980 922 2244 967 minantur.

268 996 571 1050 Hieronymus
611 997 656 1037 in
698 997 863 1038 Daniel.
896 1008 939 1050 p.
970 1000 1080 1038 4428
1124 997 1193 1038 ed.
1235 998 1330 1038 Par.
1370 994 1572 1039 ascendit
1618 995 1673 1039 vm
1717 994 1970 1051 Memphim
2015 1000 2054 1039 et
2091 995 2162 1039 ibi
2197 1010 2248 1039 ex

268 1080 391 1110 more
419 1066 612 1124 Aeyypti
636 1081 828 1124 requam
857 1066 1086 1123 accipiens
1118 1071 1199 1110 etc,
1253 1069 1433 1110 Diodor.
1457 1070 1540 1110 Sic.
1562 1069 1759 1122 XXXIII,
1782 1072 1857 1110 ⁴3:
1896 1067 1958 1110 ὅτι
1979 1065 2245 1124 Πτολεμαίου

270 1140 381 1192 (v111
411 1140 632 1193 Euergeta
661 1141 711 1193 11)
752 1139 860 1183 κατὰ
899 1139 976 1196 τὴν
1017 1136 1193 1198 Μέμφιν
1235 1138 1584 1197 ἐνθρονιζομένου
1621 1143 1712 1188 τοῖς
1752 1138 1974 1196 βασιλείοις
2011 1139 2121 1182 κατὰ
2149 1140 2247 1188 τοὺς

269 1208 568 1269 Αἰγυπτίων
611 1211 782 1269 νόμους,
838 1216 937 1259 παῖς
990 1211 1156 1270 ἐγένετο
1198 1211 1247 1254 ἐκ
1291 1217 1368 1268 τῆς
1409 1208 1688 1271 Κλεοπάτρας
1723 1211 1786 1269 τῷ
1826 1210 2004 1268 βασιλεῖ.
2065 1214 2245 1255 Sacram

268 1286 588 1327 caerimoniam
623 1285 762 1327 fuisse
793 1286 882 1326 iam
921 1285 1025 1326 inde
1055 1287 1255 1338 apparet,
1295 1285 1418 1338 quod
1448 1286 1492 1326 in
1525 1286 1696 1338 templo
1734 1296 1834 1326 eam
1874 1287 2106 1338 peractam
2148 1296 2246 1327 esse

269 1359 467 1410 constat3
514 1357 595 1399 sed
634 1369 856 1411 quaenam
887 1358 1180 1410 potissimum
1212 1358 1499 1399 sacerdotum
1529 1358 1575 1398 in
1606 1369 1659 1399 ea
1688 1359 1841 1411 partes
1871 1357 2039 1399 fuerint
2077 1358 2246 1411 quique

267 1429 539 1470 sollennium
582 1429 706 1483 ordo,
747 1430 992 1482 ignoratur.
1055 1429 1230 1470 Etenim
1269 1430 1343 1470 hic
1373 1429 1557 1482 quidem
1595 1441 1686 1470 non
1723 1429 1778 1470 de
1808 1430 1920 1482 ipsis
1952 1430 2244 1482 anacleteriis‚

267 1501 346 1543 sed
376 1501 430 1542 de
462 1502 591 1543 novis
618 1501 868 1542 honoribus
889 1503 1008 1553 regis
1037 1512 1118 1555 per
1138 1502 1254 1543 hanc
1282 1502 1570 1543 occasionem
1600 1502 1889 1542 instituendis
1911 1502 2171 1556 decernunt,
2202 1504 2246 1542 et

266 1574 390 1627 quod
419 1575 710 1615 Drumannus
742 1574 830 1615 sibi
859 1575 1099 1627 persuasit,
1139 1574 1248 1615 nihil
1289 1573 1412 1615 aliud
1450 1574 1589 1615 fuisse
1620 1574 1993 1615 anacleteriorum
2024 1575 2163 1616 ritum
2193 1585 2246 1615 ac

266 1646 571 1699 receptionem
601 1646 719 1698 regis
750 1647 794 1688 in
827 1646 1031 1687 ordinem
1054 1646 1354 1698 sacerdotum,
1387 1646 1433 1686 id
1454 1646 1718 1698 neutiquam
1749 1645 1880 1686 firmo
1910 1646 2069 1686 nititur
2090 1645 2245 1686 funda-

266 1720 439 1771 mento;
472 1730 576 1760 nam
607 1718 731 1771 quod
761 1719 873 1759 Plut.
907 1718 962 1759 de
993 1718 1111 1759 Iside
1141 1719 1186 1759 et
1207 1718 1381 1759 Osiride
1412 1729 1448 1759 c.
1473 1721 1495 1758 9
1529 1729 1572 1770 p.
1597 1720 1677 1758 354
1696 1718 1728 1757 B
1760 1717 1895 1758 refert
1926 1716 1947 1759 ὁ
1980 1712 2009 1759 δ’
2036 1716 2086 1759 ἐκ
2117 1715 2245 1776 μαχί-

269 1804 360 1846 μων
398 1788 751 1846 ἀποδεδειγμένος
784 1788 1006 1845 (βασιλεύς)
1039 1786 1165 1837 εὐθὺς
1198 1787 1380 1847 ἐγίγνετο
1411 1796 1495 1831 τῶν
1530 1787 1677 1845 ἱερέων
1713 1788 1785 1831 καὶ
1815 1793 1986 1847 μετεῖχε
2015 1793 2093 1846 τῆς
2124 1787 2245 1845 φιλο-

266 1860 427 1918 σοφίας,
459 1863 506 1904 id
535 1864 601 1904 sic
631 1864 918 1916 interpretari
949 1864 1026 1904 vix
1056 1863 1174 1916 licet,
1211 1863 1378 1904 nedum
1409 1863 1715 1904 necessarium
1747 1863 1817 1903 sit.
1878 1864 2023 1903 Immo
2052 1864 2152 1915 ipsa
2182 1873 2244 1916 re,

266 1935 390 1988 quod
421 1946 609 1987 regnum
642 1935 852 1989 obtinuit,
885 1935 1021 1976 simul
1053 1935 1264 1976 sacerdos
1295 1935 1356 1975 fit.
1409 1934 1647 1983 Quomodo
1668 1945 1779 1975 vero
1813 1935 2054 1975 Ptolemaei
2084 1935 2168 1976 hac
2199 1936 2244 1976 in
2283 1958 2286 1963 -

265 2019 314 2048 re
345 2018 393 2048 se
423 2008 679 2060 gessissent,
722 2008 801 2049 diu
832 2007 1132 2060 disceptatum
1171 2010 1252 2060 est,
1291 2018 1347 2047 ex
1378 2018 1468 2059 quo
1499 2007 1787 2048 Drumannus
1826 2007 2138 2048 acuratissime
2167 2006 2243 2047 de·
2279 2014 2281 2017 ’
2312 2059 2314 2063 Ι

264 2082 515 2122 monstrare
536 2091 774 2132 aggressus
792 2082 872 2134 est,
896 2082 1114 2132 quattuor
1134 2080 1307 2133 primos
1323 2080 1551 2132 principes
1575 2079 1691 2120 hanc
1711 2079 2046 2132 superstitionis
2067 2079 2243 2132 Aegyp·
2273 2079 2280 2123 T
2312 2068 2314 2100 3

264 2153 407 2194 tiacae
438 2153 811 2194 consuetudinem
840 2152 973 2205 plane
1004 2153 1242 2205 sprevisse,
1285 2162 1431 2204 neque
1462 2153 1564 2192 ante
1595 2163 1763 2192 annum
1797 2155 1879 2192 496
1909 2163 1946 2192 a.
1970 2151 2071 2192 Chr.
2104 2152 2243 2192 caeri-
2271 2151 2314 2203 ³2⁴

265 2225 462 2266 moniam
485 2236 684 2277 unquam
700 2225 746 2265 in
763 2235 900 2276 regno
917 2224 1280 2265 Ptolemaeorum
1301 2225 1531 2276 peractam
1548 2234 1660 2264 esse.
1696 2223 1809 2263 Tum
1832 2234 1941 2264 vero
1958 2224 2242 2276 Polycratem
2269 2228 2285 2260 «τι
2307 2222 2314 2282 ᾗ

264 2296 481 2350 aliosque,
504 2308 701 2350 quorum
723 2296 845 2350 apud
867 2307 1017 2349 regem
1041 2297 1238 2338 maxima
1259 2297 1503 2337 auctoritas
1524 2297 1634 2349 erat,
1657 2297 1708 2336 ut
1730 2295 2043 2347 indigenarum
2065 2298 2242 2338 animos
2262 2261 2286 2324 3'
2307 2290 2314 2331 ’ί

266 2369 353 2410 sibi
383 2369 689 2422 conciliarent,
729 2380 782 2410 eo
815 2368 1100 2410 descendisse
1131 2369 1483 2421 sacerdotesque
1520 2369 1636 2409 hanc
1674 2369 1907 2421 potentiae
1937 2379 2045 2410 suae
2083 2368 2260 2422 ampli-2
2306 2375 2314 2426 ’γ

262 2441 464 2483 ficandae
494 2442 779 2483 occasionem
801 2441 932 2483 avide
964 2441 1210 2494 arripuisse
1240 2452 1386 2494 neque
1407 2443 1559 2482 tamen
1589 2441 1685 2482 sine
1706 2440 1866 2482 callida
1886 2441 2081 2493 quadam
2112 2429 2262 2498 dissi-J
2282 2431 2304 2470 st

265 2514 513 2555 mulatione
544 2525 596 2555 ea
626 2525 738 2555 usos
769 2525 882 2555 esse.
943 2513 1066 2562 Quae
1098 2513 1345 2567 disputatio
1380 2524 1617 2554 assensum
1648 2513 1751 2553 tulit
1781 2524 1888 2553 cum
1918 2513 2111 2554 aliorum
2140 2515 2250 2554 tum

263 2586 298 2627 J.
322 2586 369 2627 G.
391 2587 615 2638 Droyseni
645 2587 709 2627 ΚΙ.
733 2586 954 2627 Schriften
983 2587 1021 2626 11
1051 2597 1095 2639 p.
1121 2589 1214 2627 406.
1239 2589 1320 2627 409
1353 2588 1397 2627 et
1426 2585 1594 2626 Alfredi
1615 2585 1669 2626 de
1691 2585 1958 2626 Gutschmid
1988 2586 2044 2626 ad
2072 2586 2241 2639 Sharpe
2301 2595 2304 2639 g

264 2658 420 2699 Gesch.
443 2658 546 2710 Aeg.
570 2659 588 2698 I
617 2669 661 2711 p.
686 2660 767 2699 249
799 2659 890 2699 not.
914 2661 951 2698 4.
1008 2658 1065 2698 At
1095 2669 1143 2698 re
1175 2659 1342 2698 iterum
1373 2660 1582 2699 accurate
1612 2658 1866 2699 examinata
1896 2657 1940 2698 U.
1962 2658 2165 2699 Wilcken
2195 2659 2248 2708 in¹
2299 2674 2301 2710 3

263 2729 478 2772 addendis
519 2730 575 2770 ad
612 2730 834 2782 Droyseni
867 2730 1088 2782 opuscula
1117 2741 1160 2782 p.
1188 2732 1267 2770 440
1309 2730 1551 2771 oblocutus
1590 2731 1672 2783 est,
1704 2731 1826 2770 recte
1865 2731 1903 2771 si
1943 2730 2052 2782 quid
2093 2729 2240 2771 video.
2298 2758 2300 2774 ε

263 2802 378 2844 Nam
408 2801 585 2855 Polybii
616 2802 671 2845 de
701 2802 950 2854 Polycratis
981 2802 1264 2854 aliorumque
1305 2803 1494 2843 consilio
1527 2801 1846 2843 observatione
1883 2802 2120 2843 manifesto
2151 2813 2242 2843 non>

262 2875 500 2928 indicatur,
542 2885 624 2915 cur
663 2874 931 2914 anacleteria
969 2875 1155 2914 omnino
1195 2873 1360 2927 habita,
1401 2874 1480 2915 sed
1511 2885 1593 2915 eur
1622 2876 1802 2926 praeter
1831 2885 2006 2915 morem
2037 2876 2081 2914 et
2111 2876 2240 2921 natu¹

263 2958 362 2987 ram
393 2947 456 2987 rei
487 2947 715 2987 maturata
745 2946 847 2999 sint,
889 2947 940 2986 ut
970 2956 1084 2999 puer
1114 2946 1314 2987 nondum
1345 2946 1564 2987 tredecim
1595 2957 1738 2987 annos
1770 2948 1902 2987 natus
1942 2957 2026 2998 pro
2066 2946 2241 2999 pubere

263 3019 518 3060 haberetur.
579 3017 643 3059 Ac
672 3017 796 3070 quod
829 3018 927 3070 ipse
958 3018 1032 3058 Dr.
1064 3017 1397 3071 animadvertit,
1435 3018 1526 3058 fere
1565 3029 1743 3071 semper
1781 3019 1828 3058 in
1858 3018 1928 3059 his
1959 3018 2181 3059 sollennib

264 3090 675 3132 commemorandis
705 3090 846 3130 moris
878 3090 922 3130 et
953 3090 1293 3131 consuetudinis
1325 3091 1601 3131 mentionem
1632 3090 1742 3143 fieri,
1784 3101 1837 3131 eo
1867 3090 1987 3131 illius
2018 3090 2210 3131 sententi
2256 3078 2258 3083 ’

263 3164 494 3205 evertitur.
559 3162 764 3215 Namque
795 3162 921 3214 quod
951 3163 1048 3214 ipse
1090 3162 1210 3215 dicit,
1251 3163 1298 3202 id
1335 3162 1459 3214 quod
1496 3162 1729 3215 quondam
1767 3163 2051 3203 Pharaonum
2093 3164 2191 3203 aeta

262 3237 481 3277 usitatum
525 3235 686 3276 fuisset
729 3235 936 3288 spectari,
983 3234 1028 3274 in
1066 3234 1202 3275 huius
1240 3235 1424 3287 quidem
1471 3235 1640 3275 decreti
1677 3247 1719 3275 v.
1753 3238 1805 3276 28
1851 3232 1930 3287 [τὰ]
1968 3233 2182 3290 προσήκον

261 3306 426 3364 νόμιμα
454 3297 508 3366 τῇ
540 3304 783 3363 παραλήψει
812 3310 890 3362 τῆς
923 3304 1149 3362 βασιλείας.
1200 3309 1251 3347 45
1283 3305 1336 3348 τὰ
1369 3305 1625 3362 νομιζόμενα
1658 3306 1711 3363 τῇ
1737 3304 1982 3362 παραλήψει
2011 3310 2090 3364 τῆς
2122 3304 2228 3362 βασι-

263 3377 378 3426 λείας
409 3380 612 3433 quadrat,
644 3380 859 3432 quoniam
894 3378 1180 3420 sacerdotum
1211 3379 1426 3420 intererat
1454 3379 1502 3419 id
1522 3379 1595 3420 vel
1624 3379 1821 3420 maxime
1841 3389 2060 3432 premere,
2092 3380 2251 3431 nequdj'

263 3450 479 3492 abhorret
509 3464 534 3493 a
558 3452 743 3493 Diodori
774 3452 873 3492 loco
905 3461 1042 3504 supra
1073 3451 1219 3503 allato,
1253 3451 1422 3503 quippe
1453 3452 1532 3503 qui
1564 3451 1743 3492 definite
1773 3449 1880 3491 κατὰ
1908 3449 2006 3496 τοὺς
2036 3436 2238 3507 Αἰγυπ-ζέ

262 3520 390 3563 τίων
427 3521 585 3577 νόμους
624 3524 754 3565 dicat.
814 3523 871 3564 At
907 3523 1146 3576 Polybium
1185 3523 1287 3574 quis
1329 3523 1480 3563 credet
1519 3523 1572 3563 de
1611 3534 1659 3563 re
1697 3523 1840 3575 ipsius
1871 3522 2092 3563 memoria
2131 3513 2239 3574 post=

262 3593 401 3635 trium
433 3594 716 3635 saeculorum
747 3594 1127 3647 intercapedinem
1157 3594 1404 3635 instaurata
1435 3593 1666 3634 dicturum
1712 3593 1851 3635 fuisse
1891 3591 1942 3634 τὰ
1979 3590 2230 3647 νομιζόμενα
2279 3612 2281 3641 2

261 3662 448 3721 γίνεσθαι
483 3669 574 3712 τοῖς
617 3663 855 3719 βασιλεῦσιν
889 3687 940 3695 -
973 3663 1267 3722 ἀνακλητήρια
1307 3665 1521 3719 (XXVIII,
1552 3669 1617 3719 ⁴2,
1649 3663 1719 3717 8)‘?
1792 3665 1922 3713 Quod
1960 3676 2068 3706 vero
2112 3661 2230 3704 nulla
2278 3678 2280 3719 ι
