2314 3970
89 183 156 235 38]
485 183 766 224 Ptolemaeus
796 182 833 221 11
865 181 1181 233 Philadelphus
1214 179 1453 231 (285—4247
1479 191 1516 220 a.
1539 179 1668 229 Chr.).
1997 180 2063 229 63

230 351 403 410 Ι’ἱιλα’1
442 353 692 407 Ξανδικοῧ
751 354 1071 425 ἐφρούρησαν
1123 354 1129 424 Ι
1177 356 1273 406 τῶν
1327 351 1720 422 Νε.-·.οπτολε-’;μ.ου2
1767 354 2068 422 στρατιῶται

227 437 367 512 παρὰ
398 439 405 512 Ι
436 438 566 493 Πανὶ
605 436 866 493 Εὔόδωι3;
919 442 986 494 ὧν
1026 437 1090 492 τὰ
1131 435 1352 510 ὀνόματα
1382 439 1388 510 Ι
1418 437 1608 509 Κίλλης
1647 435 1861 504 Μίδοο4,
1903 438 2066 507 Φιλή-

174 537 199 578 5
233 547 336 598 μων
351 530 388 595 ⁵,
416 525 689 598 Αἰσχύλος,
714 525 731 598 ΙΙ
755 526 1056 598 Δημήτριος,
1080 522 1422 594 Ἀπολλώνιος,
1450 525 1753 597 Δημήτριος,
1773 521 1828 577 'A
1841 554 2001 564 -----
2014 566 2024 592 ,
2057 523 2063 596 Ι

229 614 406 684 Σῖμος,
457 613 816 685 Πολέμαρχος,
867 612 1133 685 Ζώπυρος,
1174 613 1398 681 Φιλῖνος,
1441 612 1446 683 Ι
1490 612 1799 684 Δημήτριος,
1841 611 2063 678 Λεύκων,

212 693 445 772 Ἄρ(ε)ιος
460 702 497 767 ⁶,
532 695 916 770 Ἀπολλόδωρος.

201 880 216 916 4
263 876 447 928 Signum
487 875 610 928 quod
654 886 821 916 annum
859 874 1028 915 indicat
1064 874 1138 915 hic
1177 874 1311 915 aliam
1350 874 1545 915 formam
1586 874 1723 916 habet
1761 877 1897 929 atque
1925 876 2067 916 usita-

85 951 176 990 tam
211 952 262 991 l..
322 948 426 989 Utra
457 948 686 1001 antiquior
717 948 776 988 sit
806 947 884 988 vix
914 946 1068 987 licebit
1108 947 1231 987 certa
1261 947 1434 986 ratione
1466 946 1653 987 definiri.
1712 947 1893 988 Annum
1924 959 2067 988 unum

85 1023 129 1062 et
157 1021 445 1074 trigesimum
475 1021 532 1062 ad
562 1019 871 1061 Ptolemaeum
902 1020 939 1059 11
971 1018 1312 1072 Philadelphum
1354 1018 1528 1059 rettulit
1558 1019 1782 1072 Schwarz,
1815 1031 1931 1072 quae
1963 1030 2068 1061 sen-

83 1094 223 1135 tentia
260 1094 308 1133 ut
344 1093 391 1133 B.
420 1091 571 1134 Niesio
611 1091 768 1133 Gesch.
801 1091 882 1132 der
912 1102 975 1143 gr.
1007 1102 1052 1131 u.
1085 1090 1260 1132 maked.
1293 1091 1473 1132 Staaten
1507 1091 1542 1131 11
1580 1102 1623 1143 p.
1657 1093 1736 1132 448
1771 1094 1864 1133 not.
1895 1095 1919 1131 2
1960 1103 2067 1144 pro-

83 1166 187 1207 bata
216 1168 298 1218 est,
331 1166 396 1206 sic
428 1165 539 1205 mihi
570 1174 756 1217 quoque
786 1162 1023 1216 probatur.
1083 1162 1199 1204 Nam
1231 1174 1286 1203 ex
1316 1162 1552 1216 prioribus
1583 1162 1769 1217 quidem
1800 1163 2068 1205 Ptolemaeis

82 1249 214 1280 nemo
236 1238 416 1291 praeter
436 1237 565 1278 illum
587 1237 654 1277 tot
675 1246 816 1277 annos
838 1236 1055 1288 regnavit,
1079 1235 1135 1276 ad
1157 1235 1468 1276 Ptolemaeum
1486 1236 1582 1276 VIII
1604 1235 1873 1288 Euergetam
1896 1237 1935 1276 ΙΙ
1955 1247 2066 1278 vero

83 1311 128 1351 et
159 1321 327 1351 annum
361 1311 441 1350 439
474 1320 510 1350 a.
535 1308 635 1350 Chr.
669 1307 943 1349 descendere
976 1309 1130 1349 vetant
1161 1307 1356 1348 miIItum
1390 1308 1586 1361 nomina,
1628 1308 1746 1349 inter
1775 1319 1892 1360 quae
1922 1319 2068 1361 neque

84 1382 257 1434 regium
288 1391 453 1422 nomen
484 1376 753 1435 Πτολεμαῖος
786 1379 1000 1421 inferiore
1031 1381 1176 1421 aetate
1197 1379 1491 1433 perfrequens
1514 1391 1661 1433 neque
1682 1380 1827 1421 ullum
1848 1380 2069 1423 barbarae

85 1454 270 1506 originis
308 1453 553 1506 vestigium
591 1454 838 1506 comparet.
907 1451 1038 1500 Quod
1075 1453 1361 1494 Schwarzius
1407 1453 1543 1494 etiam
1589 1453 1890 1495 litteraturam
1935 1454 2069 1495 tertio

84 1536 120 1567 a.
144 1525 245 1567 Chr.
267 1537 310 1567 n.
342 1526 524 1567 saeculo
558 1525 800 1567 convenire
831 1524 953 1578 dicit,
994 1526 1039 1565 in
1071 1525 1337 1567 universum
1368 1525 1553 1578 quidem
1586 1526 1708 1566 recte
1747 1536 1796 1567 se
1827 1525 1977 1579 habet,
2018 1537 2069 1567 ac

84 1599 281 1639 maxime
311 1597 497 1651 quidem
544 1596 581 1644 Π
610 1596 888 1650 Philadelphi
919 1598 1064 1638 aetate
1107 1598 1153 1638 in
1184 1597 1284 1638 aliis
1315 1608 1499 1650 quoque
1530 1597 1673 1639 titulis
1706 1599 1776 1639 est
1814 1598 1870 1651 (n.
1893 1601 1961 1639 29.
1987 1599 2068 1650 39).

81 1670 139 1711 At
176 1672 209 1712 Z
250 1681 334 1724 pro
373 1671 407 1711 1
449 1671 542 1711 tam
583 1670 769 1722 antiquo
807 1670 1014 1722 tempore
1054 1669 1155 1710 iure
1196 1669 1391 1723 mireris,
1429 1669 1515 1711 etsi
1554 1670 1643 1711 hoc
1681 1680 1772 1711 non
1811 1669 1978 1711 sufficlt
2014 1670 2070 1712 ad

83 1743 281 1784 rationes
312 1742 605 1795 gravissimas
642 1752 758 1795 quae
788 1741 972 1782 titulum
1004 1753 1120 1783 anno
1153 1744 1233 1783 254
1265 1753 1303 1783 a.
1327 1742 1428 1782 Chr.
1452 1753 1494 1783 n.
1526 1741 1758 1783 vindicant
1788 1742 2069 1784 evertendas.

83 1818 106 1855 2
139 1814 426 1868 Neoptolemi
447 1825 612 1855 nomen
633 1814 751 1855 inter
765 1814 1031 1855 Macedones
1047 1813 1384 1855 nobilissimum
1401 1813 1540 1855 fuisse
1557 1813 1820 1856 observavit
1836 1815 2070 1855 Letronne.

83 1885 164 1933 Hic
201 1885 403 1927 cohortis
442 1883 640 1941 (σπείρας)
679 1885 959 1939 praefectum
1000 1886 1210 1939 intellegi,
1261 1886 1393 1927 cuius
1432 1897 1539 1939 pars
1580 1884 1768 1942 (σημεῖα)
1808 1886 1924 1928 duce
1962 1887 2070 1928 Cille

81 1958 323 2000 Macedone
352 1958 462 2010 (not.
486 1959 523 2010 4)
565 1958 622 2000 ad
651 1958 874 2011 templum
914 1958 1043 2000 Panis
1082 1960 1127 1999 et
1157 1960 1349 2012 puteum
1390 1955 1604 2015 (ὕὸρευμα,
1643 1958 1696 2000 cf.
1728 1959 1915 2000 titulum
1948 1958 2070 2012 apud

82 2031 389 2073 Schwarzium
420 2033 563 2085 p.448
596 2042 639 2072 n.
663 2033 702 2085 4,
726 2031 765 2083 5)
797 2032 843 2072 in
873 2031 1054 2072 deserto
1076 2031 1217 2073 situm
1250 2032 1295 2072 in
1317 2031 1544 2085 praesidio
1576 2031 1794 2073 collocata
1825 2033 1933 2085 erat,
1966 2043 2070 2085 pro-

82 2103 246 2146 babilis
290 2105 360 2145 est
404 2104 649 2146 Schwarzii
694 2103 862 2157 opInio.
1041 2107 1063 2143 3
1106 2103 1167 2145 Cf.
1200 2116 1241 2145 n.
1277 2106 1344 2157 70,
1378 2107 1414 2146 4.
1457 2107 1524 2158 74,
1550 2108 1587 2145 3.
1659 2100 1767 2146 Πανὶ
1802 2100 1957 2162 Εὐόδῳ
1997 2103 2070 2146 καὶ

77 2169 286 2232 Ἐπηκόῳ
317 2188 358 2217 n.
384 2179 450 2230 72,
475 2180 512 2218 4.
566 2177 752 2229 Lepsius
782 2176 862 2216 XII
895 2187 936 2229 p.
963 2180 1009 2217 84
1047 2188 1089 2217 n.
1115 2178 1212 2229 464,
1236 2180 1275 2218 4.
1308 2179 1406 2230 466,
1431 2180 1468 2218 4.
1530 2173 1639 2219 Πανὶ
1669 2173 1841 2234 Σωτῆρι
1880 2178 2070 2231 Lepsius

82 2248 161 2290 XII
191 2259 234 2302 p.
260 2252 304 2289 84
343 2260 385 2290 n.
411 2251 504 2302 443,
533 2252 567 2288 4.
623 2248 667 2289 C.
690 2249 721 2290 1.
745 2249 792 2289 G.
818 2251 927 2290 4836
944 2246 987 2290 h.
1050 2244 1160 2290 Πανὶ
1190 2244 1371 2305 Εὐάγρῳ
1414 2249 1603 2303 Lepsius
1634 2250 1715 2290 XII
1752 2260 1795 2302 p.
1820 2252 1864 2291 84
1905 2262 1947 2292 n.
1971 2252 2069 2290 434.

82 2321 331 2374 Principale
361 2331 612 2374 cognomen
643 2316 805 2367 Εὖοδος
837 2321 1126 2374 aptissimum
1165 2331 1264 2362 esse
1296 2321 1380 2363 deo
1412 2322 1491 2374 qui
1523 2321 1580 2362 ad
1611 2322 1734 2363 viam
1765 2322 2070 2375 periculosam

82 2404 164 2447 per
194 2393 372 2435 deserta
402 2393 640 2435 colebatur
670 2395 831 2447 sponte
870 2394 1005 2447 patet.
1067 2393 1309 2446 Templum
1350 2394 1442 2434 iam
1483 2394 1767 2435 Pharaonum
1808 2395 1954 2436 aetate
1994 2405 2069 2435 ex-

81 2467 307 2507 structum
338 2468 447 2520 erat,
486 2466 807 2519 inscriptiones
838 2466 999 2519 parieti
1030 2466 1198 2507 incisae
1230 2465 1626 2520 duodesexaginta,
1665 2477 1779 2519 quas
1809 2466 2071 2519 plenissime

81 2529 497 2581 et'accuratissime
527 2538 768 2592 exscripsit
799 2538 1000 2592 Lepsius,
1040 2549 1183 2592 paene
1226 2549 1385 2580 omnes
1415 2538 1779 2581 Ptolemaeorum
1817 2549 1956 2592 regno
1995 2550 2071 2580 ex-

82 2612 231 2653 aratae
249 2613 367 2664 sunt,
391 2622 649 2665 perpaucae
669 2622 751 2664 per
766 2611 1082 2652 Romanorum
1105 2611 1387 2664 principatus
1409 2611 1549 2653 initia.
1589 2610 1944 2664 Antiquissimae
1967 2614 2073 2653 sunt

82 2694 122 2724 n.
148 2687 215 2725 3⁰.
239 2686 307 2736 38,
339 2694 455 2736 quae
486 2682 543 2724 ad
564 2683 841 2737 Philadelphi
861 2684 1106 2736 imperium
1131 2683 1333 2724 redeunt.
1474 2686 1497 2725 4
1539 2683 1681 2738 Hunc,
1713 2685 1884 2739 quippe
1915 2686 1995 2738 qui
2026 2686 2071 2726 et

81 2755 231 2808 primo
261 2755 361 2797 loco
392 2756 682 2797 recenseatur
712 2757 756 2796 et
785 2766 904 2796 unus
935 2756 1053 2796 inter
1084 2766 1241 2796 omnes
1272 2755 1444 2797 nomini
1476 2757 1689 2808 paternae
1720 2757 1904 2809 originis
1937 2757 2072 2810 signi-

81 2827 337 2868 ficationem
369 2827 595 2881 adiungat,
634 2828 822 2880 reliquis
853 2838 1065 2881 praeesse
1095 2829 1255 2869 statuit
1285 2828 1509 2881 Schwarz,
1549 2830 1672 2870 recte
1713 2829 1751 2870 si
1782 2829 1894 2882 quid
1925 2829 2071 2870 video.

0 2901 1 2904 ’
83 2899 302 2941 Incertius
332 2901 402 2941 est
431 2900 554 2953 quod
584 2899 705 2941 idem
736 2912 762 2941 a
783 2900 891 2942 Cille
912 2901 1155 2942 Macedone
1187 2900 1301 2942 duce
1324 2900 1551 2942 exercitus
1572 2901 1816 2942 Ptolemaei
1836 2902 1854 2940 Ι
1877 2900 2071 2952 (Diodor.

83 2970 199 3024 XIX,
222 2974 289 3026 93,
314 2975 350 3013 4.
391 2972 506 3013 Plut.
527 2972 724 3013 Demetr.
749 2971 785 3023 6)
817 2973 939 3014 hunc
972 2972 1143 3014 ordinis
1174 2973 1409 3014 ductorem
1451 2983 1617 3014 nomen
1655 2974 1884 3025 accepisse
1924 2973 2072 3025 suspi-

1 3042 4 3073 ὅ
86 3044 226 3084 catur.
375 3047 397 3085 5
437 3043 473 3084 Α
504 3044 779 3098 Philemone,
823 3045 902 3097 qui
933 3045 1178 3086 Ptolemaei
1209 3045 1247 3085 ΙΙ
1277 3045 1557 3098 Philadelphi
1587 3044 1842 3097 praefectus
1874 3055 2072 3085 comme-

85 3116 288 3157 moretur
318 3127 343 3157 a
373 3115 484 3158 Iuba
515 3115 639 3169 apud
670 3116 863 3158 Plinium
895 3116 993 3158 Nat.
1024 3117 1127 3158 hist.
1150 3117 1368 3170 XXXVII,
1394 3121 1475 3158 408
1509 3117 1588 3164 (Fr.
1619 3117 1721 3156 hist.
1754 3116 1824 3156 Gr.
1849 3116 1906 3154 ΙΙΙ
1927 3126 1970 3168 p.
1990 3118 2068 3157 480

85 3185 135 3228 fr.
159 3187 240 3241 64),
270 3188 392 3229 hunc
423 3187 765 3229 denominatum
796 3190 955 3230 statuit
986 3190 1208 3231 Schwarz.
1268 3189 1325 3230 At
1356 3189 1401 3230 id
1432 3200 1538 3229 cum
1570 3199 1651 3241 per
1683 3198 1730 3227 se
1760 3188 1806 3227 in
1838 3188 1962 3228 tanta
1992 3199 2072 3229 no-

87 3259 218 3301 minis
262 3259 514 3313 frequentia
558 3261 860 3313 improbabile
906 3263 987 3314 est,
1034 3263 1132 3302 tum
1179 3261 1299 3314 apud
1341 3260 1537 3303 Plinium
1585 3271 1668 3312 pro
1707 3256 1973 3301 Philemone
2016 3271 2072 3300 ex

89 3331 270 3382 optimis
301 3331 427 3373 libris
458 3333 780 3385 manuscriptis
811 3335 1045 3386 receptum
1077 3334 1146 3374 est
1175 3330 1381 3374 Philone.
1534 3335 1556 3371 6
1601 3331 1804 3373 ΑΡΞΙΟΣ
1835 3330 2071 3384 Letronne,

88 3402 300 3445 ΑΓΞΙΟΣ
331 3404 531 3456 Lepsius
592 3404 656 3445 De
685 3400 844 3460 Ἄρειος
875 3417 982 3447 cum
1013 3406 1105 3455 iam
1136 3406 1349 3446 Franzius
1380 3403 1635 3445 dubitasset
1665 3404 1710 3443 et
1737 3403 1900 3444 vitium
1933 3404 2073 3446 latere

89 3475 342 3527 suspicatus
373 3478 506 3529 esset,
538 3476 768 3519 lenissima
800 3479 1050 3519 mutatione
1081 3488 1246 3518 nomen
1268 3477 1488 3517 Graecum
1521 3475 1656 3527 atque
1687 3475 1733 3515 in
1754 3474 1960 3529 Aegypto
1993 3487 2072 3529 po-

12 3571 14 3594 ,
87 3544 316 3589 tissimum
346 3548 469 3590 haud
500 3548 759 3602 infrequens
791 3551 981 3591 restitui.
