2314 3970
253 192 349 241 110
925 189 973 228 ll.
1022 188 1221 266 Regnum
1252 189 1534 240 Lagidarum.
2089 190 2217 242 [55-

311 374 363 414 75
397 356 736 427 ἀναθέΙΙτωσαν
777 358 828 408 ἐν
866 360 958 408 τῶι
995 355 1396 428 ἐπιφανεστάτωι
1421 359 1579 411 τόπωι
1615 362 1711 412 τῶν
1747 379 1800 412 τε
1825 360 2034 430 πρώτων
2078 361 2222 430 ἱερῶν

391 443 475 497 καὶ
522 444 761 513 δευτέρων
809 441 895 495 καὶ
938 443 1113 513 τρίτων
1129 445 1212 511 ¹3⁸,
1257 445 1391 503 ὅπως
1438 444 1486 496 οἱ
1532 441 1663 497 κατὰ
1709 445 1797 516 τὴν
1841 446 2013 516 χώραν
2077 446 2224 516 ἱερεῖς

392 530 667 602 φαίνωνται
727 530 1044 597 τιμῶντες139
1104 527 1218 589 τοὺς
1273 527 1553 601 Εὐεργέτας
1609 528 1758 591 θεοὺς
1813 530 1899 583 καὶ
1955 528 2019 583 τὰ
2076 533 2226 585 τέκνα

391 618 570 683 αὐτῶν,
612 614 619 679 Ι
660 612 895 685 καθάπερ
934 614 1129 668 δίκαιόν
1170 617 1317 668 ἐστιν.

363 780 442 817 438
483 777 554 816 Sic
584 772 637 827 Β,
678 785 783 815 cum
814 775 860 815 in
890 772 933 816 A
962 777 1153 828 propter
1184 776 1318 828 spatii
1349 776 1579 827 angustias
1621 778 1752 817 notae
1782 777 2037 817 numerales
2066 781 2151 817 τῶν
2181 790 2225 816 τε

243 838 283 889 α’
314 847 434 903 ἱερῶν
465 846 538 888 καὶ
569 835 607 902 β’
635 845 709 887 καὶ
739 835 777 903 γ’
806 847 907 888 sint.
969 847 1082 888 Cum
1120 847 1277 888 eadem
1317 848 1570 899 legerentur
1610 848 1654 888 in
1695 847 1782 888 fine
1823 849 1942 889 tituli
1983 848 2225 901 Rosettani,

244 920 323 961 sed
353 920 525 972 mutila,
566 919 837 960 Letronnius
870 918 1110 972 ambiguus
1142 918 1357 960 haerebat
1388 921 1544 959 utrum
1577 919 1632 959 de
1663 919 1810 960 tribus
1852 921 2127 973 templorum
2169 932 2225 961 an

241 993 431 1034 deorum
463 990 698 1032 ordinibus
729 991 969 1032 diceretur.
1030 991 1117 1031 Sed
1147 991 1422 1044 templorum
1464 990 1649 1043 quidem
1679 1003 1907 1044 nusquam
1949 1003 2226 1033 commemo-

241 1064 331 1104 rari
361 1062 586 1104 eiusmodi
606 1061 973 1103 distributionem
984 1072 994 1113 ;
1026 1073 1132 1103 nam
1154 1062 1350 1103 Platonis
1381 1063 1677 1115 praeceptum
1709 1062 1837 1114 Legg.
1860 1062 1931 1116 VI,
1954 1066 2033 1103 760
2054 1064 2113 1103 A:
2154 1077 2226 1103 τα-

243 1134 341 1191 μίας
370 1133 418 1176 δὲ
448 1133 500 1191 δὴ
535 1156 589 1163 —·
620 1131 833 1190 αἱρεῖσθαι
872 1133 948 1188 μὲν
989 1133 1038 1175 ἐκ
1074 1138 1158 1174 τῶν
1201 1132 1406 1191 μεγίστων
1436 1132 1690 1190 τιμημάτων
1727 1137 1841 1190 τρεῖς
1876 1132 1937 1180 εἰς
1967 1134 2020 1176 τὰ
2052 1132 2227 1189 μέγιστα

243 1205 347 1262 ἱερά,
380 1204 454 1248 δύο
486 1200 516 1246 δ’
541 1205 601 1252 εἰς
630 1205 684 1248 τὰ
704 1204 971 1264 σμικρότερα,
1002 1205 1106 1262 πρὸς
1129 1204 1176 1247 δὲ
1194 1204 1247 1246 τὰ
1268 1203 1560 1261 ἐμμελέστατα
1582 1202 1656 1247 ἕνα
1685 1217 1797 1247 num
1818 1205 1876 1247 ab
1896 1206 2226 1259 Aegyptiorum
2311 1251 2314 1253 ,

240 1279 460 1320 institutis
504 1277 722 1331 penderet
765 1278 989 1318 incertum
1035 1287 1153 1329 esse;
1207 1277 1331 1330 quod
1375 1279 1534 1319 contra
1578 1277 1770 1318 deorum
1815 1279 1908 1318 tres
1954 1277 2136 1318 ordines
2181 1279 2227 1318 in

239 1351 444 1403 Aegypto
475 1350 567 1391 iam
598 1350 655 1390 ab
677 1349 904 1390 Herodoto
937 1349 1296 1390 commemorari
1327 1349 1377 1402 11,
1401 1352 1506 1390 ⁴45:
1538 1344 1630 1405 παρ’
1656 1345 1917 1405 Αἰγυπτίοισι
1949 1349 1998 1390 δὲ
2026 1346 2117 1390 Πὰν
2149 1348 2225 1405 μὲν
2311 1394 2314 1395 ⁷

243 1421 523 1480 ἀρχαιότατος
552 1419 626 1462 καὶ
655 1425 740 1461 τῶν
773 1419 885 1462 ὀκτὼ
914 1425 1000 1462 τῶν
1031 1421 1209 1476 πρώτων
1239 1418 1483 1477 λεγομένων
1514 1418 1639 1475 θεῶν,
1672 1414 1910 1479 Ἠρακλέης
1941 1418 1988 1462 δὲ
2017 1426 2101 1462 τῶν
2133 1419 2227 1463 δευ-
2309 1433 2314 1446 ⁴

240 1492 374 1551 τὲρων
404 1497 488 1534 τῶν
520 1489 714 1534 δυώδεκα
733 1489 975 1549 λεγομένων
1006 1489 1125 1546 εἶναι,
1156 1489 1359 1538 Διόνυσος
1390 1491 1436 1533 δὲ
1464 1496 1550 1533 τῶν
1570 1491 1734 1548 τρίτων,
1767 1490 1810 1533 οἳ
1841 1490 1891 1534 ἐκ
1919 1498 2004 1533 τῶν
2034 1490 2227 1534 δυώδεκα
2308 1483 2314 1511 ²

240 1563 352 1607 θεῶν
384 1562 588 1620 ἐγένοντο.
650 1563 798 1612 Quare
835 1564 921 1604 nisi
957 1563 1107 1605 versio
1140 1563 1480 1617 hieroglyphica
1513 1564 1700 1606 alteram
1728 1564 2068 1606 commendaret
2098 1565 2226 1605 resti-

240 1638 476 1689 tutionem,
509 1633 618 1677 θεῶν
651 1635 708 1677 ad
738 1636 931 1692 πρώτων,
963 1633 1185 1691 δευτέρων,
1214 1635 1365 1691 τρίτων
1399 1636 1704 1689 supplendum
1726 1647 1846 1689 esse;
1877 1637 1968 1678 iam
2001 1637 2224 1689 integrum

241 1709 477 1751 decretum
508 1708 758 1761 Canopium
790 1719 970 1749 omnem
1003 1707 1332 1749 dubitationem
1364 1708 1535 1761 eximit,
1567 1709 1678 1761 quin
1708 1709 1887 1750 numeri
1915 1708 2139 1750 ordinales
2170 1708 2227 1749 ad

242 1779 362 1839 ἱερῶν
395 1781 612 1833 spectent.
674 1779 843 1820 Verum
873 1779 921 1820 id
950 1780 1203 1820 rectissime
1233 1780 1323 1821 iam
1355 1780 1622 1821 Letronnius
1653 1779 1930 1833 observavit,
1969 1781 2016 1820 in
2046 1790 2224 1822 summa

242 1853 488 1894 sententiae
525 1851 636 1892 nihil
673 1851 947 1892 discriminis
986 1862 1098 1905 esse,
1139 1851 1364 1904 siquidem
1395 1852 1633 1894 manifesto
1674 1853 1825 1906 primi,
1865 1852 2065 1905 secundi,
2105 1852 2226 1892 tertii

237 1924 407 1967 ordinis
438 1923 626 1965 delubra
663 1934 717 1965 ea
753 1924 853 1976 ipsa
882 1925 1046 1977 essent,
1085 1924 1131 1964 in
1170 1923 1340 1976 quibus
1369 1925 1519 1978 primi,
1558 1925 1759 1977 secundi,
1798 1925 1921 1965 tertii
1952 1924 2123 1965 ordinis
2153 1923 2224 1965 dei

241 1996 508 2037 colerentur.
656 1998 737 2036 439
775 2000 991 2051 τιμῶντας
1025 1995 1076 2036 A.

237 2299 417 2349 urbem
442 2299 626 2364 Lyciae
653 2297 879 2364 (Ptolem.
903 2299 961 2364 V,
984 2296 1087 2365 28),
1116 2299 1336 2365 quinque
1362 2300 1693 2349 miliariorum
1719 2299 2040 2363 Anglicorum
2067 2299 2222 2349 inter-

239 2386 371 2435 vallo
410 2400 441 2434 a
476 2385 643 2434 littore
666 2385 837 2434 maris.
904 2385 981 2433 Ex
1018 2384 1108 2434 Th.
1138 2386 1301 2434 Bentii
1328 2388 1511 2451 ectypo
1545 2386 1622 2435 ed.
1651 2387 1704 2434 E.
1735 2387 1788 2434 L.
1818 2385 1973 2434 Hicks
2011 2386 2221 2435 Journal

241 2471 300 2520 of
331 2472 455 2521 Hell.
483 2471 615 2521 stud.
643 2471 710 2520 IX
747 2468 788 2538 (4
804 2468 925 2538 888)
962 2487 1013 2537 p
1044 2472 1111 2520 88
1149 2486 1197 2520 n.
1230 2472 1249 2520 4
1300 2468 1406 2539 (Ch.
1437 2470 1614 2521 Michel
1652 2472 1854 2521 Recueil
1892 2467 2092 2522 d'inscr.
2136 2471 2219 2521 Gr.

2294 1678 2314 1858 3

350 2211 423 2266 57
471 2214 625 2278 Lapis
662 2214 794 2262 muri
832 2213 1025 2278 antiqui
1061 2214 1192 2262 inter
1228 2214 1465 2279 reliquias
1492 2213 1720 2279 oppiduli
1758 2215 1839 2262 siti
1868 2228 2030 2280 prope
2056 2214 2223 2279 Lydas
2270 2091 2306 2449 ἰ

2270 2449 2291 2487 4

239 2572 289 2622 p.
316 2557 417 2608 442
445 2572 493 2608 n.
519 2557 638 2607 548.
692 2557 753 2606 M.
766 2557 821 2606 L.
844 2557 1025 2607 Strack
1050 2558 1139 2607 Die
1164 2558 1408 2623 Dynastie
1433 2558 1525 2607 der
1547 2558 1835 2608 Ptolemaer
1859 2573 1908 2623 p.
1925 2557 2027 2607 236
2056 2573 2105 2607 n.
2120 2556 2222 2621 52).
2263 2487 2290 2672 ἔ

386 2695 749 2757 Βασιλεύοντος
789 2696 1104 2768 Πτολεμαίου
1129 2699 1251 2768 το[ῢ]
1287 2697 1559 2768 Πτολ[εμ]α
1562 2698 1724 2768 [ί]ου1,
1763 2698 1902 2758 ἔτους
1943 2699 1949 2770 Ι
1991 2699 2223 2769 ὀγδόου),
2263 2692 2282 2777 ζ

355 2858 626 2899 Litteratura
655 2857 863 2910 volgaris,
897 2858 982 2898 nisi
1013 2857 1137 2910 quod
1167 2860 1207 2899 Ο
1239 2859 1285 2898 et
1313 2858 1355 2898 Ω
1384 2857 1570 2910 reliquis
1611 2857 1773 2898 litteris
1815 2858 2045 2911 aliquanto
2077 2858 2221 2899 mino·
2259 2778 2277 2922 ξ

241 2939 314 2969 res
354 2931 471 2969 sunt.
619 2931 635 2967 4
682 2929 990 2969 Ptolemaeum
1028 2930 1086 2970 III
1124 2929 1392 2982 Euergetam
1439 2930 1673 2980 (246-224
1718 2941 1756 2970 a.
1793 2929 1909 2980 Chr.)
1957 2929 2223 2981 intellegunt
2258 2926 2273 2966 4

241 3001 375 3042 Hicks
416 3003 461 3041 et
501 3000 670 3053 Strack,
707 3000 1016 3041 Ptolemaeum
1055 3002 1094 3040 11
1133 3001 1475 3053 Philadelphum
1516 3001 1756 3052 (285—246
1786 3013 1823 3042 a.
1857 3001 1974 3052 chr.)
2014 3001 2059 3042 B.
2089 3000 2220 3042 Nieso
2260 2967 2274 3063 ξ

242 3072 398 3113 Gesch.
422 3071 503 3112 der
522 3083 585 3124 gr.
608 3083 653 3112 u.
675 3071 850 3112 maked.
874 3073 1052 3112 Staaten
1073 3071 1110 3112 11
1140 3083 1183 3124 p.
1206 3075 1287 3112 402
1320 3074 1411 3112 not.
1436 3075 1459 3111 3
1499 3074 1544 3112 et
1574 3072 1609 3112 J.
1632 3073 1676 3112 P.
1699 3072 1895 3125 Mahaffy
1924 3073 2016 3113 The
2046 3074 2219 3126 empire
2263 3090 2274 3106 .·
2312 3099 2314 3104 η

242 3143 289 3184 of
315 3145 391 3185 the
423 3143 663 3184 Ptolemies
693 3154 736 3196 p.
769 3146 863 3184 487.
924 3143 1082 3196 Utique
1120 3146 1437 3196 argumentum
1475 3144 1595 3184 tituli
1643 3145 1754 3184 nihil
1789 3145 1938 3197 habet,
1980 3156 2071 3197 quo
2110 3145 2220 3185 haec
2263 3152 2265 3155 ⁴
2311 3129 2314 3163 ³

241 3216 294 3256 lis
326 3216 584 3267 dirimatur;
616 3227 721 3256 nam
741 3216 926 3268 Lyciam
957 3217 1003 3256 et
1025 3215 1202 3256 Cariam
1223 3216 1465 3268 Euergetes
1497 3218 1541 3256 et
1572 3227 1596 3256 a
1618 3218 1746 3268 patre
1767 3217 2015 3257 hereditate
2046 3215 2257 3268 accepit
2267 3178 2314 3278 3

243 3288 297 3337 (n.
322 3290 389 3339 54,
411 3288 450 3338 7)
482 3289 527 3327 et
556 3297 637 3340 per
666 3289 818 3328 totum
848 3298 1039 3340 regnum
1069 3287 1226 3328 tenuit.
1278 3287 1335 3327 At
1365 3288 1704 3340 simplicitatem
1725 3287 1945 3329 formulae
1976 3286 2217 3342 βασιλεῦον·
2243 3293 2265 3357 ᾗ
2307 3273 2314 3348 3

239 3371 311 3402 τος
343 3354 608 3412 Πτολεμαίου
639 3361 715 3399 τοῦ
745 3355 1009 3414 Πτολεμαίου
1040 3358 1220 3399 Niesius
1251 3358 1361 3399 nihil
1392 3359 1518 3399 dubii
1549 3359 1802 3412 relinquere
1827 3359 2008 3410 indicat,
2042 3359 2149 3411 quia
2178 3357 2216 3398 si
2243 3359 2262 3407 5

242 3428 488 3480 Euergetae
525 3432 645 3471 esset
680 3430 854 3483 titulus,
895 3431 1048 3483 potius
1087 3427 1380 3485 βασιλεύοντος
1419 3427 1686 3485 Πτολεμαίου
1725 3433 1800 3472 τοῦ
1838 3427 2106 3485 Πτολεμαίου
2146 3426 2254 3470 καὶ
2237 3409 2260 3453 ³
2302 3481 2305 3494 ,

241 3494 450 3554 Ἀρσινόης
479 3498 590 3542 θεῶν
615 3496 824 3557 Ἀδελφῶν
857 3503 922 3554 (ut
951 3507 1019 3558 55,
1042 3505 1080 3543 2.
1105 3505 1142 3542 3.
1175 3505 1243 3555 56,
1265 3505 1304 3542 4.
1337 3505 1404 3554 60,
1428 3504 1467 3543 4.
1490 3505 1529 3543 2.
1563 3506 1629 3555 64,
1654 3506 1698 3544 4.
1718 3506 1757 3544 2.
1791 3505 1858 3555 65,
1882 3502 1920 3553 2)
1954 3498 2258 3554 legeremus
2301 3501 2303 3508 ⁴

242 3572 299 3611 At
328 3571 415 3612 hoc
445 3572 685 3614 discrimen
715 3586 805 3615 non
825 3575 938 3615 tanti
958 3573 1178 3616 momenti
1198 3584 1296 3615 esse
1325 3574 1436 3614 mihi
1457 3574 1650 3628 videtur,
1682 3575 1788 3627 quia
1808 3575 1852 3614 et
1872 3574 1918 3614 in
1941 3557 2257 3649 Philadelphi?
2300 3578 2301 3592 *

243 3643 385 3685 titulis
416 3646 558 3685 mater
594 3645 730 3687 modo
772 3648 1160 3688 commemoratur
1197 3645 1250 3698 (n.
1274 3649 1341 3699 22,
1365 3649 1401 3685 4.
1443 3648 1510 3699 23,
1535 3649 1573 3686 2.
1616 3650 1683 3699 26,
1709 3650 1746 3687 4.
1771 3647 1823 3700 2),
1864 3646 2003 3686 modo
2043 3630 2250 3686 tacetur'
2295 3628 2300 3701 ⁴¹
