2314 3970
217 189 319 239 642
664 190 754 230 VII.
800 190 948 241 Regna
978 188 1296 230 Arsacidarum
1328 190 1372 230 et
1403 190 1734 231 Sasanidarum.
2034 192 2191 244 [434-

471 378 506 412 α
557 356 902 431 Ἀλφασάτης,
985 357 1276 430 Μιθράτης,
1370 358 1511 413 Πεπ1
1519 390 1710 400 ------
1786 364 1805 412 4

471 460 501 511 b
558 458 862 530 Γωτάρζης2
902 460 908 530 1
951 458 1208 531 σατράπης
1242 462 1338 512 τῶν
1368 461 1711 532 σατραπ[ῶν].3
1785 465 1833 516 2.
1864 466 1892 514 3

329 626 344 662 4
394 622 448 662 Ηί
479 623 686 674 satrapae
726 631 824 661 esse
855 619 1069 661 videntur
1099 621 1178 673 qui
1217 620 1303 661 sub
1335 621 1538 662 Gotarzis
1569 621 1762 674 imperio
1795 620 1899 673 (not.
1931 622 1968 673 3)
2002 621 2196 664 fuerunt.

211 694 404 735 Nomina
424 693 698 734 Rawlinsoni
721 692 1032 745 apographum
1056 692 1251 745 exhibet,
1283 703 1387 733 cum
1412 693 1532 746 apud
1554 693 1833 734 Flandinium
1866 693 2000 734 modo
2024 694 2198 735 litterae
2263 750 2267 759 .

213 767 440 809 A‘ATl-lz
484 766 585 806 ΜΙΘ
632 765 800 806 ΗΣΠΕΓ
842 765 1032 817 exstent,
1080 775 1196 816 quae
1237 764 1365 806 vides
1406 775 1631 817 nusquam
1672 776 1777 806 cum
1823 765 1943 806 illius
1989 766 2197 819 exemplo

212 849 425 890 pugnare.
479 837 679 878 Primum
713 838 757 877 et
788 836 974 877 tertium
1008 837 1191 878 nomina
1222 836 1431 890 obscura,
1465 837 1664 878 medium
1697 837 1934 879 manifesto
1967 850 1991 878 a
2011 839 2200 879 Mithrae

213 909 283 950 dei
314 909 496 950 nomine
539 909 793 950 derivatum
827 919 879 949 ac
910 907 1099 950 fortasse
1130 908 1187 949 ab
1219 908 1295 949 illo
1327 909 1611 950 nobilissimo
1651 909 1775 962 quod
1814 911 1883 950 est
1919 905 2199 968 Μιθραδάτης

212 993 303 1022 non
334 982 579 1023 diversum.
767 984 790 1021 2
833 980 1009 1023 Nomen
1041 982 1084 1022 in
1117 981 1317 1022 nummis
1356 982 1523 1034 partim
1553 983 1607 1022 ut
1646 981 1720 1022 hic
1752 977 1993 1038 Γωτάρζης,
2031 982 2198 1035 partim

210 1049 434 1110 Γωτέρζης
466 1053 694 1095 scribitur.
745 1052 878 1105 Apud
899 1053 1104 1094 Tacitum
1125 1052 1235 1094 Ann.
1257 1053 1332 1106 XI,
1356 1057 1379 1094 8
1419 1050 1663 1095 Gotharzes
1693 1054 1738 1094 in
1769 1054 1924 1095 codice
1950 1055 2019 1094 est
2049 1055 2198 1107 primo

211 1127 326 1179 loc0,
368 1125 529 1167 deinde
560 1126 606 1165 in
646 1124 807 1166 eodem
839 1125 986 1178 capite
1025 1127 1070 1166 et
1100 1125 1172 1178 XI,
1197 1129 1236 1166 9.
1262 1129 1328 1166 4ο.
1366 1125 1460 1178 XII,
1487 1129 1552 1168 40.
1578 1129 1644 1166 43.
1669 1128 1721 1166 44
1755 1126 1933 1166 deciens
1971 1123 2198 1180 Gotarzes,

211 1198 333 1251 apud
362 1198 609 1251 Iosephum
639 1198 739 1238 Ant.
761 1197 858 1250 XX,
883 1200 934 1236 73
977 1191 1203 1253 Κοτάρὸης
1240 1194 1461 1254 (ι’κοτάρδη
1493 1197 1597 1238 libri
1629 1198 1714 1251 AE,
1753 1196 1946 1254 κατάρδη
1976 1198 2091 1251 MW,
2129 1210 2199 1240 co-
2260 1215 2262 1217 ·
2311 1255 2313 1265 A

209 1267 336 1312 tardi
370 1271 522 1311 versio
556 1269 738 1323 Latina),
779 1269 901 1322 apud
939 1270 1098 1310 Persas
1138 1270 1413 1311 recentiores
1451 1267 1625 1312 Gdderx
1655 1270 1727 1311 vel
1763 1266 1963 1312 Gffdaffx.
2015 1282 2057 1311 v.
2091 1271 2199 1312 Gut-

210 1342 389 1383 schmid
420 1353 462 1394 p.
489 1345 555 1382 43.
616 1343 680 1382 De
718 1342 904 1383 nomine
942 1341 995 1382 cf.
1029 1342 1071 1382 F.
1095 1341 1211 1382 Justi
1243 1342 1496 1383 Iranisches
1526 1341 1824 1384 Namenbuch
1854 1354 1898 1395 p.
1923 1345 2018 1383 448.
2079 1342 2200 1384 Unus

210 1415 346 1455 huius
383 1414 579 1455 nominis
619 1414 773 1467 homo,
814 1426 951 1467 quem
994 1414 1240 1466 scriptores
1270 1416 1448 1455 veteres
1480 1415 1721 1468 noverunt,
1761 1414 1977 1455 Artabani
2008 1415 2065 1455 ΙΙΙ
2095 1415 2199 1456 Par-

209 1487 395 1528 thorum
434 1487 551 1538 regis
591 1486 774 1538 (40-40
808 1497 851 1539 p.
882 1486 998 1538 Chr.)
1038 1486 1159 1527 filius
1196 1497 1289 1527 non
1328 1497 1571 1539 germanus
1611 1486 1797 1539 quidem
1835 1487 1916 1528 sed
1955 1486 2199 1539 adoptivus

211 1559 317 1610 (not.
341 1559 393 1611 5),
426 1559 516 1599 iam
548 1559 623 1599 illo
656 1558 901 1611 superstite
934 1558 1196 1611 proximum
1229 1560 1335 1611 post
1366 1559 1517 1611 ipsum
1541 1569 1693 1610 regem
1715 1558 1945 1610 dignitatis
1967 1561 2012 1599 et
2041 1560 2199 1612 poten-

209 1631 297 1671 tiae
331 1631 485 1671 locum
512 1630 695 1671 tenebat
723 1630 827 1682 (not.
853 1630 911 1682 3);
945 1629 1155 1671 defuncto
1178 1629 1404 1671 Artabano
1437 1641 1542 1671 oum
1560 1630 1790 1671 Vardanes
1814 1641 2056 1682 germanus
2079 1630 2199 1671 filius

211 1703 519 1755 successisset,
560 1703 772 1745 Gotarzes
808 1714 914 1743 eum
952 1713 1090 1754 regno
1133 1702 1354 1755 spoliasse
1384 1702 1586 1754 videtur;
1624 1705 1745 1743 certe
1785 1714 1904 1743 anno
1939 1705 1982 1743 44
2021 1714 2064 1756 p.
2096 1703 2198 1743 Chr.

209 1787 362 1828 regem
394 1775 514 1815 hunc
544 1774 683 1816 fuisse
714 1776 902 1816 constat.
953 1774 1010 1814 At
1041 1786 1145 1815 cum
1178 1775 1422 1816 crudeliter
1448 1776 1730 1828 imperasset,
1752 1775 1983 1816 Vardanes
2004 1785 2200 1828 propere
2267 1815 2269 1817 ,

210 1848 427 1888 advolans
471 1847 546 1887 illo
588 1847 780 1900 expulso
825 1858 1016 1899 regnum
1058 1847 1367 1900 recuperavit;
1413 1847 1518 1887 inde
1563 1859 1589 1888 a
1634 1858 1790 1888 mense
1826 1847 1955 1887 Iunio
1999 1847 2103 1888 anni
2146 1849 2198 1886 42

211 1931 254 1972 p.
279 1920 378 1960 Chr.
411 1930 516 1959 cum
548 1919 646 1959 eius
678 1919 871 1970 imagine
911 1919 1089 1959 nummi
1127 1919 1227 1959 cusi
1267 1919 1385 1959 sunt.
1445 1918 1509 1959 Ac
1549 1919 1727 1972 primus
1765 1919 1949 1972 quidem
1994 1918 2199 1959 Gotarzis
2256 1964 2258 1966 ,

211 1993 402 2032 conatus
434 2002 538 2031 eum
570 1991 718 2031 denuo
752 1990 984 2031 evertendi
1016 1990 1183 2031 frustra
1213 1990 1309 2043 fuit,
1349 1990 1422 2031 ille
1453 2001 1559 2031 cum
1590 1990 1726 2031 fratre
1765 1991 1812 2031 in
1842 1991 2034 2043 gratiam
2065 1990 2200 2031 rediit

211 2065 256 2103 et
294 2064 338 2103 in
371 2063 641 2115 Hyrcaniam
686 2073 733 2103 se
772 2063 975 2103 contulit.
1026 2063 1211 2115 Aliquot
1249 2063 1376 2103 annis
1407 2064 1512 2115 post
1543 2073 1649 2103 cum
1687 2063 1853 2103 iterum
1894 2074 2021 2104 arma
2051 2063 2198 2115 cepis-

210 2136 291 2187 set,
324 2135 489 2175 iterum
522 2134 708 2187 quidem
725 2134 955 2175 Vardanes
986 2135 1032 2174 in
1062 2135 1240 2186 proelio
1271 2135 1419 2175 victor
1450 2134 1545 2175 fuit.
1607 2134 1690 2175 Sed
1722 2135 1779 2175 ab
1811 2134 2086 2188 hominibus,
2117 2135 2197 2187 qui

211 2209 397 2260 propter
446 2206 760 2247 crudelitatem
806 2207 922 2259 regis
973 2207 1336 2248 coniurationem
1384 2206 1592 2260 fecerant,
1645 2207 1797 2260 paullo
1843 2209 1948 2259 post
1993 2218 2196 2248 mensem
2252 2252 2258 2262 ἶ
2295 2206 2301 2222 “

209 2279 466 2331 Augustum
499 2291 536 2320 a.
569 2281 620 2320 45
651 2290 692 2332 p.
719 2279 835 2332 Chr.,
868 2290 959 2332 quo
993 2279 1229 2320 etiamtum
1262 2290 1480 2320 nummus
1511 2280 1608 2320 eius
1640 2279 1856 2332 auspiciis
1887 2280 2081 2320 emissus
2113 2281 2196 2332 est,

211 2352 319 2392 dum
350 2353 396 2392 in
427 2352 664 2392 venatione
686 2353 897 2392 versatur
926 2351 1204 2404 interfectus,
1238 2351 1451 2392 Gotarzes
1483 2351 1540 2392 ad
1569 2352 1739 2404 regiam
1772 2351 2034 2403 dignitatem
2067 2362 2197 2392 evec-

210 2426 283 2464 tus
315 2425 396 2465 est.
449 2423 536 2472 Qui
567 2435 671 2464 cum
699 2434 889 2476 regnum
922 2436 947 2464 a
968 2423 1224 2464 Meherdate
1246 2424 1442 2477 aemulo,
1474 2434 1610 2476 quem
1635 2423 1849 2465 Claudius
1871 2423 2034 2464 Caesar
2053 2423 2199 2464 Roma

208 2496 469 2548 petentibus
510 2496 712 2537 Gotarzis
750 2496 1023 2537 adversariis
1062 2497 1260 2549 miserat,
1301 2496 1440 2537 armis
1475 2495 1665 2536 feliciter
1700 2495 1985 2549 defendisset,
2031 2494 2195 2536 morbo
2260 2551 2262 2553 Ι
2296 2488 2305 2530 '2

210 2568 406 2609 decessit
436 2569 553 2609 inter
586 2579 788 2609 mensem
820 2568 1000 2608 Iunium
1032 2569 1136 2609 anni
1168 2572 1214 2609 54
1253 2570 1298 2608 et
1328 2568 1642 2621 Septembrem
1684 2567 1888 2609 eiusdem
1927 2568 2050 2620 anni3
2091 2578 2197 2608 nam

210 2640 286 2681 illa
315 2641 536 2692 temporis
567 2641 673 2681 nota
695 2640 932 2681 etiamtum
964 2640 1123 2694 ipsius,
1155 2640 1240 2681 hac
1269 2641 1360 2681 iam
1381 2640 1586 2681 Vononis
1607 2641 1645 2679 11
1676 2640 1954 2681 successoris
1980 2650 2197 2680 nummus

211 2713 412 2764 signatus
444 2714 524 2753 est.
586 2713 658 2753 Sic
687 2713 896 2765 tempora
934 2724 1086 2753 rerum
1127 2713 1263 2753 huius
1305 2713 1437 2765 regis,
1478 2712 1533 2753 de
1571 2711 1739 2765 quibus
1771 2711 2087 2753 difficillimum
2127 2714 2198 2752 est

209 2785 429 2825 iudicium
468 2785 667 2825 maxime
706 2786 896 2837 propter
936 2785 1076 2825 Taciti
1126 2787 1171 2825 et
1217 2796 1514 2826 nummorum
1560 2784 1924 2838 discrepantiam,
1971 2784 2197 2836 disposuit

208 2857 257 2897 A.
280 2869 322 2897 v.
347 2857 614 2897 Gutschmid
637 2857 794 2897 Gesch.
817 2868 911 2898 von
931 2857 1031 2898 Iran
1062 2868 1105 2910 p.
1129 2859 1371 2911 ⁴23—428,
1404 2869 1509 2898 cum
1542 2859 1672 2898 antea
1700 2858 1745 2898 in
1775 2857 2006 2910 praeclara
2037 2857 2112 2897 illa
2143 2856 2198 2897 de

211 2929 401 2969 Gotarze
433 2930 828 2982 commentatione,
868 2940 984 2981 quae
1023 2930 1067 2969 in
1106 2930 1242 2970 tertio
1287 2930 1615 2982 opusculorum
1648 2929 1879 2970 volumine
1918 2939 2079 2969 recusa
2114 2929 2195 2981 est,
2272 2933 2286 2970 ,ἱ

210 3002 423 3042 nonnulla
455 3001 605 3053 paullo
636 3001 766 3042 aliter
797 3001 1073 3043 adornasset.
1230 3004 1252 3040 3
1292 3002 1520 3043 Artabano
1552 3002 1790 3042 etiamtum
1821 3001 2079 3054 superstite,
2108 3001 2135 3041 i.
2157 3010 2195 3040 e.

211 3075 312 3114 ante
343 3085 512 3114 annum
547 3076 596 3114 40
628 3085 671 3126 p.
695 3074 795 3114 Chr.
830 3074 886 3126 (v.
918 3075 1009 3114 not.
1033 3074 1072 3126 2)
1105 3074 1216 3114 haec
1247 3075 1416 3126 scripta
1447 3085 1546 3115 esse
1577 3086 1631 3114 ex
1662 3074 1810 3127 titulo,
1841 3074 1920 3126 qui
1951 3084 2058 3114 sane
2089 3071 2195 3114 alibi

210 3156 436 3198 nusquam
461 3146 672 3198 occurrit,
706 3148 906 3198 apparet.
958 3146 1102 3187 Homo
1125 3146 1203 3198 qui
1224 3146 1433 3198 pluribus
1456 3146 1650 3198 satrapis
1672 3145 1741 3197 (cf.
1763 3146 1853 3187 not.
1879 3146 1917 3197 4)
1941 3144 2194 3198 praefectus

211 3219 343 3270 esset,
390 3218 417 3257 i.
447 3229 484 3258 e.
516 3229 705 3270 magnae
749 3219 868 3270 parti
909 3219 1048 3258 totius
1087 3218 1279 3270 imperii,
1322 3217 1558 3259 manifesto
1597 3218 1860 3270 proximum
1898 3218 2006 3270 post
2044 3227 2194 3268 regem

210 3290 361 3330 locum
393 3289 586 3330 tenebat.
638 3289 701 3330 Ac
724 3301 778 3330 ne
809 3289 919 3330 illud
941 3290 1125 3342 quidem
1148 3289 1341 3330 dubium
1372 3289 1566 3343 videtur,
1599 3290 1874 3342 quibusnam
1906 3289 2195 3341 potissimum

211 3362 334 3413 regni
366 3362 559 3402 Parthici
599 3362 861 3414 regionibus
894 3363 1106 3403 Gotarzes
1137 3361 1349 3403 Artabani
1389 3364 1502 3403 nutu
1537 3361 1794 3415 praefuerit.
1845 3360 1961 3402 Nam
1991 3359 2195 3401 eiusdem

210 3434 430 3485 temporis
463 3445 678 3475 nummus
709 3435 901 3475 aetatem
934 3435 1038 3474 tulit
1058 3445 1163 3474 cum
1183 3434 1477 3486 inscriptione
1508 3429 1730 3488 Γωτέρζης
1760 3429 1955 3487 βασιλεὺς
1986 3428 2194 3487 βασιλέων

209 3498 424 3561 Ἀρεανῶν,
465 3502 538 3551 ὑὸς
570 3501 624 3546 Γὲ
662 3505 767 3557 (not.
792 3506 844 3558 5),
883 3504 1122 3561 καλύμενος
1152 3500 1401 3563 Ἀρταβάνου
1439 3504 1510 3557 (cf.
1550 3506 1691 3557 Percy
1732 3503 1944 3557 Gardner,
1985 3503 2194 3544 Parthian

211 3576 396 3628 coinage
437 3588 479 3629 p.
506 3579 557 3618 49
596 3589 638 3617 n.
672 3580 739 3618 25.
792 3578 1039 3619 Olshausen
1070 3578 1096 3618 l.
1130 3578 1156 3618 l.
1195 3588 1239 3630 p.
1263 3580 1358 3617 477.
1410 3588 1453 3618 v.
1487 3576 1755 3618 Gutschmid
1794 3575 1857 3616 Kl.
1888 3574 2108 3616 Schriften
2138 3573 2195 3614 111

211 3658 253 3699 p.
280 3651 329 3688 68
350 3659 445 3700 sqq.
499 3649 655 3690 Gesch.
690 3650 812 3690 Irans
844 3661 886 3702 p.
914 3651 1021 3702 423).
1082 3648 1196 3691 Nam
1235 3649 1319 3689 etsi
1359 3649 1433 3688 hic
1475 3659 1558 3701 pro
1597 3646 1816 3704 σατράπης
1849 3650 2073 3702 σατραπῶν
2103 3646 2192 3686 iam
