2314 3970
226 215 329 267 304
906 211 974 250 lll.
1020 210 1166 250 Nubia
1199 212 1243 250 et
1273 210 1520 262 Aethiopia.
2095 209 2187 261 [204

225 386 457 426 invasione
488 384 788 436 antiquiorem
820 392 918 423 esse
948 381 1130 421 titulum
1161 392 1249 422 non
1282 383 1350 422 est
1380 382 1506 434 quod
1537 381 1639 423 data
1679 393 1817 435 opera
1847 382 2195 425 demonstretur.

224 460 370 504 Quare
399 455 666 496 Letronnius
698 453 880 494 titulum
914 453 1093 495 saeculo
1124 454 1252 494 sexto
1285 453 1339 494 a'd
1371 453 1504 494 finem
1539 455 1737 506 vergenti
1770 454 2027 506 vindicavit,
2059 465 2195 507 quam

224 530 490 570 sententiam
522 527 684 567 merito
717 536 873 567 omnes
905 526 983 578 qui
1014 527 1121 578 post
1161 525 1288 566 illum
1320 525 1374 566 de
1413 537 1466 566 eo
1499 524 1638 567 verba
1668 526 1871 567 fecerunt
1902 527 2044 567 secuti
2078 528 2197 566 sunt.

224 602 386 641 Mirum
419 599 536 639 tituli
567 609 826 639 sermonem
857 598 1044 651 Lepsius
1076 599 1254 651 praeter
1284 598 1477 638 Graecae
1519 597 1695 650 linguae
1725 599 2040 650 ignorantiam,
2082 609 2198 650 quae

226 671 459 713 manifesta
490 672 571 724 est,
613 670 933 711 observatione
965 669 1262 711 subtilissima
1293 680 1346 710 eo
1378 669 1565 722 rettulit,
1597 670 1722 722 quod
1753 682 1832 711 rex
1869 669 2091 711 barbarus
2125 680 2198 709 ne-

223 744 396 795 gotium
435 742 555 783 tituli
596 742 899 795 componendi
942 742 1116 783 scribae
1158 753 1254 794 suo,
1301 741 1474 782 homini
1519 741 1771 783 Christiano
1806 742 2028 794 Aegyptio
2076 753 2199 782 man-

223 816 386 867 dasset,
419 815 498 867 qui
530 825 638 856 suae
668 814 812 867 gentis
843 815 1040 855 sermoni
1072 826 1207 866 quem
1241 813 1331 854 fere
1362 813 1599 866 Copticum
1630 825 1850 855 vocamus
1881 813 2024 854 multo
2055 813 2200 864 magis

222 888 431 928 assuetus
462 897 600 939 quam
631 887 814 940 Graeco,
845 887 1094 940 permultas
1127 887 1379 927 structuras
1406 885 1461 926 ad
1489 886 1695 938 exempla
1717 886 1902 939 Coptica
1923 885 2199 926 detorsisset.

223 959 369 1011 Atque
399 959 446 999 in
475 946 742 999 universum
763 958 948 1011 quidem
971 959 1066 999 sine
1090 958 1399 999 controversia
1419 968 1581 998 verum
1603 957 1716 998 vidit
1736 958 1924 1010 Lepsius
1957 956 2023 1009 (cf.
2045 959 2137 997 not.
2161 960 2198 997 7.

226 1034 263 1071 8.
297 1034 364 1071 40.
397 1034 464 1071 46.
499 1033 566 1071 24.
601 1033 667 1071 30.
699 1034 766 1071 34.
799 1031 886 1083 36);
920 1030 999 1072 sed
1027 1032 1079 1070 ut
1108 1031 1153 1071 in
1183 1029 1349 1071 talibus
1380 1029 1443 1082 fit,
1475 1040 1801 1082 nonnunquam
1834 1031 1912 1070 aut
1948 1028 2086 1070 dubia
2116 1039 2199 1081 pro

224 1103 361 1143 certis
391 1103 545 1155 posuit
575 1102 679 1154 (not.
703 1102 742 1155 2)
774 1104 853 1144 aut
882 1102 992 1144 adeo
1024 1102 1260 1144 manifesto
1293 1103 1463 1143 erravit
1492 1101 1546 1142 ad
1570 1101 1815 1155 Coptarum
1847 1112 2102 1142 sermonem
2132 1111 2200 1141 re-

224 1174 406 1215 ferendo
439 1186 555 1227 quae
587 1176 683 1216 sine
703 1175 842 1216 dubio
866 1176 1031 1216 Graeca
1052 1175 1142 1216 sint
1173 1175 1276 1227 (not.
1299 1178 1338 1215 2.
1361 1177 1427 1215 27.
1454 1174 1534 1225 33).
1682 1177 1707 1213 2
1745 1173 1888 1222 Quam
1919 1174 2044 1226 origo
2066 1184 2201 1214 voca-

222 1246 330 1288 bulo
362 1247 562 1288 vindicat
591 1248 820 1288 notionem
853 1248 1008 1300 reguli,
1048 1258 1100 1288 ea
1131 1258 1237 1288 cum
1269 1246 1376 1288 alibi
1409 1257 1589 1299 semper
1628 1247 1672 1286 et
1702 1245 1885 1298 ubique,
1926 1247 2024 1286 tum
2063 1246 2199 1286 etiam

223 1320 269 1359 in
298 1330 436 1370 regno
466 1319 783 1360 Axomitarum
814 1321 948 1360 tertio
979 1331 1022 1372 p.
1055 1319 1157 1360 Chr.
1192 1331 1232 1360 n.
1265 1319 1448 1360 saeculo
1491 1318 1546 1369 (n.
1580 1321 1676 1371 200,
1710 1321 1778 1359 48.
1808 1319 1875 1369 28)
1907 1318 2074 1359 usitata
2102 1317 2199 1358 fuit.
2283 1331 2305 1382 fu'

222 1390 280 1430 At
309 1391 382 1430 hic
413 1391 598 1443 reliquis
620 1391 810 1443 'regibus
842 1403 930 1432 non
962 1391 1098 1432 modo
1130 1402 1335 1445 aequam,
1372 1391 1451 1432 sed
1481 1390 1592 1431 adeo
1624 1391 1905 1443 superiorem
1937 1390 2199 1442 dignitatem
2284 1404 2297 1422 .-

223 1462 455 1515 significat,
487 1464 539 1502 ut
569 1462 703 1503 docet
732 1475 774 1503 v.
801 1467 867 1503 40.
919 1463 1042 1511 Quae
1063 1463 1254 1504 mutatio
1278 1463 1477 1504 notionis
1498 1462 1728 1515 quomodo
1750 1461 1909 1503 effecta
1929 1464 2049 1502 esset
2069 1463 2200 1502 acute

222 1534 459 1575 enucleare
490 1537 679 1576 conatus
710 1536 780 1576 est
807 1535 1008 1588 Lepsius.
1060 1534 1234 1588 Nempe
1265 1535 1386 1588 apud
1414 1535 1581 1587 Coptas
1612 1534 1844 1587 antiquam
1866 1545 2027 1574 vocem
2056 1535 2199 1585 sulen,

222 1618 339 1659 quae
382 1618 535 1659 regem
583 1607 867 1660 significaret,
913 1608 960 1648 in
1007 1607 1148 1648 verbo
1191 1608 1432 1650 ΟΟΥΤωΝ
1474 1601 1693 1659 ‘dirigere'
1733 1606 1917 1659 quidem
1966 1606 2199 1658 mansisse,

222 1689 375 1731 regem
404 1690 514 1720 vero
547 1679 637 1721 iam
669 1681 818 1720 ΟΥΡΟ
849 1679 1018 1732 vocari,
1049 1678 1174 1731 quod
1195 1679 1364 1720 Graeco
1395 1674 1566 1734 οὐραῖος
1597 1678 1837 1732 (Horapoll.
1858 1679 1890 1732 Ι,
1911 1678 1950 1730 4)
1982 1680 2028 1719 et
2053 1679 2200 1718 hiero-

223 1751 435 1804 glyphice
475 1751 555 1792 ᾶνᾶ
592 1751 871 1804 respondens
909 1752 1093 1805 proprie
1133 1753 1387 1804 serpentem
1435 1750 1719 1804 significaret,
1765 1761 1902 1803 quem
1951 1750 2200 1803 antiquitus

221 1824 540 1876 unusquisque
570 1835 650 1864 rex
690 1824 815 1875 regni
846 1824 1020 1876 insigne
1058 1834 1197 1877 supra
1234 1823 1427 1865 frontem
1468 1824 1694 1876 gessisset.
1754 1824 1846 1864 Iam
1887 1833 1993 1863 cum
2034 1823 2202 1864 Graeca
2276 1823 2278 1826 ’

220 1895 424 1936 eiusdem
457 1896 614 1947 anguis
647 1896 887 1948 appellatio
925 1893 1167 1950 βασιλίσκος
1198 1898 1330 1949 esset,
1362 1897 1477 1937 hanc
1510 1895 1725 1937 translate
1754 1895 1876 1948 apud
1902 1893 2115 1936 Nubades
2146 1894 2200 1935 de

224 1978 405 2008 summo
440 1978 575 2019 regno
607 1968 834 2008 usitatam.
886 1967 1056 2008 Verum
1079 1967 1263 2020 quidem
1295 1969 1376 2021 est,
1409 1964 1651 2023 βασιλίσκω
1682 1968 1976 2019 antiquorum
2008 1977 2199 2019 anguem

222 2050 334 2092 esse,
366 2051 455 2080 non
485 2040 698 2081 lacertam
738 2039 804 2091 (cf.
837 2039 1051 2081 Heliodor
1080 2040 1284 2094 Aethiop.
1317 2041 1388 2094 ΙΙΙ,
1413 2043 1435 2080 8
1478 2051 1522 2093 p.
1547 2043 1613 2093 87,
1636 2043 1688 2080 40
1720 2039 1911 2080 Bekker:
1957 2037 2029 2080 καὶ
2059 2036 2198 2095 ὄφεων
2276 2059 2284 2062 -
2313 2079 2314 2100 ἢ

222 2109 269 2152 δὲ
300 2109 322 2152 ὁ
351 2109 615 2168 ’καλούμενος
649 2109 902 2167 βασιλίσκος.
952 2112 1061 2153 Plin.
1087 2112 1138 2154 N.
1161 2113 1264 2154 hist.
1287 2112 1398 2165 VIII,
1423 2115 1496 2153 78:
1538 2111 1692 2154 eadem
1720 2114 1760 2154 et
1788 2109 1995 2154 basilisci
2020 2124 2199 2166 serpen-
2279 2107 2283 2111 *
2312 2107 2314 2156 ζ

221 2180 281 2224 tis
310 2186 373 2226 est
400 2181 481 2226 vis.
532 2184 587 2225 M.
609 2184 864 2226 Wellmann
903 2196 972 2237 ap.
1004 2185 1393 2238 Pauly-Wissowa
1423 2185 1495 2238 III,
1526 2188 1542 2224 4
1582 2196 1626 2238 p.
1650 2185 1747 2236 400)
1785 2196 1931 2238 neque
1969 2185 2199 2238 improba·
2270 2186 2283 2199 ‘

221 2255 311 2296 bile
341 2267 446 2297 eum
478 2256 534 2297 ab
565 2256 852 2310 Horapolline
882 2258 1003 2298 recte
1033 2268 1117 2310 pro
1149 2257 1311 2298 eodem
1353 2268 1458 2298 cum
1499 2268 1637 2298 uraeo
1668 2256 1825 2298 haberi
1855 2268 2109 2310 nomenque
2141 2257 2198 2298 ab

222 2328 297 2369 illa
326 2330 451 2381 regni
482 2328 806 2381 significatione
836 2330 1040 2371 traxisse.
1101 2329 1157 2370 At
1187 2329 1330 2382 probe
1370 2329 1617 2370 tenendum
1655 2331 1737 2383 est,
1774 2330 1820 2370 in
1861 2329 1934 2370 illa
1972 2330 2071 2382 ipsa
2109 2341 2199 2382 qua

223 2402 339 2453 regis
371 2404 509 2454 caput
538 2403 725 2443 ornatur
755 2403 912 2454 anguis
943 2403 1138 2455 imagine
1174 2401 1462 2455 significanda
1500 2401 1656 2443 titulos
1688 2402 1879 2443 Graecos
1918 2402 1965 2442 in
1993 2402 2198 2454 Aegypto

223 2475 501 2527 compositos
533 2485 765 2526 nunquam
795 2475 863 2515 uti
896 2485 1006 2516 voce
1038 2471 1293 2529 βασιλίσκος,
1326 2474 1406 2516 sed
1434 2471 1558 2520 ἀσπίς
1590 2474 1644 2526 (n.
1668 2477 1736 2527 90,
1765 2476 1818 2514 43
1852 2485 1956 2515 cum
1987 2475 2078 2515 not.
2101 2477 2198 2515 424.

222 2543 251 2600 ἡ
291 2543 562 2602 ἀσπιδοειὸἡς
605 2543 795 2601 βασιλεία
831 2558 871 2587 n.
906 2549 973 2600 56,
1006 2548 1074 2589 62.
1123 2551 1205 2587 τῶν
1244 2543 1520 2587 ἀσπιδοειὸῶν
1564 2543 1788 2601 βασιλειῶν
1826 2557 1868 2586 n.
1900 2549 1967 2598 90,
1997 2546 2080 2598 44),
2119 2545 2198 2597 qui

221 2628 333 2658 usus
374 2617 575 2670 profecto
621 2630 715 2659 non
764 2618 884 2659 favet
923 2619 1071 2672 Lepsii
1110 2619 1395 2660 coniecturae
1432 2620 1522 2660 iam
1559 2629 1642 2671 per
1680 2628 1728 2659 se
1768 2619 1877 2659 satis
1916 2617 2197 2659 artificiosae.

223 2689 330 2730 Mihi
360 2691 512 2742 potius
544 2691 609 2731 sic
641 2702 712 2732 res
744 2702 793 2732 se
822 2690 989 2732 habere
1022 2691 1220 2732 videtur:
1253 2703 1359 2732 cum
1391 2691 1574 2732 omnino
1608 2691 1718 2732 satis
1749 2692 1931 2731 tenuem
1961 2692 2005 2731 et
2036 2689 2199 2731 obscu-
2259 2700 2301 2748 ,²1

222 2773 319 2802 ram
350 2762 426 2803 illo
457 2764 663 2815 tempore
693 2762 832 2804 fuisse
863 2764 1082 2804 sermonis
1107 2764 1262 2804 Graeci
1293 2763 1526 2804 scientiam
1559 2765 1684 2804 totus
1712 2762 1874 2803 titulus
1904 2762 2075 2815 doceat,
2106 2773 2199 2803 non

224 2834 404 2887 mirum,
435 2833 680 2875 Nubadum
711 2845 863 2887 regem
895 2836 1101 2876 notitiam
1133 2835 1316 2888 quidem
1344 2836 1579 2876 etiamtum
1612 2835 1826 2876 habuisse
1855 2835 2051 2876 nominis
2083 2832 2197 2889 βασι·
2269 2880 2273 2883 ,

221 2902 379 2959 λίσκος,
421 2906 501 2946 sed
531 2906 642 2958 quid
672 2907 856 2960 proprie
885 2909 930 2947 et
961 2909 1170 2948 accurate
1201 2907 1470 2959 significaret
1500 2908 1589 2947 iam
1621 2908 1866 2959 ignorasse.
1917 2907 2030 2947 Cum
2061 2907 2197 2959 igitur
2261 2902 2270 2958 ‘g

222 2978 369 3018 rarius
400 2979 445 3018 et
470 2979 741 3032 exquisitius
772 2981 892 3020 esset
920 2980 965 3019 in
987 2980 1225 3020 collatione
1252 2980 1347 3020 triti
1378 2981 1422 3020 et
1443 2980 1640 3032 volgaris
1673 2977 1880 3034 βασιλεὺς,
1911 2978 2196 3031 magnificen-

222 3051 312 3091 tius
345 3061 506 3092 sonare
537 3051 775 3104 altiorique
802 3051 1029 3103 dignitatis
1050 3051 1225 3104 fastigio
1248 3051 1537 3104 significando
1568 3052 1780 3095 idoneum
1811 3062 1910 3092 esse
1940 3050 2194 3092 videbatur.

223 3125 244 3161 3
288 3123 359 3163 Sic
391 3124 565 3176 scripsi,
598 3134 703 3164 cum
735 3123 929 3165 editores
960 3124 1017 3164 ad
1046 3135 1189 3164 unum
1222 3135 1378 3165 omnes
1410 3120 1648 3179 Νουβαὸῶν
1681 3124 1886 3165 habeant.
1935 3124 2049 3166 Nam
2082 3119 2196 3166 Nou·
2256 3144 2266 3170 .
2294 3178 2297 3194 ι

223 3191 348 3248 βάὸαι
379 3196 502 3247 quod
533 3196 673 3237 sciam
694 3207 918 3249 nusquam
951 3196 1127 3249 legitur,
1160 3207 1264 3236 cum
1296 3196 1466 3238 formae
1488 3192 1712 3251 Νουβάὸες
1742 3197 1829 3237 tria
1859 3197 1980 3237 certe
2011 3197 2192 3249 praesto
2253 3214 2268 3246 ·,

223 3267 312 3307 sint
341 3268 618 3309 testimonia:
662 3269 811 3321 Steph.
834 3269 938 3321 Byz.
970 3263 1152 3322 Νοῦβαι,
1186 3265 1308 3314 ἔθνος
1339 3265 1501 3324 Λιβύης
1533 3266 1647 3323 παρὰ
1676 3264 1831 3324 Νείλῳ.
1877 3263 2194 3323 Ἀπολλόδωρος
2266 3326 2269 3331 .

223 3335 404 3395 δευτέρῳ
444 3337 538 3393 περὶ
578 3342 670 3396 γῆς.
711 3337 903 3397 λέγονται
939 3337 1010 3381 καὶ
1047 3335 1258 3394 Νουβαῖοι
1297 3339 1354 3385 ὡς
1394 3336 1586 3395 Σαβαῖοι,
1629 3338 1700 3381 καὶ
1737 3336 1958 3395 Νουβοῖὃες
1998 3338 2038 3380 οἱ
2077 3336 2194 3381 αὐτοί

223 3404 451 3465 (Νούμιὸες
472 3410 589 3464 libri,
621 3423 706 3452 em.
733 3411 946 3465 Valesius,
979 3411 1059 3452 sed
1089 3412 1345 3452 terminatio
1367 3414 1517 3453 tamen
1539 3413 1660 3453 recte
1682 3411 1846 3453 tradita
1867 3411 1960 3462 est).
2012 3411 2190 3452 Priscus

221 3481 266 3520 in
306 3481 371 3521 Fr.
405 3482 515 3523 Hist.
539 3483 609 3525 Gr.
633 3483 690 3523 IV
722 3495 764 3536 p.
789 3487 867 3524 400
900 3483 951 3525 fr.
975 3486 1042 3524 24:
1085 3480 1148 3524 ὅτι
1176 3479 1404 3538 Βλέμμυες
1445 3483 1518 3524 καὶ
1556 3480 1775 3539 Νουβοίδες
1815 3480 2072 3540 ἡττηθέντες
2112 3480 2191 3524 ὑπὸ

223 3545 445 3607 Ῥωμαίων
476 3552 669 3612 πρέσβεις
699 3554 803 3611 πρὸς
823 3554 893 3597 τὸν
915 3551 1152 3611 Μαξιμῖνον
1175 3553 1380 3609 ἔπεμπον.
1430 3556 1498 3596 Ad
1519 3557 1639 3597 hunc
1666 3556 1816 3597 locum
1838 3555 2043 3596 Valesius
2065 3555 2194 3596 affert

221 3625 533 3666 testimonium
555 3627 758 3669 Iordanis
779 3628 962 3669 Roman.
986 3630 1066 3667 333
1098 3627 1154 3680 (p.
1175 3630 1241 3680 43,
1261 3630 1391 3680 3sqq.
1414 3628 1700 3680 Mommsen):
1738 3640 1850 3670 nam
1876 3639 1979 3669 cwm
2004 3624 2192 3669 Parthis
2246 3634 2258 3681 ξ

222 3698 261 3738 et
303 3693 527 3740 Vandalis
570 3698 756 3742 omnino
802 3697 1122 3755 infestantibus
1158 3712 1321 3755 pacem
1364 3698 1564 3743 instituit
1605 3700 1867 3752 (Marcianus
1916 3699 2190 3754 imperator),
2251 3727 2258 3738 ‚
