2314 3970
248 208 350 256 460
916 205 966 245 V.
1012 206 1213 256 Regnum
1245 205 1556 247 Attalidarum.
2056 211 2215 263 [285.-

246 379 393 432 lapide
415 379 621 430 trachyte
642 378 687 418 in
709 377 933 418 eiusmodi
955 379 1261 419 monumentis
1285 379 1480 432 publicis
1502 380 1748 422 Eumenem
1771 383 1808 422 ΙΙ
1839 394 1930 423 non
1961 384 2051 424 iam
2080 395 2215 426 usum

246 462 357 492 esse.
523 453 545 488 2
588 449 668 489 Hic
708 449 912 491 hostium
950 452 1272 503 superatorum
1303 452 1544 505 appellatio
1583 454 1752 507 scripta
1781 454 1879 495 fuit.
1937 455 2219 511 Aedificium,

247 523 375 564 cuius
405 523 491 562 hoc
521 522 785 574 epistylium
816 523 949 576 esset,
982 523 1127 576 spolia
1156 524 1201 563 et
1221 523 1412 565 fortasse
1434 525 1570 566 etiam
1591 525 1793 567 tabulam
1814 527 1982 580 pictam
2003 528 2218 570 habuisse

246 594 437 635 coniecit
466 594 524 647 F„
555 594 685 635 cuius
717 595 959 637 Pausanias
991 595 1264 637 mentionem
1295 595 1461 637 faceret
1490 598 1522 650 I,
1555 599 1592 650 4,
1622 601 1670 639 5:
1727 595 2027 656 Περγαμηνοῖς
2055 598 2102 642 δὲ
2133 599 2219 642 ἔστι

247 665 323 721 μὲν
355 663 489 706 σκῦλα
517 663 600 707 ἀπὸ
631 662 846 720 Γαλατῶν,
879 664 965 708 ἔστι
996 665 1042 708 δὲ
1072 666 1213 725 γραφὴ
1243 666 1290 709 τὸ
1323 665 1442 725 ἔργον
1473 667 1522 711 τὸ
1553 667 1657 725 πρὸς
1688 666 1879 717 Γαλάτας
1911 669 2083 729 ἔχουσα.
2134 673 2219 714 Sed

245 750 299 779 ex
330 738 460 779 titulo
493 738 560 789 (cf.
592 739 684 779 not.
709 738 747 791 3)
779 739 824 780 id
857 740 1119 792 neutiquam
1141 740 1288 793 colligi
1318 741 1424 782 licet
1452 752 1598 794 neque
1630 743 1815 784 omnino
1843 745 2018 785 certum
2048 746 2130 799 est,
2162 745 2219 786 ad

247 810 422 851 Galatas
452 810 744 863 potissimum
783 810 840 852 ab
870 810 1017 852 Attalo
1049 812 1196 853 victos
1235 812 1322 854 hoc
1353 815 1705 855 monumentum
1735 815 1954 868 spectare.
2111 819 2134 856 3
2174 817 2219 857 Si

244 884 364 923 recte
395 883 626 935 supplevit
654 883 852 938 Frankel‚
892 896 981 937 qua
1012 884 1066 925 de
1096 895 1145 925 re
1175 896 1265 926 non
1295 885 1476 926 videtur
1507 885 1706 927 dubitari
1740 898 1891 940 posse,
1930 899 2218 941 nequaquam

245 966 371 996 arma
403 954 457 995 de
488 954 698 996 hostibus
728 958 860 1009 capta
891 955 1052 1009 (σκῦλα)
1084 958 1130 997 in
1160 957 1248 999 hoc
1277 956 1481 999 aedificio
1512 960 1749 1013 asservari,
1780 959 1860 1001 sed
1887 960 2037 1012 ipsum
2066 961 2218 1013 potius

246 1039 301 1068 ex
332 1039 490 1069 eorum
521 1028 666 1081 pretio
709 1029 778 1082 (de
815 1028 1039 1084 manibiis,
1075 1031 1127 1070 ut
1165 1030 1353 1071 Romani
1392 1030 1654 1084 loquuntur)
1693 1031 1979 1074 aedificatum
2017 1044 2118 1074 esse
2152 1033 2219 1075 in-

244 1100 365 1142 dicat
394 1101 646 1155 inscriptio.

351 1359 463 1415 286
517 1365 741 1414 Marmor
795 1365 966 1414 album
1021 1366 1420 1432 subcaeruleum,
1475 1367 1611 1432 quod
1667 1381 1782 1416 cum
1827 1367 1936 1417 aliis
1983 1367 2221 1418 commis-

244 1466 358 1500 sum
406 1451 554 1500 basin
599 1451 937 1501 anathematis
987 1451 1251 1518 efficiebat,
1309 1457 1510 1503 erutum
1554 1454 1790 1518 Pergami
1833 1455 1965 1504 inter
2011 1468 2220 1505 caveam

243 1537 429 1588 theatri
467 1542 517 1588 et
550 1539 799 1605 templum
823 1539 1063 1589 Ionicum,
1129 1540 1218 1590 Ed.
1260 1540 1321 1590 M.
1351 1539 1568 1590 Frankel
1605 1540 1946 1591 Alterthiimer
1970 1556 2073 1591 von
2098 1543 2221 1591 Per-

242 1639 429 1690 gamon
454 1625 579 1692 VIII,
610 1625 629 1673 ’1
677 1641 728 1692 p.
759 1626 816 1674 Μ
863 1641 913 1675 n.
944 1626 1026 1676 48.

611 1778 840 1851 [Ὀνάτας
855 1783 888 1852 1]
928 1781 1185 1853 Σμίκωνος
1221 1781 1532 1854 Αί’.γιν·ι’]της2
1568 1783 1854 1855 [ἐποίησεν].

357 1973 551 2015 Litterae
572 1974 781 2026 volgares
811 1975 992 2027 praeter
1021 1975 1079 2027 Σ,
1111 1974 1238 2026 quod
1258 1973 1444 2015 brachia
1468 1984 1611 2027 paene
1631 1973 1845 2027 parallela
1864 1974 2016 2016 habet.
2064 1975 2221 2016 Hasta-

243 2058 346 2087 rum
390 2045 503 2087 fines
547 2045 732 2100 dilatati,
777 2054 813 2087 Ο
847 2047 892 2086 et
930 2050 959 2086 Ω
1000 2046 1186 2098 reliquis
1230 2045 1393 2087 litteris
1437 2046 1591 2099 paullo
1638 2047 1852 2088 minores.
2027 2051 2043 2087 4
2084 2048 2221 2089 Tituli

241 2131 284 2160 n.
309 2122 534 2160 286—288
568 2118 625 2159 ad
654 2118 844 2160 artificia
872 2118 1157 2160 nobilissima
1187 2120 1405 2172 spectant,
1446 2130 1563 2171 quae
1592 2118 1768 2160 Attalus
1798 2119 1993 2172 praedae
2031 2119 2134 2161 loco
2166 2132 2223 2161 ex

244 2190 422 2244 oppidis
454 2174 639 2232 Graecis
670 2192 804 2244 capta
839 2191 1109 2243 Pergamum
1139 2191 1362 2232 detulerat
1400 2190 1556 2244 ibique
1595 2191 1912 2234 collocaverat.
1972 2192 2120 2245 Atque
2149 2193 2224 2234 hic

242 2263 427 2315 quidem
458 2263 617 2304 incluti
645 2263 767 2305 illius
797 2263 1015 2316 Apollinis
1046 2264 1226 2305 statuae
1250 2263 1307 2305 ab
1329 2264 1472 2305 Onata
1502 2263 1761 2305 elaboratae
1790 2263 1921 2305 basin
1941 2263 2099 2306 haberi
2122 2276 2224 2318 per-

244 2336 393 2390 spexit
429 2335 661 2377 Fabricius
707 2335 873 2377 collato
918 2336 1020 2377 loco
1058 2336 1307 2377 Pausaniae
1337 2335 1450 2390 VIII,
1480 2338 1548 2390 42,
1580 2339 1623 2378 7:
1671 2338 1747 2378 τοῦ
1792 2334 1838 2377 δὲ
1866 2330 2030 2380 Ὀνάτα
2070 2334 2221 2379 τούτου

243 2406 543 2466 Περγαμηνοῖς
574 2407 683 2451 ἐστιν
710 2402 926 2451 Ἀπόλλων
957 2406 1162 2466 χαλκοῦς,
1194 2405 1343 2464 θαῦμα
1373 2405 1417 2450 ἐν
1447 2410 1539 2455 τοῖς
1571 2405 1754 2464 μάλιστα
1785 2405 1992 2465 μεγέθους
2021 2423 2068 2450 τε
2098 2406 2224 2452 ἕνεκα

242 2479 315 2523 καὶ
348 2479 419 2522 ἐπὶ
445 2479 497 2538 τῇ
525 2478 670 2539 τέχνῃ.
722 2481 1086 2522 Consentaneum
1117 2482 1197 2535 est,
1229 2482 1317 2522 hoc
1341 2492 1526 2534 quoque
1556 2482 1666 2522 artis
1699 2491 1816 2534 opus
1845 2482 1898 2522 ut
1927 2493 1970 2522 n.
1993 2484 2089 2535 287,
2113 2484 2136 2521 3
2167 2493 2224 2523 ex

244 2554 411 2595 Onatae
440 2554 588 2607 patria
607 2552 775 2606 Aegina
804 2553 1004 2595 ablatum
1029 2564 1142 2595 esse.
1290 2557 1314 2594 2
1352 2553 1615 2606 Aeginetam
1645 2553 1784 2595 fuisse
1812 2554 2001 2595 Onatam
2032 2555 2222 2608 constat,

244 2627 386 2680 patris
418 2637 582 2667 nomen
612 2621 764 2668 Μίκων
796 2626 1013 2667 scribitur
1033 2637 1140 2667 cum
1161 2626 1283 2680 apud
1303 2627 1570 2668 Pausaniam
1591 2625 1704 2680 VIII,
1728 2628 1795 2680 42,
1819 2629 1857 2680 7,
1888 2627 1987 2667 tum
2011 2627 2056 2667 in
2077 2627 2222 2680 ipsius

244 2699 451 2740 statuarii
481 2699 724 2751 signaturis
755 2699 876 2752 apud
906 2699 1101 2740 eundem
1121 2699 1173 2753 V,
1198 2703 1265 2753 25,
1289 2702 1340 2740 ⁴0
1375 2698 1420 2742 ὃν
1452 2695 1603 2758 Αἰγίνῃ
1633 2696 1801 2756 γείνατο
1831 2697 1964 2740 παῖδα
1993 2694 2147 2742 Μίκων
2177 2701 2223 2741 et

244 2772 270 2823 ξ
293 2774 344 2811 43
377 2769 468 2818 υἱὸς
491 2768 567 2826 μὲν
592 2785 644 2825 με
665 2766 865 2817 Μίκωνος
885 2765 1062 2819 Ὀνάτας
1083 2769 1354 2826 ἐξετέλεσσεν,
1378 2771 1461 2813 ubi
1480 2773 1679 2813 metrum
1700 2771 1954 2825 simplicem
1975 2781 2221 2813 consonam

243 2843 462 2885 initialem
506 2843 668 2885 firmat.
727 2843 853 2885 Adde
894 2844 1021 2897 quod
1057 2858 1134 2900 σμ-
1173 2845 1219 2885 in
1249 2845 1334 2886 hac
1364 2845 1506 2898 stirpe
1536 2845 1776 2898 antiquum
1806 2844 1991 2898 quidem
2021 2846 2105 2898 est,
2142 2844 2222 2886 sed

241 2916 444 2957 Atticum
474 2916 627 2969 potius
658 2927 796 2969 quam
825 2917 1057 2958 Doricum.
1109 2916 1256 2965 Quare
1278 2917 1489 2970 opinetur
1518 2917 1746 2971 quispiam
1777 2911 1989 2970 [Ὀνοίτα]ς
2018 2912 2222 2964 Μίκωνος

244 2989 398 3042 potius
436 2988 675 3041 legendum
713 2999 825 3030 esse.
884 2989 969 3030 Sed
1006 2990 1128 3030 recte
1169 2990 1538 3031 Schuchhardtus
1578 2991 1624 3031 et
1659 2989 1920 3031 Frankelius
1962 2989 2220 3043 observant,

242 3062 360 3102 inter
388 3061 613 3102 vocabula
643 3057 863 3117 Σμίκωνος
895 3063 940 3102 et
969 3058 1202 3118 Αἰγινήτης
1232 3062 1463 3115 aliquanto
1504 3062 1606 3116 plus
1644 3062 1778 3116 spatii
1819 3073 1958 3115 quam
1985 3071 2076 3115 quo
2113 3061 2220 3103 alibi

245 3133 360 3175 duae
390 3134 566 3175 vicinae
595 3133 771 3175 litterae
796 3133 1095 3175 distineantur
1114 3145 1312 3176 vacuum
1333 3135 1544 3176 relictum
1565 3146 1678 3188 esse,
1710 3136 1806 3176 sine
1837 3134 1978 3175 dubio
2009 3134 2217 3176 consulto

245 3206 303 3247 ad
336 3205 559 3248 vocabula
595 3206 922 3258 distinguenda.
989 3206 1119 3254 Quod
1163 3208 1381 3259 quoniam
1425 3208 1542 3249 inter
1582 3209 1616 3249 Σ
1649 3209 1695 3248 et
1725 3209 1763 3248 Μ
1804 3218 1894 3248 non
1921 3217 2010 3247 usu
2053 3207 2219 3259 veniat,
2304 3234 2305 3238 ,

243 3279 499 3319 necessario
532 3277 790 3320 sibilantem
819 3278 1037 3320 initialem
1067 3278 1267 3332 alterius,
1305 3291 1396 3322 non
1423 3279 1603 3321 finalem
1631 3279 1768 3333 primi
1797 3278 1992 3320 nominis
2022 3277 2219 3319 litteram

244 3350 500 3392 habendam
530 3361 641 3392 esse.
693 3351 780 3392 Sed
809 3351 1175 3404 quandoquidem
1207 3351 1282 3392 hic
1311 3351 1432 3393 basis
1460 3353 1759 3404 Pergamenae
1790 3351 1949 3392 titulus
1980 3350 2217 3391 manifesto
2288 3367 2303 3386 ·,

246 3434 339 3463 non
360 3434 415 3463 ex
446 3423 631 3476 antiqua
660 3424 944 3465 monumenti
963 3423 1172 3476 Aeginaei
1200 3423 1494 3476 inscriptione
1514 3425 1733 3477 repetitus
1765 3425 1834 3464 est
1865 3423 1982 3475 (nam
2013 3422 2079 3463 sic
2097 3423 2219 3463 certe

246 3490 473 3550 Αἰγινάτας
504 3496 724 3548 scriptum
756 3496 903 3549 esset),
935 3508 1024 3537 non
1054 3496 1198 3536 mirus
1226 3496 1406 3537 videtur
1436 3508 1566 3538 error
1592 3497 1647 3537 de
1669 3495 1993 3548 orthographia
2022 3494 2218 3535 nominis
2300 3543 2301 3554 γ

245 3567 433 3620 paterni,
464 3579 580 3619 quae
612 3568 754 3620 ipsius
786 3568 970 3610 artificis
1000 3569 1172 3622 patriae
1202 3570 1247 3609 et
1276 3569 1411 3609 aetati
1442 3569 1716 3611 conveniret.
