2314 3970
229 215 333 265 412
867 208 937 250 IV.
983 209 1186 260 Regnum
1217 207 1565 249 Seleucidarum.
2042 206 2195 258 [254.-

320 400 343 440 5
377 383 713 454 Δημητρίο[υ3
763 382 769 452 Ι
818 381 863 434 οἱ
908 379 1265 451 θερα]πευταὶ4
1313 380 1360 432 οἱ
1417 374 1499 431 ὑπ’
1551 377 1768 450 αόΜτοὺς
1814 380 2151 450 ἡπτόμενοιε,
2194 379 2199 448 1

372 472 562 540 [πᾶ]σι6
598 468 738 528 θεοῖς
775 468 825 522 ἐν
865 498 1058 507 ------

230 617 490 660 incredibile
520 617 600 669 est,
633 614 880 657 dummodo
911 614 957 655 id
986 614 1155 655 factum
1178 614 1431 655 statuamus
1452 614 1720 668 priusquam
1741 626 1796 656 ex
1817 615 1892 656 illo
1915 614 2203 655 matrimonio
2284 595 2304 603 ¹*

229 691 489 732 nasceretur
518 689 637 730 filius
666 688 914 730 Antiochus
946 686 998 739 (V
1028 685 1312 739 Philopator).
1376 685 1522 734 Quare
1554 698 1643 728 non
1681 687 1825 728 multo
1863 688 1968 739 post
1997 686 2206 727 Antiochi
2284 679 2287 685 ’

227 762 472 816 Epiphanis
494 762 675 814 nuptias
695 761 880 802 titulum
901 760 1095 801 incisum
1118 759 1485 800 existimaverim.
1610 762 1634 799 2
1674 758 1889 812 Supplevi
1910 771 1964 799 ex
1986 770 2028 800 n.
2051 762 2147 812 252,
2167 762 2205 800 2.

229 832 500 892 [Τρυφαίνης]
542 834 761 875 Homolle.
821 833 882 875 Cf.
923 834 1014 874 not.
1041 836 1078 873 4.
1246 834 1268 871 3
1310 831 1482 872 Seleuci
1523 831 1581 871 IV
1626 831 1924 885 Philopatoris
1968 831 2087 871 filius
2128 832 2206 883 qui
2290 866 2298 874 .

230 909 389 961 postea
419 908 623 959 regnavit
653 918 691 947 a.
716 908 939 947 462-450
972 917 1009 946 a.
1033 905 1134 945 Chr.
1186 903 1246 945 Cf.
1279 905 1370 944 not.
1395 906 1432 944 4.
1595 905 1618 943 4
1661 903 1773 944 Cum
1804 915 1897 945 vox
1935 905 1981 944 et
2018 903 2207 944 deorum

230 981 426 1022 cultores
458 979 677 1033 significet
706 980 751 1020 et
780 979 1016 1021 hominum
1045 978 1291 1030 ministros,
1322 977 1407 1018 hac
1428 976 1613 1029 quidem
1635 978 1680 1018 vi
1712 988 1812 1018 eam
1841 977 2050 1018 hocloco
2073 977 2208 1017 inter-

231 1054 398 1107 pretari
435 1053 824 1107 simplicissimum
864 1051 1057 1094 videtur.
1123 1049 1183 1092 Cf.
1219 1062 1261 1091 n.
1294 1053 1390 1103 370,
1413 1052 1452 1090 2.
1601 1053 1624 1091 5
1664 1050 1893 1103 Supplevi.
1956 1043 2018 1090 ὑπ’
2055 1046 2208 1100 adstare
2280 1103 2285 1110 ,

230 1123 600 1183 προστ]αττόμενοι
638 1125 860 1179 Homolle,
904 1124 1027 1178 quod
1066 1123 1262 1166 verbum
1307 1123 1613 1176 compositu-m
1657 1123 1736 1164 vix
1782 1123 1934 1176 aptam
1975 1121 2208 1163 notionem

232 1199 380 1240 habet.
531 1202 553 1238 6
591 1199 647 1240 :l
683 1198 811 1250 lapis.

341 1408 453 1462 252
508 1411 702 1476 Dymae
741 1405 902 1474 (Kato
938 1405 1160 1473 Achata)
1199 1410 1250 1457 in
1288 1410 1533 1476 impluvio
1579 1410 1762 1459 domus
1801 1409 1863 1457 M.
1893 1408 2208 1473 Fondopuio.
2278 1410 2314 1448 ἓ

232 1499 319 1548 Ed.
372 1499 434 1547 M.
463 1499 519 1547 n.
571 1498 693 1546 Bufl.
743 1497 805 1546 de
850 1510 977 1546 corr.
1019 1496 1144 1545 Heu.
1185 1496 1251 1545 lv
1296 1493 1473 1563 (⁴880)
1511 1513 1561 1562 p.
1593 1496 1695 1546 520
1743 1496 1841 1544 n.1
1889 1492 2055 1562 (sy11.1
2089 1494 2208 1545 229.

233 1587 289 1636 O.
319 1584 592 1635 Hoffmann
636 1599 718 1650 ap.
767 1582 938 1633 Collitz
989 1582 1072 1632 Gr.
1114 1582 1610 1633 Dialektinschfiiten
1646 1582 1690 1631 II
1731 1598 1788 1648 p.
1823 1581 1923 1630 445
1976 1596 2026 1631 n.
2058 1581 2210 1631 4622.
2275 1567 2314 1650 ῥ’

235 1673 322 1723 Ch.
352 1671 530 1722 Michel
566 1671 768 1722 Recueil
793 1667 992 1720 d’inscr.
1025 1668 1107 1720 Gr.
1149 1687 1198 1736 p.
1231 1670 1323 1719 834
1373 1686 1421 1720 11.
1455 1667 1626 1737 4096).
1694 1668 1765 1720 Cf.
1796 1683 1927 1735 quae
1951 1667 2216 1718 adnotavit

234 1761 292 1810 U.
322 1759 551 1810 Wilcken
589 1773 669 1825 ap.
710 1758 1152 1824 Pauly-Wissowa
1188 1757 1676 1824 Realencyklopiidie
1712 1757 1748 1822 I,
1779 1756 1809 1806 2
1849 1772 1900 1822 p.
1930 1752 2086 1806 247⁴.
2270 1735 2314 1767 ‘¹

380 1899 579 1971 Βασῑλῆ
627 1896 910 1973 ἈντίοχΟνῙ
954 1899 1202 1972 βασιλέως
1244 1895 1536 1971 Ἀντιόχ[ου]
1577 1898 1583 1971 Ι
1624 1898 1710 1951 καὶ
1749 1898 2043 1969 βασίλισσαν
2084 1897 2217 1950 Λαο-

350 2049 544 2090 Litterae
574 2049 718 2090 ΑΘΣ.
867 2050 884 2087 4
922 2046 1145 2088 Antiocho
1170 2046 1229 2087 IV
1260 2046 1481 2100 Epiphani
1514 2047 1753 2098 (475--464
1777 2057 1814 2085 a.
1838 2044 1955 2097 Chr.)
1986 2045 2217 2097 quondam
2270 2031 2288 2099 51·-

238 2123 420 2163 titulum
452 2121 693 2174 vindicavi,
726 2121 862 2173 atque
892 2119 938 2161 id
969 2131 1088 2160 nunc
1121 2131 1303 2172 quoque
1331 2120 1530 2161 maxime
1558 2117 1797 2172 probabile
1827 2118 2051 2159 existimo.
2102 2116 2218 2159 Nam
2304 2151 2306 2154 .

235 2194 509 2235 Antiochum
539 2194 577 2233 11
607 2194 765 2246 Deum,
798 2193 883 2233 etsi
914 2193 959 2232 et
989 2193 1164 2245 patrem
1184 2191 1400 2233 habuisse
1420 2191 1697 2232 Antiochum
1717 2193 1762 2231 et
1781 2201 1971 2232 uxorem
1993 2190 2218 2231 Laodicen
2284 2214 2286 2222 ›

237 2267 476 2319 constaret,
508 2267 660 2307 tamen
691 2266 765 2307 hic
794 2265 840 2306 in
871 2275 1058 2306 censum
1088 2276 1179 2306 non
1200 2265 1368 2318 venire,
1400 2265 1510 2317 quia
1538 2264 1661 2305 nullo
1693 2262 1829 2304 modo
1863 2264 2090 2304 minorem
2119 2263 2220 2316 qui·
2264 2248 2278 2265 ³

238 2339 341 2380 dem
372 2338 557 2380 fratrem
577 2337 849 2380 Antiochum
871 2337 1105 2379 Hieracem
1136 2348 1514 2390 commemorare,
1545 2337 1764 2378 maiorem
1786 2346 1895 2377 vero
1922 2335 2159 2376 Seleucum
2181 2335 2220 2375 II
2268 2330 2279 2363 A
2305 2347 2312 2354 -ς

239 2411 502 2453 Callinicum
533 2411 709 2452 silentio
741 2422 948 2464 premere
977 2411 1191 2464 licuisset,
1227 2410 1405 2464 pridem
1437 2409 1692 2451 observavi.
1754 2409 1866 2449 Sane
1896 2419 2018 2449 nunc
2047 2407 2103 2468 de
2132 2407 2220 2448 An·
2259 2406 2264 2430 r
2301 2422 2311 2448 ,·

239 2485 390 2526 tiocho
422 2483 629 2525 Antiochi
660 2485 718 2524 111
753 2484 845 2526 filio
877 2485 986 2525 natu
1017 2484 1216 2525 maximo
1249 2484 1534 2536 cogitaveris,
1595 2482 1734 2524 Cuius
1776 2483 1906 2523 antea
1942 2482 2220 2522 mentionem
2309 2498 2311 2507 ν

238 2569 331 2598 non
360 2557 457 2610 feci,
490 2558 596 2610 quia
627 2556 801 2610 regium
832 2568 998 2598 nomen
1028 2557 1141 2598 mihi
1171 2557 1217 2598 in
1248 2568 1355 2598 eum
1386 2556 1548 2598 eadere
1578 2566 1669 2597 non
1694 2553 1948 2607 videbatur,
1981 2554 2060 2606 qui
2091 2554 2218 2606 patre
2299 2563 2314 2610 ¹,-

240 2630 482 2682 superstite
504 2629 704 2670 obiisset.
755 2629 812 2670 At
833 2641 952 2671 nunc
980 2641 1036 2670 ex
1066 2641 1108 2671 n.
1131 2632 1228 2683 232,
1252 2632 1291 2670 4.
1324 2632 1422 2682 233,
1445 2631 1469 2669 5
1501 2627 1757 2680 didicimus,
1788 2626 1917 2667 illum
1939 2623 2219 2667 Antiochum
2296 2612 2314 2663 fl*

238 2712 329 2742 una
374 2713 481 2742 cum
529 2703 658 2754 patre
703 2702 1028 2755 aliquantisper
1071 2712 1296 2755 regnasse.
1366 2701 1511 2749 Quem
1557 2712 1664 2742 cum
1710 2710 1914 2741 sororem
1959 2709 2220 2751 germanam
2251 2686 2263 2742 s
2291 2699 2314 2737 *ς

223 2774 461 2816 Laodicen
491 2774 538 2814 in
568 2775 910 2816 matrimonium
940 2775 1125 2816 duxisse
1156 2768 1307 2816 narret
1327 2773 1560 2827 Appianus
1591 2774 1690 2826 Syr.
1720 2774 1757 2826 4,
1790 2772 1942 2813 omnia
1970 2770 2086 2812 bene
2117 2781 2221 2812 con·
2305 2782 2308 2809 ι

241 2848 395 2888 venire
426 2847 648 2888 videntur.
702 2847 759 2888 At
787 2847 866 2887 filii
896 2847 1104 2898 Antiochi
1135 2848 1305 2888 mentio
1337 2847 1559 2900 impedire
1589 2846 1783 2898 videtur,
1815 2844 2063 2897 quominus
2094 2843 2221 2884 illum
2257 2860 2274 2888 a
2292 2843 2307 2879 ³2

242 2918 564 2972 intellegamus.
626 2919 740 2961 Nam
771 2931 999 2972 nusquam
1030 2920 1084 2961 de
1114 2919 1268 2961 liberis
1300 2931 1354 2960 ex
1384 2920 1459 2960 illo
1492 2917 1781 2961 matrimonio
1813 2916 2064 2970 procreatis
2096 2917 2222 2968 quic·
2260 2904 2266 2966 'i
2303 2946 2305 2950 .

242 3004 380 3045 quam
410 2992 614 3046 legimus,
646 2993 702 3034 ad
723 3004 839 3046 quos
870 2994 1035 3046 tamen,
1067 2993 1106 3034 si
1137 2993 1319 3035 omnino
1341 2992 1544 3046 fuissent,
1576 2992 1701 3044 regni
1729 2990 1955 3031 hereditas
1985 2989 2255 3043 pervenire:
2303 2978 2306 2998 ¹

243 3064 447 3106 debebat.
494 3063 625 3113 Quod
647 3066 804 3106 contra
822 3063 1072 3107 Antiochus
1094 3065 1348 3119 Epiphanes
1370 3067 1414 3107 et
1433 3066 1608 3119 patrem
1630 3063 1902 3105 Antiochum
1923 3063 1981 3103 III
2010 3062 2220 3114 Magnum

243 3139 287 3178 et
317 3137 459 3178 filium
480 3136 751 3179 Antiochum
772 3137 811 3178 V
830 3138 1121 3191 Philopatora
1150 3138 1321 3180 habuit.
1371 3138 1533 3179 Uxoris
1565 3148 1671 3179 sane
1698 3146 1865 3177 nomen
1893 3146 1984 3176 non
2014 3133 2221 3187 traditur,
2251 3127 2253 3130 ’

243 3209 322 3251 sed
352 3210 507 3262 quidni
540 3221 595 3251 ex
625 3211 712 3252 hoc
742 3211 841 3264 ipso
872 3210 1004 3252 titulo
1035 3211 1301 3264 colligamus
1341 3212 1382 3251 ei
1412 3210 1636 3252 Laodicen
1673 3219 1839 3251 nomen
1876 3204 2048 3250 fuisse?
2109 3206 2222 3248 Ean·
2258 3231 2259 3234 =

244 3282 347 3323 dem
379 3293 486 3324 sane
517 3293 629 3336 esse,
669 3294 807 3336 quam
838 3285 968 3325 antea
996 3283 1133 3324 frater
1162 3285 1272 3326 natu
1310 3284 1455 3325 maior
1493 3284 1539 3324 in
1578 3281 1870 3324 matrimonio
1909 3279 2131 3332 habuerit,
2171 3279 2223 3319 ut
2239 3279 2266 3335 ξ

244 3354 503 3396 dubitanter
533 3355 725 3396 coniecit
754 3356 972 3410 Wilcken‚
1014 3356 1125 3397 mihi
1163 3355 1462 3409 improbabile
1493 3355 1686 3398 videtur.
1746 3354 1923 3396 Etenim
1960 3351 2035 3393 ille
2075 3351 2222 3392 maior
2251 3355 2260 3395 ἢ

244 3426 491 3469 Antiochus
522 3427 613 3469 fato
636 3427 816 3470 functus
838 3429 907 3470 est
927 3440 1044 3470 anno
1068 3431 1149 3470 493
1174 3441 1211 3469 a.
1236 3428 1335 3470 Chr.
1358 3440 1399 3470 n.
1433 3429 1539 3482 (Liv.
1562 3426 1740 3480 XXXV,
1764 3429 1833 3480 45,
1855 3424 1909 3478 2),
1941 3423 2219 3477 Epiphanem
2239 3434 2262 3486 g

245 3511 353 3541 vero
372 3512 460 3541 non
478 3501 606 3554 prius
627 3512 818 3542 uxorem
840 3501 1023 3544 duxisse
1038 3512 1175 3555 quam
1191 3501 1334 3543 Roma
1349 3501 1491 3543 redux
1513 3511 1666 3542 rerum
1687 3498 1911 3553 potiretur
1932 3496 2028 3548 (475
2048 3508 2085 3537 a.
2105 3493 2220 3547 Chr.)
2236 3485 2263 3557 ξπ,

243 3572 341 3624 ipse
373 3572 649 3614 Wilckenius
681 3575 934 3616 rectissime
965 3575 1134 3616 statuit.
1187 3573 1283 3622 Quo
1324 3574 1532 3627 tempore
1563 3573 1605 3614 ei
1635 3572 1874 3613 etiamtum
1916 3567 2220 3622 appetendum
2244 3560 2260 3606 ,ἑ

242 3644 394 3684 visum
425 3655 524 3686 esse
554 3647 896 3689 matrimonium
918 3648 1090 3690 sororis
1112 3657 1228 3700 quae
1253 3657 1334 3700 per
1354 3645 1636 3699 undeviginti
1657 3654 1798 3686 annos
1819 3641 1958 3685 vidua
1980 3638 2220 3683 mansisset
2243 3628 2245 3634 ’
2297 3675 2299 3688 ,

247 3715 369 3758 haud
398 3717 680 3762 crediderim.
2296 3701 2299 3712 '
