<?xml version="1.0" encoding="UTF-8"?>
<!DOCTYPE html PUBLIC "-//W3C//DTD XHTML 1.0 Transitional//EN"
    "http://www.w3.org/TR/xhtml1/DTD/xhtml1-transitional.dtd">
<html xmlns="http://www.w3.org/1999/xhtml" xml:lang="en" lang="en">
 <head>
  <title>
</title>
<meta http-equiv="Content-Type" content="text/html;charset=utf-8" />
  <meta name='ocr-system' content='tesseract 3.04.00' />
  <meta name='ocr-capabilities' content='ocr_page ocr_carea ocr_par ocr_line ocrx_word'/>
</head>
<body>
  <div class='ocr_page' id='page_1' title='image "./orientisgraeciin01dittuoft_0460.png"; bbox 0 0 2314 3970; ppageno 0'>
   <div class='ocr_carea' id='block_1_1' title="bbox 252 196 2207 254">
    <p class='ocr_par' dir='ltr' id='par_1_1' title="bbox 252 196 2207 254">
     <span class='ocr_line' id='line_1_1' title="bbox 252 196 2207 254; baseline -0.01 -7"><span class='ocrx_word' id='word_1_1' title='bbox 252 204 353 254; x_wconf 82' lang='lat'>446</span> <span class='ocrx_word' id='word_1_2' title='bbox 913 198 963 239; x_wconf 87' lang='lat' dir='ltr'>V.</span> <span class='ocrx_word' id='word_1_3' title='bbox 1007 197 1207 250; x_wconf 80' lang='lat' dir='ltr'><strong>Regnum</strong></span> <span class='ocrx_word' id='word_1_4' title='bbox 1236 196 1548 239; x_wconf 83' lang='lat' dir='ltr'>Attalidarum.</span> <span class='ocrx_word' id='word_1_5' title='bbox 2050 198 2207 251; x_wconf 73' lang='lat'>[239.-</span> 
     </span>
    </p>
   </div>
   <div class='ocr_carea' id='block_1_2' title="bbox 249 370 2223 2081">
    <p class='ocr_par' dir='ltr' id='par_1_2' title="bbox 249 370 2223 2081">
     <span class='ocr_line' id='line_1_2' title="bbox 251 370 2212 425; baseline -0.003 -8"><span class='ocrx_word' id='word_1_6' title='bbox 251 388 339 417; x_wconf 91' lang='lat' dir='ltr'>non</span> <span class='ocrx_word' id='word_1_7' title='bbox 378 386 476 415; x_wconf 90' lang='lat' dir='ltr'>esse</span> <span class='ocrx_word' id='word_1_8' title='bbox 513 376 648 425; x_wconf 90' lang='lat' dir='ltr'>atque</span> <span class='ocrx_word' id='word_1_9' title='bbox 691 371 812 413; x_wconf 88' lang='lat' dir='ltr'>illam</span> <span class='ocrx_word' id='word_1_10' title='bbox 853 370 1184 412; x_wconf 82' lang='lat' dir='ltr'>nobilissimam</span> <span class='ocrx_word' id='word_1_11' title='bbox 1223 382 1312 423; x_wconf 86' lang='lat' dir='ltr'>qua</span> <span class='ocrx_word' id='word_1_12' title='bbox 1350 371 1519 422; x_wconf 91' lang='lat' dir='ltr'>regiam</span> <span class='ocrx_word' id='word_1_13' title='bbox 1561 371 1820 423; x_wconf 85' lang='lat' dir='ltr'>dignitatem</span> <span class='ocrx_word' id='word_1_14' title='bbox 1860 371 2112 424; x_wconf 88' lang='lat' dir='ltr'>meruisset,</span> <span class='ocrx_word' id='word_1_15' title='bbox 2159 383 2212 412; x_wconf 83' lang='lat' dir='ltr'>ex</span> 
     </span>
     <span class='ocr_line' id='line_1_3' title="bbox 251 443 2213 501; baseline -0.002 -12"><span class='ocrx_word' id='word_1_16' title='bbox 251 450 347 501; x_wconf 88' lang='lat' dir='ltr'>ipsa</span> <span class='ocrx_word' id='word_1_17' title='bbox 379 444 685 497; x_wconf 86' lang='lat' dir='ltr'>magnitudine</span> <span class='ocrx_word' id='word_1_18' title='bbox 706 444 987 485; x_wconf 89' lang='lat' dir='ltr'>monumenti</span> <span class='ocrx_word' id='word_1_19' title='bbox 1008 445 1128 484; x_wconf 91' lang='lat' dir='ltr'>recte</span> <span class='ocrx_word' id='word_1_20' title='bbox 1149 443 1327 494; x_wconf 81' lang='lat' dir='ltr'>collegit</span> <span class='ocrx_word' id='word_1_21' title='bbox 1347 443 1544 484; x_wconf 76' lang='lat' dir='ltr'>Frankel.</span> <span class='ocrx_word' id='word_1_22' title='bbox 1594 443 1779 484; x_wconf 79' lang='lat' dir='ltr'>Accedit</span> <span class='ocrx_word' id='word_1_23' title='bbox 1798 443 1923 496; x_wconf 88' lang='lat' dir='ltr'>quod</span> <span class='ocrx_word' id='word_1_24' title='bbox 1943 446 1987 485; x_wconf 88' lang='lat' dir='ltr'>et</span> <span class='ocrx_word' id='word_1_25' title='bbox 2014 444 2213 485; x_wconf 86' lang='lat' dir='ltr'>hostium</span> 
     </span>
     <span class='ocr_line' id='line_1_4' title="bbox 252 514 2215 571; baseline -0.001 -12"><span class='ocrx_word' id='word_1_26' title='bbox 252 520 355 571; x_wconf 88' lang='lat' dir='ltr'>(not.</span> <span class='ocrx_word' id='word_1_27' title='bbox 379 518 418 569; x_wconf 83' lang='lat'>2)</span> <span class='ocrx_word' id='word_1_28' title='bbox 456 519 502 557; x_wconf 92' lang='lat' dir='ltr'>et</span> <span class='ocrx_word' id='word_1_29' title='bbox 537 516 623 557; x_wconf 90' lang='lat' dir='ltr'>loci</span> <span class='ocrx_word' id='word_1_30' title='bbox 654 516 760 568; x_wconf 91' lang='lat' dir='ltr'>(not.</span> <span class='ocrx_word' id='word_1_31' title='bbox 786 515 824 567; x_wconf 83' lang='lat'>3)</span> <span class='ocrx_word' id='word_1_32' title='bbox 856 515 1119 567; x_wconf 87' lang='lat' dir='ltr'>significatio</span> <span class='ocrx_word' id='word_1_33' title='bbox 1158 514 1354 568; x_wconf 80' lang='lat' dir='ltr'><strong>perbene</strong></span> <span class='ocrx_word' id='word_1_34' title='bbox 1385 514 1589 568; x_wconf 82' lang='lat' dir='ltr'><strong>quadrat.</strong></span> <span class='ocrx_word' id='word_1_35' title='bbox 1651 514 1795 564; x_wconf 87' lang='lat' dir='ltr'>Quam</span> <span class='ocrx_word' id='word_1_36' title='bbox 1826 516 2062 557; x_wconf 86' lang='lat' dir='ltr'>victoriam</span> <span class='ocrx_word' id='word_1_37' title='bbox 2093 520 2215 557; x_wconf 86' lang='lat' dir='ltr'>recte</span> 
     </span>
     <span class='ocr_line' id='line_1_5' title="bbox 252 584 2215 642; baseline -0.001 -12"><span class='ocrx_word' id='word_1_38' title='bbox 252 603 277 631; x_wconf 88' lang='lat' dir='ltr'>a</span> <span class='ocrx_word' id='word_1_39' title='bbox 307 588 536 629; x_wconf 90' lang='lat' dir='ltr'>Wilckeno</span> <span class='ocrx_word' id='word_1_40' title='bbox 568 587 624 628; x_wconf 90' lang='lat' dir='ltr'>ad</span> <span class='ocrx_word' id='word_1_41' title='bbox 654 598 821 628; x_wconf 88' lang='lat' dir='ltr'>annum</span> <span class='ocrx_word' id='word_1_42' title='bbox 855 589 927 627; x_wconf 72' lang='grc'>241</span> <span class='ocrx_word' id='word_1_43' title='bbox 939 584 982 642; x_wconf 73' lang='lat' dir='ltr'>so</span> <span class='ocrx_word' id='word_1_44' title='bbox 1016 598 1053 628; x_wconf 88' lang='lat' dir='ltr'>a.</span> <span class='ocrx_word' id='word_1_45' title='bbox 1083 586 1183 628; x_wconf 86' lang='lat' dir='ltr'><strong>Chr.</strong></span> <span class='ocrx_word' id='word_1_46' title='bbox 1215 598 1255 627; x_wconf 91' lang='lat' dir='ltr'>n.</span> <span class='ocrx_word' id='word_1_47' title='bbox 1288 585 1443 627; x_wconf 81' lang='lat' dir='ltr'>referri</span> <span class='ocrx_word' id='word_1_48' title='bbox 1486 586 1620 627; x_wconf 91' lang='lat' dir='ltr'>docui</span> <span class='ocrx_word' id='word_1_49' title='bbox 1655 598 1697 628; x_wconf 89' lang='lat' dir='ltr'>n.</span> <span class='ocrx_word' id='word_1_50' title='bbox 1720 585 1832 629; x_wconf 80' lang='lat'><strong>2682</strong></span> <span class='ocrx_word' id='word_1_51' title='bbox 1861 587 2065 628; x_wconf 80' lang='lat' dir='ltr'><strong>refutatis</strong></span> <span class='ocrx_word' id='word_1_52' title='bbox 2101 598 2215 640; x_wconf 89' lang='lat' dir='ltr'>quae</span> 
     </span>
     <span class='ocr_line' id='line_1_6' title="bbox 251 657 2214 712; baseline -0.001 -11"><span class='ocrx_word' id='word_1_53' title='bbox 251 659 529 702; x_wconf 90' lang='lat' dir='ltr'>Staehelinus</span> <span class='ocrx_word' id='word_1_54' title='bbox 550 660 709 700; x_wconf 86' lang='lat' dir='ltr'>contra</span> <span class='ocrx_word' id='word_1_55' title='bbox 731 659 858 699; x_wconf 91' lang='lat' dir='ltr'>illum</span> <span class='ocrx_word' id='word_1_56' title='bbox 880 658 1201 712; x_wconf 81' lang='lat' dir='ltr'>disputaverat.</span> <span class='ocrx_word' id='word_1_57' title='bbox 1321 661 1345 698; x_wconf 79' lang='lat'>2</span> <span class='ocrx_word' id='word_1_58' title='bbox 1382 658 1446 698; x_wconf 91' lang='lat' dir='ltr'>De</span> <span class='ocrx_word' id='word_1_59' title='bbox 1467 658 1663 699; x_wconf 90' lang='lat' dir='ltr'>nominis</span> <span class='ocrx_word' id='word_1_60' title='bbox 1684 657 1828 700; x_wconf 83' lang='lat' dir='ltr'>forma</span> <span class='ocrx_word' id='word_1_61' title='bbox 1849 658 1901 700; x_wconf 83' lang='lat' dir='ltr'>cf.</span> <span class='ocrx_word' id='word_1_62' title='bbox 1924 657 2051 711; x_wconf 86' lang='lat' dir='ltr'>Sy11.2</span> <span class='ocrx_word' id='word_1_63' title='bbox 2073 658 2214 700; x_wconf 81' lang='lat'>27627.</span> 
     </span>
     <span class='ocr_line' id='line_1_7' title="bbox 252 730 2214 782; baseline -0.001 -10"><span class='ocrx_word' id='word_1_64' title='bbox 252 731 471 773; x_wconf 90' lang='lat' dir='ltr'>Staehelin</span> <span class='ocrx_word' id='word_1_65' title='bbox 503 731 658 772; x_wconf 87' lang='lat' dir='ltr'>Gesch.</span> <span class='ocrx_word' id='word_1_66' title='bbox 691 730 770 772; x_wconf 89' lang='lat' dir='ltr'>der</span> <span class='ocrx_word' id='word_1_67' title='bbox 799 730 1198 772; x_wconf 88' lang='lat' dir='ltr'>Kleinasiatischen</span> <span class='ocrx_word' id='word_1_68' title='bbox 1230 730 1405 771; x_wconf 87' lang='lat' dir='ltr'>Galater</span> <span class='ocrx_word' id='word_1_69' title='bbox 1443 741 1485 782; x_wconf 91' lang='lat' dir='ltr'>p.</span> <span class='ocrx_word' id='word_1_70' title='bbox 1510 732 1562 771; x_wconf 81' lang='lat'>52</span> <span class='ocrx_word' id='word_1_71' title='bbox 1594 732 1687 771; x_wconf 89' lang='lat' dir='ltr'>not.</span> <span class='ocrx_word' id='word_1_72' title='bbox 1710 733 1749 771; x_wconf 82' lang='lat'>2.</span> <span class='ocrx_word' id='word_1_73' title='bbox 1809 731 1973 772; x_wconf 90' lang='lat' dir='ltr'>Eadem</span> <span class='ocrx_word' id='word_1_74' title='bbox 2015 731 2133 772; x_wconf 89' lang='lat' dir='ltr'>redit</span> <span class='ocrx_word' id='word_1_75' title='bbox 2168 732 2214 771; x_wconf 92' lang='lat' dir='ltr'>in</span> 
     </span>
     <span class='ocr_line' id='line_1_8' title="bbox 250 802 2216 856; baseline 0 -12"><span class='ocrx_word' id='word_1_76' title='bbox 250 804 393 845; x_wconf 92' lang='lat' dir='ltr'>titulis</span> <span class='ocrx_word' id='word_1_77' title='bbox 431 804 715 855; x_wconf 79' lang='lat' dir='ltr'>Pergamenis</span> <span class='ocrx_word' id='word_1_78' title='bbox 753 814 795 844; x_wconf 93' lang='lat' dir='ltr'>n.</span> <span class='ocrx_word' id='word_1_79' title='bbox 828 806 925 856; x_wconf 79' lang='lat'><strong>275,</strong></span> <span class='ocrx_word' id='word_1_80' title='bbox 957 807 991 844; x_wconf 78' lang='grc'>4.</span> <span class='ocrx_word' id='word_1_81' title='bbox 1033 805 1129 855; x_wconf 78' lang='lat'><strong>276,</strong></span> <span class='ocrx_word' id='word_1_82' title='bbox 1163 805 1201 843; x_wconf 80' lang='lat'>2.</span> <span class='ocrx_word' id='word_1_83' title='bbox 1262 802 1557 854; x_wconf 87' lang='lat' dir='ltr'>Tolistoagios</span> <span class='ocrx_word' id='word_1_84' title='bbox 1589 802 1880 855; x_wconf 92' lang='lat' dir='ltr'>potissimum</span> <span class='ocrx_word' id='word_1_85' title='bbox 1911 803 2062 856; x_wconf 88' lang='lat' dir='ltr'>fuisse,</span> <span class='ocrx_word' id='word_1_86' title='bbox 2102 813 2216 856; x_wconf 86' lang='lat' dir='ltr'>quos</span> 
     </span>
     <span class='ocr_line' id='line_1_9' title="bbox 250 873 2216 928; baseline -0.001 -12"><span class='ocrx_word' id='word_1_87' title='bbox 250 875 424 916; x_wconf 81' lang='lat' dir='ltr'>Attalus</span> <span class='ocrx_word' id='word_1_88' title='bbox 455 886 537 928; x_wconf 88' lang='lat' dir='ltr'>per</span> <span class='ocrx_word' id='word_1_89' title='bbox 573 875 673 927; x_wconf 88' lang='lat' dir='ltr'>ipsa</span> <span class='ocrx_word' id='word_1_90' title='bbox 706 875 830 927; x_wconf 87' lang='lat' dir='ltr'>regni</span> <span class='ocrx_word' id='word_1_91' title='bbox 860 875 987 915; x_wconf 91' lang='lat' dir='ltr'>initia</span> <span class='ocrx_word' id='word_1_92' title='bbox 1018 874 1214 926; x_wconf 89' lang='lat' dir='ltr'>vicisset,</span> <span class='ocrx_word' id='word_1_93' title='bbox 1247 874 1359 914; x_wconf 89' lang='lat' dir='ltr'>Livii</span> <span class='ocrx_word' id='word_1_94' title='bbox 1400 874 1598 915; x_wconf 89' lang='lat' dir='ltr'>narratio</span> <span class='ocrx_word' id='word_1_95' title='bbox 1629 873 1762 915; x_wconf 91' lang='lat' dir='ltr'>docet</span> <span class='ocrx_word' id='word_1_96' title='bbox 1788 874 2027 927; x_wconf 88' lang='lat' dir='ltr'><strong>XXXVIII,</strong></span> <span class='ocrx_word' id='word_1_97' title='bbox 2050 877 2117 927; x_wconf 78' lang='grc'>46,</span> <span class='ocrx_word' id='word_1_98' title='bbox 2140 877 2216 915; x_wconf 78' lang='lat'>42:</span> 
     </span>
     <span class='ocr_line' id='line_1_10' title="bbox 255 942 2219 1002; baseline -0.001 -13"><span class='ocrx_word' id='word_1_99' title='bbox 255 944 453 989; x_wconf 81' lang='lat' dir='ltr'>Trocmis</span> <span class='ocrx_word' id='word_1_100' title='bbox 483 943 760 1002; x_wconf 78' lang='lat' dir='ltr'>Hellesponti</span> <span class='ocrx_word' id='word_1_101' title='bbox 785 959 868 989; x_wconf 81' lang='lat' dir='ltr'>ora</span> <span class='ocrx_word' id='word_1_102' title='bbox 897 945 1016 1000; x_wconf 78' lang='lat' dir='ltr'>olata,</span> <span class='ocrx_word' id='word_1_103' title='bbox 1051 942 1342 1000; x_wconf 64' lang='lat' dir='ltr'>Tolostobogii</span> <span class='ocrx_word' id='word_1_104' title='bbox 1367 942 1556 988; x_wconf 83' lang='lat' dir='ltr'>Aeolida</span> <span class='ocrx_word' id='word_1_105' title='bbox 1584 947 1714 1000; x_wconf 77' lang='lat' dir='ltr'>alque</span> <span class='ocrx_word' id='word_1_106' title='bbox 1741 943 1938 999; x_wconf 78' lang='lat' dir='ltr'>Ioniam,</span> <span class='ocrx_word' id='word_1_107' title='bbox 1972 943 2219 1001; x_wconf 74' lang='lat' dir='ltr'>Tectosayes</span> 
     </span>
     <span class='ocr_line' id='line_1_11' title="bbox 250 1015 2218 1070; baseline -0.002 -8"><span class='ocrx_word' id='word_1_108' title='bbox 250 1017 579 1062; x_wconf 73' lang='lat' dir='ltr'>mediterranea</span> <span class='ocrx_word' id='word_1_109' title='bbox 614 1015 754 1061; x_wconf 80' lang='lat' dir='ltr'>Asiae</span> <span class='ocrx_word' id='word_1_110' title='bbox 789 1015 941 1061; x_wconf 78' lang='lat' dir='ltr'>sortiti</span> <span class='ocrx_word' id='word_1_111' title='bbox 973 1018 1092 1060; x_wconf 78' lang='lat' dir='ltr'>sunt.</span> <span class='ocrx_word' id='word_1_112' title='bbox 1152 1016 1266 1059; x_wconf 90' lang='lat' dir='ltr'>Nam</span> <span class='ocrx_word' id='word_1_113' title='bbox 1305 1018 1370 1058; x_wconf 89' lang='lat' dir='ltr'>eis</span> <span class='ocrx_word' id='word_1_114' title='bbox 1409 1018 1489 1070; x_wconf 92' lang='lat' dir='ltr'>qui</span> <span class='ocrx_word' id='word_1_115' title='bbox 1532 1017 1717 1059; x_wconf 80' lang='lat' dir='ltr'>Aeolida</span> <span class='ocrx_word' id='word_1_116' title='bbox 1752 1019 1956 1059; x_wconf 88' lang='lat' dir='ltr'>tenerent</span> <span class='ocrx_word' id='word_1_117' title='bbox 1995 1017 2218 1059; x_wconf 90' lang='lat' dir='ltr'>tributum</span> 
     </span>
     <span class='ocr_line' id='line_1_12' title="bbox 250 1088 2219 1145; baseline -0.002 -13"><span class='ocrx_word' id='word_1_118' title='bbox 250 1091 476 1144; x_wconf 85' lang='lat' dir='ltr'>principes</span> <span class='ocrx_word' id='word_1_119' title='bbox 497 1091 701 1143; x_wconf 81' lang='lat' dir='ltr'>Pergami</span> <span class='ocrx_word' id='word_1_120' title='bbox 730 1090 997 1145; x_wconf 88' lang='lat' dir='ltr'>pependisse</span> <span class='ocrx_word' id='word_1_121' title='bbox 1027 1091 1345 1131; x_wconf 89' lang='lat' dir='ltr'>consentanem</span> <span class='ocrx_word' id='word_1_122' title='bbox 1375 1091 1457 1130; x_wconf 90' lang='lat' dir='ltr'>est.</span> <span class='ocrx_word' id='word_1_123' title='bbox 1508 1088 1638 1137; x_wconf 89' lang='lat' dir='ltr'>Quod</span> <span class='ocrx_word' id='word_1_124' title='bbox 1669 1100 1773 1130; x_wconf 92' lang='lat' dir='ltr'>cum</span> <span class='ocrx_word' id='word_1_125' title='bbox 1809 1090 1984 1142; x_wconf 90' lang='lat' dir='ltr'>primus</span> <span class='ocrx_word' id='word_1_126' title='bbox 2016 1090 2219 1131; x_wconf 89' lang='lat' dir='ltr'>omnium</span> 
     </span>
     <span class='ocr_line' id='line_1_13' title="bbox 249 1161 2220 1215; baseline -0.001 -11"><span class='ocrx_word' id='word_1_127' title='bbox 249 1163 424 1205; x_wconf 88' lang='lat' dir='ltr'>Attalus</span> <span class='ocrx_word' id='word_1_128' title='bbox 446 1163 553 1204; x_wconf 90' lang='lat' dir='ltr'>dare</span> <span class='ocrx_word' id='word_1_129' title='bbox 574 1164 828 1204; x_wconf 90' lang='lat' dir='ltr'>recusasset</span> <span class='ocrx_word' id='word_1_130' title='bbox 858 1162 1024 1215; x_wconf 87' lang='lat' dir='ltr'>(Livius</span> <span class='ocrx_word' id='word_1_131' title='bbox 1052 1161 1290 1215; x_wconf 90' lang='lat' dir='ltr'><strong>XXXVIII,</strong></span> <span class='ocrx_word' id='word_1_132' title='bbox 1313 1164 1381 1214; x_wconf 81' lang='grc'>46,</span> <span class='ocrx_word' id='word_1_133' title='bbox 1407 1162 1486 1214; x_wconf 76' lang='grc'>44),</span> <span class='ocrx_word' id='word_1_134' title='bbox 1518 1161 1686 1202; x_wconf 89' lang='lat' dir='ltr'>bellum</span> <span class='ocrx_word' id='word_1_135' title='bbox 1709 1163 1917 1202; x_wconf 85' lang='lat' dir='ltr'>exortum</span> <span class='ocrx_word' id='word_1_136' title='bbox 1948 1163 2029 1215; x_wconf 86' lang='lat' dir='ltr'>est,</span> <span class='ocrx_word' id='word_1_137' title='bbox 2061 1173 2152 1214; x_wconf 91' lang='lat' dir='ltr'>quo</span> <span class='ocrx_word' id='word_1_138' title='bbox 2182 1163 2220 1202; x_wconf 92' lang='lat' dir='ltr'>is</span> 
     </span>
     <span class='ocr_line' id='line_1_14' title="bbox 250 1229 2220 1288; baseline -0.002 -12"><span class='ocrx_word' id='word_1_139' title='bbox 250 1235 388 1288; x_wconf 84' lang='lat' dir='ltr'>signis</span> <span class='ocrx_word' id='word_1_140' title='bbox 419 1235 593 1277; x_wconf 90' lang='lat' dir='ltr'>collatis</span> <span class='ocrx_word' id='word_1_141' title='bbox 625 1235 801 1277; x_wconf 89' lang='lat' dir='ltr'>Galatas</span> <span class='ocrx_word' id='word_1_142' title='bbox 831 1234 958 1276; x_wconf 88' lang='lat' dir='ltr'>fudit.</span> <span class='ocrx_word' id='word_1_143' title='bbox 1010 1234 1077 1275; x_wconf 84' lang='lat' dir='ltr'>Fr.</span> <span class='ocrx_word' id='word_1_144' title='bbox 1244 1237 1265 1272; x_wconf 84' lang='lat'>3</span> <span class='ocrx_word' id='word_1_145' title='bbox 1309 1233 1554 1275; x_wconf 90' lang='lat' dir='ltr'>Pausanias</span> <span class='ocrx_word' id='word_1_146' title='bbox 1575 1234 1605 1286; x_wconf 91' lang='lat'>1,</span> <span class='ocrx_word' id='word_1_147' title='bbox 1629 1236 1696 1286; x_wconf 83' lang='lat'>25,</span> <span class='ocrx_word' id='word_1_148' title='bbox 1720 1236 1764 1274; x_wconf 80' lang='lat'>2:</span> <span class='ocrx_word' id='word_1_149' title='bbox 1806 1231 1879 1275; x_wconf 72' lang='grc' dir='ltr'>καὶ</span> <span class='ocrx_word' id='word_1_150' title='bbox 1909 1229 2112 1275; x_wconf 75' lang='grc' dir='ltr'>Γαλατῶν</span> <span class='ocrx_word' id='word_1_151' title='bbox 2142 1232 2220 1288; x_wconf 79' lang='grc' dir='ltr'>τὴν</span> 
     </span>
     <span class='ocr_line' id='line_1_15' title="bbox 251 1301 2223 1364; baseline -0.001 -16"><span class='ocrx_word' id='word_1_152' title='bbox 251 1306 294 1348; x_wconf 83' lang='grc' dir='ltr'>ἐν</span> <span class='ocrx_word' id='word_1_153' title='bbox 325 1302 470 1363; x_wconf 82' lang='grc' dir='ltr'><strong>Μυσίᾳ</strong></span> <span class='ocrx_word' id='word_1_154' title='bbox 501 1305 663 1364; x_wconf 81' lang='grc' dir='ltr'>φθορὰν</span> <span class='ocrx_word' id='word_1_155' title='bbox 694 1304 904 1362; x_wconf 76' lang='grc' dir='ltr'>ἀνέθηκεν</span> <span class='ocrx_word' id='word_1_156' title='bbox 933 1301 1147 1352; x_wconf 85' lang='grc' dir='ltr'>Ἄτταλος.</span> <span class='ocrx_word' id='word_1_157' title='bbox 1199 1306 1247 1347; x_wconf 94' lang='lat' dir='ltr'>In</span> <span class='ocrx_word' id='word_1_158' title='bbox 1278 1306 1423 1359; x_wconf 85' lang='lat' dir='ltr'>Mysia</span> <span class='ocrx_word' id='word_1_159' title='bbox 1453 1316 1561 1347; x_wconf 91' lang='lat' dir='ltr'>vero</span> <span class='ocrx_word' id='word_1_160' title='bbox 1593 1315 1692 1347; x_wconf 90' lang='lat' dir='ltr'>esse</span> <span class='ocrx_word' id='word_1_161' title='bbox 1713 1305 1835 1346; x_wconf 87' lang='lat' dir='ltr'>Ca‘ici</span> <span class='ocrx_word' id='word_1_162' title='bbox 1864 1304 2010 1347; x_wconf 82' lang='lat' dir='ltr'>fontes</span> <span class='ocrx_word' id='word_1_163' title='bbox 2029 1306 2223 1347; x_wconf 90' lang='lat' dir='ltr'>testatur</span> 
     </span>
     <span class='ocr_line' id='line_1_16' title="bbox 253 1371 2220 1435; baseline -0.001 -15"><span class='ocrx_word' id='word_1_164' title='bbox 253 1378 411 1420; x_wconf 81' lang='lat' dir='ltr'>strabo</span> <span class='ocrx_word' id='word_1_165' title='bbox 442 1378 536 1432; x_wconf 88' lang='lat' dir='ltr'><strong>XII,</strong></span> <span class='ocrx_word' id='word_1_166' title='bbox 561 1382 599 1432; x_wconf 89' lang='lat'>8,</span> <span class='ocrx_word' id='word_1_167' title='bbox 623 1381 645 1418; x_wconf 88' lang='grc'><strong>3</strong></span> <span class='ocrx_word' id='word_1_168' title='bbox 677 1389 720 1431; x_wconf 92' lang='lat' dir='ltr'>p.</span> <span class='ocrx_word' id='word_1_169' title='bbox 745 1381 826 1420; x_wconf 81' lang='lat'>572</span> <span class='ocrx_word' id='word_1_170' title='bbox 859 1378 976 1419; x_wconf 86' lang='lat' dir='ltr'>Cas.:</span> <span class='ocrx_word' id='word_1_171' title='bbox 1016 1374 1115 1424; x_wconf 81' lang='grc' dir='ltr'>τοὺς</span> <span class='ocrx_word' id='word_1_172' title='bbox 1151 1375 1197 1418; x_wconf 89' lang='grc' dir='ltr'>δὲ</span> <span class='ocrx_word' id='word_1_173' title='bbox 1235 1372 1411 1423; x_wconf 87' lang='grc' dir='ltr'>Μυσοὺς</span> <span class='ocrx_word' id='word_1_174' title='bbox 1452 1374 1647 1432; x_wconf 73' lang='grc' dir='ltr'>(οἰκῆσαι)</span> <span class='ocrx_word' id='word_1_175' title='bbox 1686 1374 1792 1435; x_wconf 75' lang='grc' dir='ltr'>ὑπὲρ</span> <span class='ocrx_word' id='word_1_176' title='bbox 1827 1374 1903 1423; x_wconf 83' lang='grc' dir='ltr'>τὰς</span> <span class='ocrx_word' id='word_1_177' title='bbox 1939 1378 2015 1418; x_wconf 78' lang='grc' dir='ltr'>τοῦ</span> <span class='ocrx_word' id='word_1_178' title='bbox 2053 1371 2220 1419; x_wconf 71' lang='grc' dir='ltr'>Καΐκου</span> 
     </span>
     <span class='ocr_line' id='line_1_17' title="bbox 251 1443 2222 1509; baseline -0.001 -17"><span class='ocrx_word' id='word_1_179' title='bbox 251 1450 389 1509; x_wconf 82' lang='grc' dir='ltr'><strong>πηγὰς</strong></span> <span class='ocrx_word' id='word_1_180' title='bbox 419 1449 598 1508; x_wconf 85' lang='grc' dir='ltr'>πλησίον</span> <span class='ocrx_word' id='word_1_181' title='bbox 628 1446 793 1494; x_wconf 82' lang='grc' dir='ltr'>Λυδῶν.</span> <span class='ocrx_word' id='word_1_182' title='bbox 843 1450 957 1503; x_wconf 89' lang='lat' dir='ltr'><strong>XIII,</strong></span> <span class='ocrx_word' id='word_1_183' title='bbox 981 1452 1020 1504; x_wconf 80' lang='grc'>1,</span> <span class='ocrx_word' id='word_1_184' title='bbox 1044 1453 1095 1490; x_wconf 87' lang='grc'>70</span> <span class='ocrx_word' id='word_1_185' title='bbox 1127 1461 1172 1503; x_wconf 89' lang='lat' dir='ltr'>p.</span> <span class='ocrx_word' id='word_1_186' title='bbox 1196 1453 1297 1491; x_wconf 72' lang='lat'>6⁴6:</span> <span class='ocrx_word' id='word_1_187' title='bbox 1338 1446 1447 1491; x_wconf 85' lang='grc' dir='ltr'>πολὺ</span> <span class='ocrx_word' id='word_1_188' title='bbox 1478 1447 1556 1507; x_wconf 82' lang='grc' dir='ltr'>γὰρ</span> <span class='ocrx_word' id='word_1_189' title='bbox 1593 1453 1670 1506; x_wconf 86' lang='grc' dir='ltr'>τῆς</span> <span class='ocrx_word' id='word_1_190' title='bbox 1691 1443 1814 1504; x_wconf 82' lang='grc' dir='ltr'>Ἴδης</span> <span class='ocrx_word' id='word_1_191' title='bbox 1853 1445 2025 1491; x_wconf 77' lang='grc' dir='ltr'>ἄπωθεν</span> <span class='ocrx_word' id='word_1_192' title='bbox 2058 1446 2101 1490; x_wconf 81' lang='grc' dir='ltr'>αἱ</span> <span class='ocrx_word' id='word_1_193' title='bbox 2131 1444 2222 1491; x_wconf 87' lang='grc' dir='ltr'>Κε-</span> 
     </span>
     <span class='ocr_line' id='line_1_18' title="bbox 250 1516 2223 1582; baseline -0.001 -18"><span class='ocrx_word' id='word_1_194' title='bbox 250 1521 401 1578; x_wconf 81' lang='grc' dir='ltr'>λαιναί,</span> <span class='ocrx_word' id='word_1_195' title='bbox 431 1521 539 1565; x_wconf 85' lang='grc' dir='ltr'>πολὺ</span> <span class='ocrx_word' id='word_1_196' title='bbox 572 1520 618 1564; x_wconf 86' lang='grc' dir='ltr'>δὲ</span> <span class='ocrx_word' id='word_1_197' title='bbox 647 1521 720 1564; x_wconf 70' lang='grc' dir='ltr'>καὶ</span> <span class='ocrx_word' id='word_1_198' title='bbox 751 1520 795 1564; x_wconf 77' lang='grc' dir='ltr'>αἱ</span> <span class='ocrx_word' id='word_1_199' title='bbox 821 1523 896 1564; x_wconf 82' lang='grc' dir='ltr'>τοῦ</span> <span class='ocrx_word' id='word_1_200' title='bbox 917 1516 1085 1564; x_wconf 75' lang='grc' dir='ltr'>Καΐκου</span> <span class='ocrx_word' id='word_1_201' title='bbox 1115 1518 1269 1578; x_wconf 78' lang='grc' dir='ltr'>πηγαί·</span> <span class='ocrx_word' id='word_1_202' title='bbox 1305 1518 1540 1563; x_wconf 80' lang='grc' dir='ltr'>δείκνυνται</span> <span class='ocrx_word' id='word_1_203' title='bbox 1559 1518 1637 1582; x_wconf 75' lang='grc' dir='ltr'>γᾷρ</span> <span class='ocrx_word' id='word_1_204' title='bbox 1660 1519 1703 1562; x_wconf 82' lang='grc' dir='ltr'>ἐν</span> <span class='ocrx_word' id='word_1_205' title='bbox 1724 1517 1870 1576; x_wconf 84' lang='grc' dir='ltr'>πεδίῳ.</span> <span class='ocrx_word' id='word_1_206' title='bbox 1920 1521 2065 1562; x_wconf 88' lang='lat' dir='ltr'>Locus</span> <span class='ocrx_word' id='word_1_207' title='bbox 2086 1521 2223 1573; x_wconf 85' lang='lat' dir='ltr'>igitur</span> 
     </span>
     <span class='ocr_line' id='line_1_19' title="bbox 252 1592 2222 1648; baseline -0.001 -11"><span class='ocrx_word' id='word_1_208' title='bbox 252 1597 348 1637; x_wconf 86' lang='lat' dir='ltr'>erat</span> <span class='ocrx_word' id='word_1_209' title='bbox 377 1595 567 1637; x_wconf 90' lang='lat' dir='ltr'>idoneus</span> <span class='ocrx_word' id='word_1_210' title='bbox 598 1594 769 1648; x_wconf 89' lang='lat' dir='ltr'>proelio</span> <span class='ocrx_word' id='word_1_211' title='bbox 806 1605 1074 1647; x_wconf 85' lang='lat' dir='ltr'>magnorum</span> <span class='ocrx_word' id='word_1_212' title='bbox 1110 1594 1393 1635; x_wconf 85' lang='lat' dir='ltr'>exercituum</span> <span class='ocrx_word' id='word_1_213' title='bbox 1427 1592 1765 1634; x_wconf 89' lang='lat' dir='ltr'>committendo.</span> <span class='ocrx_word' id='word_1_214' title='bbox 1829 1593 1976 1635; x_wconf 87' lang='lat' dir='ltr'>Minus</span> <span class='ocrx_word' id='word_1_215' title='bbox 2013 1595 2222 1635; x_wconf 88' lang='lat' dir='ltr'>accurate</span> 
     </span>
     <span class='ocr_line' id='line_1_20' title="bbox 253 1663 2221 1722; baseline -0.002 -13"><span class='ocrx_word' id='word_1_216' title='bbox 253 1668 379 1721; x_wconf 84' lang='lat' dir='ltr'>Trog.</span> <span class='ocrx_word' id='word_1_217' title='bbox 401 1668 515 1721; x_wconf 86' lang='lat' dir='ltr'>prol.</span> <span class='ocrx_word' id='word_1_218' title='bbox 539 1670 612 1708; x_wconf 82' lang='lat'>27:</span> <span class='ocrx_word' id='word_1_219' title='bbox 651 1664 776 1709; x_wconf 77' lang='lat' dir='ltr'>Galli</span> <span class='ocrx_word' id='word_1_220' title='bbox 791 1663 1012 1722; x_wconf 72' lang='lat' dir='ltr'>Peryamo</span> <span class='ocrx_word' id='word_1_221' title='bbox 1041 1663 1151 1708; x_wconf 77' lang='lat' dir='ltr'>victi</span> <span class='ocrx_word' id='word_1_222' title='bbox 1168 1663 1224 1708; x_wconf 83' lang='lat' dir='ltr'>ab</span> <span class='ocrx_word' id='word_1_223' title='bbox 1243 1663 1404 1708; x_wconf 79' lang='lat' dir='ltr'>Attalo.</span> <span class='ocrx_word' id='word_1_224' title='bbox 1439 1666 1506 1707; x_wconf 89' lang='lat' dir='ltr'>Fr.</span> <span class='ocrx_word' id='word_1_225' title='bbox 1558 1666 1766 1707; x_wconf 89' lang='lat' dir='ltr'>Ceterum</span> <span class='ocrx_word' id='word_1_226' title='bbox 1787 1664 2026 1707; x_wconf 91' lang='lat' dir='ltr'>Niebuhrii</span> <span class='ocrx_word' id='word_1_227' title='bbox 2046 1667 2221 1707; x_wconf 89' lang='lat' dir='ltr'>senten-</span> 
     </span>
     <span class='ocr_line' id='line_1_21' title="bbox 253 1738 2222 1792; baseline -0.001 -11"><span class='ocrx_word' id='word_1_228' title='bbox 253 1741 362 1781; x_wconf 89' lang='lat' dir='ltr'>tiam</span> <span class='ocrx_word' id='word_1_229' title='bbox 395 1752 420 1781; x_wconf 94' lang='lat' dir='ltr'>a</span> <span class='ocrx_word' id='word_1_230' title='bbox 449 1739 667 1782; x_wconf 90' lang='lat' dir='ltr'>Koehlero</span> <span class='ocrx_word' id='word_1_231' title='bbox 699 1739 939 1792; x_wconf 83' lang='lat' dir='ltr'>defensam,</span> <span class='ocrx_word' id='word_1_232' title='bbox 971 1739 1050 1792; x_wconf 85' lang='lat' dir='ltr'>qui</span> <span class='ocrx_word' id='word_1_233' title='bbox 1081 1739 1214 1791; x_wconf 88' lang='lat' dir='ltr'>negat</span> <span class='ocrx_word' id='word_1_234' title='bbox 1235 1738 1492 1779; x_wconf 90' lang='lat' dir='ltr'>Galatarum</span> <span class='ocrx_word' id='word_1_235' title='bbox 1523 1739 1700 1790; x_wconf 87' lang='lat' dir='ltr'>gentem</span> <span class='ocrx_word' id='word_1_236' title='bbox 1730 1749 1931 1791; x_wconf 88' lang='lat' dir='ltr'>unquam</span> <span class='ocrx_word' id='word_1_237' title='bbox 1965 1738 2111 1780; x_wconf 93' lang='lat' dir='ltr'>solam</span> <span class='ocrx_word' id='word_1_238' title='bbox 2140 1749 2222 1791; x_wconf 91' lang='lat' dir='ltr'>per</span> 
     </span>
     <span class='ocr_line' id='line_1_22' title="bbox 253 1810 2223 1864; baseline -0.001 -11"><span class='ocrx_word' id='word_1_239' title='bbox 253 1823 300 1854; x_wconf 90' lang='lat' dir='ltr'>se</span> <span class='ocrx_word' id='word_1_240' title='bbox 321 1823 425 1853; x_wconf 92' lang='lat' dir='ltr'>cum</span> <span class='ocrx_word' id='word_1_241' title='bbox 446 1812 593 1853; x_wconf 85' lang='lat' dir='ltr'>Attalo</span> <span class='ocrx_word' id='word_1_242' title='bbox 625 1811 793 1853; x_wconf 91' lang='lat' dir='ltr'>bellum</span> <span class='ocrx_word' id='word_1_243' title='bbox 824 1812 1018 1864; x_wconf 90' lang='lat' dir='ltr'>gessisse</span> <span class='ocrx_word' id='word_1_244' title='bbox 1049 1810 1242 1864; x_wconf 77' lang='lat' dir='ltr'>Ideoque</span> <span class='ocrx_word' id='word_1_245' title='bbox 1264 1810 1428 1864; x_wconf 90' lang='lat' dir='ltr'>omnia,</span> <span class='ocrx_word' id='word_1_246' title='bbox 1457 1821 1573 1863; x_wconf 89' lang='lat' dir='ltr'>quae</span> <span class='ocrx_word' id='word_1_247' title='bbox 1599 1810 1654 1851; x_wconf 92' lang='lat' dir='ltr'>de</span> <span class='ocrx_word' id='word_1_248' title='bbox 1674 1811 1791 1863; x_wconf 86' lang='lat' dir='ltr'>regis</span> <span class='ocrx_word' id='word_1_249' title='bbox 1817 1810 2021 1852; x_wconf 87' lang='lat' dir='ltr'>victoriis</span> <span class='ocrx_word' id='word_1_250' title='bbox 2043 1810 2223 1852; x_wconf 88' lang='lat' dir='ltr'>Gallicis</span> 
     </span>
     <span class='ocr_line' id='line_1_23' title="bbox 254 1881 2223 1937; baseline -0.001 -13"><span class='ocrx_word' id='word_1_251' title='bbox 254 1885 506 1937; x_wconf 87' lang='lat' dir='ltr'>narrentur,</span> <span class='ocrx_word' id='word_1_252' title='bbox 538 1883 594 1924; x_wconf 94' lang='lat' dir='ltr'>ad</span> <span class='ocrx_word' id='word_1_253' title='bbox 623 1894 740 1925; x_wconf 89' lang='lat' dir='ltr'>unos</span> <span class='ocrx_word' id='word_1_254' title='bbox 759 1883 969 1925; x_wconf 90' lang='lat' dir='ltr'>Antiochi</span> <span class='ocrx_word' id='word_1_255' title='bbox 994 1882 1192 1924; x_wconf 89' lang='lat' dir='ltr'>Hieracis</span> <span class='ocrx_word' id='word_1_256' title='bbox 1224 1883 1373 1924; x_wconf 92' lang='lat' dir='ltr'>socios</span> <span class='ocrx_word' id='word_1_257' title='bbox 1398 1882 1469 1924; x_wconf 85' lang='lat' dir='ltr'>vel</span> <span class='ocrx_word' id='word_1_258' title='bbox 1499 1883 1831 1924; x_wconf 90' lang='lat' dir='ltr'>mercennarios</span> <span class='ocrx_word' id='word_1_259' title='bbox 1862 1881 2093 1924; x_wconf 79' lang='lat' dir='ltr'>referenda</span> <span class='ocrx_word' id='word_1_260' title='bbox 2123 1892 2223 1923; x_wconf 88' lang='lat' dir='ltr'>esse</span> 
     </span>
     <span class='ocr_line' id='line_1_24' title="bbox 255 1954 2220 2009; baseline 0 -13"><span class='ocrx_word' id='word_1_261' title='bbox 255 1956 497 2009; x_wconf 87' lang='lat' dir='ltr'>existimat,</span> <span class='ocrx_word' id='word_1_262' title='bbox 538 1956 815 2008; x_wconf 90' lang='lat' dir='ltr'>argumentis</span> <span class='ocrx_word' id='word_1_263' title='bbox 855 1955 1102 2009; x_wconf 89' lang='lat' dir='ltr'>aptissimis</span> <span class='ocrx_word' id='word_1_264' title='bbox 1143 1967 1169 1996; x_wconf 86' lang='lat' dir='ltr'>a</span> <span class='ocrx_word' id='word_1_265' title='bbox 1206 1955 1248 1996; x_wconf 90' lang='lat' dir='ltr'>F.</span> <span class='ocrx_word' id='word_1_266' title='bbox 1269 1955 1472 2008; x_wconf 90' lang='lat' dir='ltr'>Koeppio</span> <span class='ocrx_word' id='word_1_267' title='bbox 1513 1955 1625 1996; x_wconf 88' lang='lat' dir='ltr'>Mus.</span> <span class='ocrx_word' id='word_1_268' title='bbox 1665 1954 1800 1995; x_wconf 88' lang='lat' dir='ltr'>Rhen.</span> <span class='ocrx_word' id='word_1_269' title='bbox 1831 1955 1905 1995; x_wconf 94' lang='lat' dir='ltr'><strong>XL</strong></span> <span class='ocrx_word' id='word_1_270' title='bbox 1945 1966 1988 2007; x_wconf 89' lang='lat' dir='ltr'>p.</span> <span class='ocrx_word' id='word_1_271' title='bbox 2024 1956 2104 1996; x_wconf 67' lang='grc'>444</span> <span class='ocrx_word' id='word_1_272' title='bbox 2123 1966 2220 2008; x_wconf 88' lang='lat' dir='ltr'>sqq.</span> 
     </span>
     <span class='ocr_line' id='line_1_25' title="bbox 258 2026 2077 2081; baseline -0.001 -12"><span class='ocrx_word' id='word_1_273' title='bbox 258 2027 496 2070; x_wconf 83' lang='lat' dir='ltr'>refutatam</span> <span class='ocrx_word' id='word_1_274' title='bbox 525 2027 718 2081; x_wconf 90' lang='lat' dir='ltr'>ideoque</span> <span class='ocrx_word' id='word_1_275' title='bbox 748 2028 847 2069; x_wconf 90' lang='lat' dir='ltr'>iure</span> <span class='ocrx_word' id='word_1_276' title='bbox 878 2028 1129 2080; x_wconf 89' lang='lat' dir='ltr'>meritoque</span> <span class='ocrx_word' id='word_1_277' title='bbox 1158 2039 1184 2069; x_wconf 91' lang='lat' dir='ltr'>a</span> <span class='ocrx_word' id='word_1_278' title='bbox 1214 2027 1442 2080; x_wconf 90' lang='lat' dir='ltr'>plerisque</span> <span class='ocrx_word' id='word_1_279' title='bbox 1471 2038 1591 2068; x_wconf 91' lang='lat' dir='ltr'>nunc</span> <span class='ocrx_word' id='word_1_280' title='bbox 1621 2026 1823 2068; x_wconf 88' lang='lat' dir='ltr'>relictam</span> <span class='ocrx_word' id='word_1_281' title='bbox 1854 2027 2077 2068; x_wconf 83' lang='lat' dir='ltr'>existimo.</span> 
     </span>
    </p>
   </div>
   <div class='ocr_carea' id='block_1_3' title="bbox 255 2278 2225 2954">
    <p class='ocr_par' dir='ltr' id='par_1_3' title="bbox 255 2278 2225 2954">
     <span class='ocr_line' id='line_1_26' title="bbox 366 2278 2225 2348; baseline -0.001 -16"><span class='ocrx_word' id='word_1_282' title='bbox 366 2278 475 2333; x_wconf 76' lang='lat'>270</span> <span class='ocrx_word' id='word_1_283' title='bbox 525 2283 668 2332; x_wconf 90' lang='lat' dir='ltr'>Basis</span> <span class='ocrx_word' id='word_1_284' title='bbox 705 2282 885 2348; x_wconf 87' lang='lat' dir='ltr'>lapidis</span> <span class='ocrx_word' id='word_1_285' title='bbox 923 2282 1122 2332; x_wconf 89' lang='lat' dir='ltr'>calcarii</span> <span class='ocrx_word' id='word_1_286' title='bbox 1156 2280 1473 2331; x_wconf 83' lang='lat' dir='ltr'>inaedificata</span> <span class='ocrx_word' id='word_1_287' title='bbox 1509 2281 1560 2329; x_wconf 90' lang='lat' dir='ltr'>in</span> <span class='ocrx_word' id='word_1_288' title='bbox 1584 2295 1731 2330; x_wconf 90' lang='lat' dir='ltr'>muro</span> <span class='ocrx_word' id='word_1_289' title='bbox 1758 2281 2049 2330; x_wconf 88' lang='lat' dir='ltr'>recentioris</span> <span class='ocrx_word' id='word_1_290' title='bbox 2086 2285 2225 2330; x_wconf 89' lang='lat' dir='ltr'>aeta-</span> 
     </span>
     <span class='ocr_line' id='line_1_27' title="bbox 255 2366 2224 2437; baseline -0.002 -18"><span class='ocrx_word' id='word_1_291' title='bbox 255 2370 337 2436; x_wconf 81' lang='lat' dir='ltr'>tis,</span> <span class='ocrx_word' id='word_1_292' title='bbox 375 2374 579 2436; x_wconf 85' lang='lat' dir='ltr'>reperta</span> <span class='ocrx_word' id='word_1_293' title='bbox 613 2369 830 2435; x_wconf 87' lang='lat' dir='ltr'>Apterae</span> <span class='ocrx_word' id='word_1_294' title='bbox 857 2366 1255 2437; x_wconf 79' lang='lat' dir='ltr'>(Palaiokastro)</span> <span class='ocrx_word' id='word_1_295' title='bbox 1294 2369 1345 2417; x_wconf 90' lang='lat' dir='ltr'>in</span> <span class='ocrx_word' id='word_1_296' title='bbox 1382 2368 1546 2418; x_wconf 89' lang='lat' dir='ltr'>insula</span> <span class='ocrx_word' id='word_1_297' title='bbox 1571 2367 1733 2417; x_wconf 84' lang='lat' dir='ltr'>Creta.</span> <span class='ocrx_word' id='word_1_298' title='bbox 1797 2368 1975 2416; x_wconf 81' lang='lat' dir='ltr'>Exstat</span> <span class='ocrx_word' id='word_1_299' title='bbox 1998 2368 2149 2417; x_wconf 90' lang='lat' dir='ltr'>Polae</span> <span class='ocrx_word' id='word_1_300' title='bbox 2171 2369 2224 2416; x_wconf 89' lang='lat' dir='ltr'>in</span> 
     </span>
     <span class='ocr_line' id='line_1_28' title="bbox 259 2453 2225 2523; baseline -0.003 -16"><span class='ocrx_word' id='word_1_301' title='bbox 259 2457 446 2523; x_wconf 90' lang='lat' dir='ltr'>oppido</span> <span class='ocrx_word' id='word_1_302' title='bbox 485 2456 660 2506; x_wconf 86' lang='lat' dir='ltr'>Istriae</span> <span class='ocrx_word' id='word_1_303' title='bbox 685 2456 735 2505; x_wconf 92' lang='lat' dir='ltr'>in</span> <span class='ocrx_word' id='word_1_304' title='bbox 761 2456 879 2506; x_wconf 85' lang='lat' dir='ltr'>villa</span> <span class='ocrx_word' id='word_1_305' title='bbox 915 2456 976 2504; x_wconf 87' lang='lat' dir='ltr'>M.</span> <span class='ocrx_word' id='word_1_306' title='bbox 1006 2455 1276 2505; x_wconf 89' lang='lat' dir='ltr'>Pietruskii</span> <span class='ocrx_word' id='word_1_307' title='bbox 1301 2454 1480 2520; x_wconf 88' lang='lat' dir='ltr'>equitis</span> <span class='ocrx_word' id='word_1_308' title='bbox 1508 2454 1569 2504; x_wconf 91' lang='lat' dir='ltr'>de</span> <span class='ocrx_word' id='word_1_309' title='bbox 1595 2454 1937 2504; x_wconf 88' lang='lat' dir='ltr'>Siemuszowa</span> <span class='ocrx_word' id='word_1_310' title='bbox 1961 2453 2225 2503; x_wconf 83' lang='lat' dir='ltr'>trierarchi</span> 
     </span>
     <span class='ocr_line' id='line_1_29' title="bbox 260 2540 2220 2609; baseline -0.001 -17"><span class='ocrx_word' id='word_1_311' title='bbox 260 2543 430 2593; x_wconf 88' lang='lat' dir='ltr'>classis</span> <span class='ocrx_word' id='word_1_312' title='bbox 468 2543 822 2609; x_wconf 86' lang='lat' dir='ltr'>imperatoriae</span> <span class='ocrx_word' id='word_1_313' title='bbox 859 2546 908 2592; x_wconf 88' lang='lat' dir='ltr'>et</span> <span class='ocrx_word' id='word_1_314' title='bbox 945 2543 1112 2607; x_wconf 88' lang='lat' dir='ltr'>regiae</span> <span class='ocrx_word' id='word_1_315' title='bbox 1148 2541 1453 2592; x_wconf 85' lang='lat' dir='ltr'>Austriacae.</span> <span class='ocrx_word' id='word_1_316' title='bbox 1518 2540 1607 2590; x_wconf 90' lang='lat' dir='ltr'>Ed.</span> <span class='ocrx_word' id='word_1_317' title='bbox 1647 2541 1702 2590; x_wconf 90' lang='lat' dir='ltr'>B.</span> <span class='ocrx_word' id='word_1_318' title='bbox 1731 2540 2074 2590; x_wconf 90' lang='lat' dir='ltr'>Haussoullier</span> <span class='ocrx_word' id='word_1_319' title='bbox 2097 2541 2220 2590; x_wconf 92' lang='lat' dir='ltr'>Bull.</span> 
     </span>
     <span class='ocr_line' id='line_1_30' title="bbox 261 2625 2220 2695; baseline -0.002 -16"><span class='ocrx_word' id='word_1_320' title='bbox 261 2630 323 2679; x_wconf 89' lang='lat' dir='ltr'>de</span> <span class='ocrx_word' id='word_1_321' title='bbox 362 2644 488 2679; x_wconf 91' lang='lat' dir='ltr'>corr.</span> <span class='ocrx_word' id='word_1_322' title='bbox 530 2630 651 2679; x_wconf 92' lang='lat' dir='ltr'>Hell.</span> <span class='ocrx_word' id='word_1_323' title='bbox 693 2630 758 2677; x_wconf 92' lang='lat' dir='ltr'>III</span> <span class='ocrx_word' id='word_1_324' title='bbox 796 2626 970 2695; x_wconf 75' lang='lat'>(⁴879)</span> <span class='ocrx_word' id='word_1_325' title='bbox 1009 2645 1059 2695; x_wconf 92' lang='lat' dir='ltr'>p.</span> <span class='ocrx_word' id='word_1_326' title='bbox 1085 2629 1184 2679; x_wconf 77' lang='lat'>425</span> <span class='ocrx_word' id='word_1_327' title='bbox 1226 2625 1298 2695; x_wconf 88' lang='lat' dir='ltr'>(P.</span> <span class='ocrx_word' id='word_1_328' title='bbox 1322 2626 1481 2677; x_wconf 89' lang='lat' dir='ltr'>Cauer</span> <span class='ocrx_word' id='word_1_329' title='bbox 1518 2628 1749 2678; x_wconf 81' lang='lat' dir='ltr'>Deiectus</span> <span class='ocrx_word' id='word_1_330' title='bbox 1785 2627 1934 2677; x_wconf 88' lang='lat' dir='ltr'>inscr.</span> <span class='ocrx_word' id='word_1_331' title='bbox 1970 2626 2052 2676; x_wconf 90' lang='lat' dir='ltr'>Gr.</span> <span class='ocrx_word' id='word_1_332' title='bbox 2090 2627 2166 2676; x_wconf 89' lang='lat' dir='ltr'>ed.</span> <span class='ocrx_word' id='word_1_333' title='bbox 2191 2627 2220 2676; x_wconf 78' lang='lat'><strong>2</strong></span> 
     </span>
     <span class='ocr_line' id='line_1_31' title="bbox 259 2710 2225 2782; baseline -0.002 -17"><span class='ocrx_word' id='word_1_334' title='bbox 259 2731 307 2782; x_wconf 90' lang='lat' dir='ltr'>p.</span> <span class='ocrx_word' id='word_1_335' title='bbox 327 2713 392 2764; x_wconf 84' lang='lat'>87</span> <span class='ocrx_word' id='word_1_336' title='bbox 420 2730 467 2765; x_wconf 92' lang='lat' dir='ltr'>n.</span> <span class='ocrx_word' id='word_1_337' title='bbox 487 2715 602 2764; x_wconf 76' lang='lat'>430.</span> <span class='ocrx_word' id='word_1_338' title='bbox 669 2714 757 2764; x_wconf 91' lang='lat' dir='ltr'>Ch.</span> <span class='ocrx_word' id='word_1_339' title='bbox 786 2714 964 2765; x_wconf 88' lang='lat' dir='ltr'>Michel</span> <span class='ocrx_word' id='word_1_340' title='bbox 996 2715 1193 2765; x_wconf 90' lang='lat' dir='ltr'>Recueil</span> <span class='ocrx_word' id='word_1_341' title='bbox 1220 2710 1420 2764; x_wconf 88' lang='lat' dir='ltr'>d’inscr.</span> <span class='ocrx_word' id='word_1_342' title='bbox 1453 2713 1535 2763; x_wconf 89' lang='lat' dir='ltr'>Gr.</span> <span class='ocrx_word' id='word_1_343' title='bbox 1573 2729 1623 2780; x_wconf 89' lang='lat' dir='ltr'>p.</span> <span class='ocrx_word' id='word_1_344' title='bbox 1643 2713 1745 2762; x_wconf 89' lang='grc'>330</span> <span class='ocrx_word' id='word_1_345' title='bbox 1773 2728 1820 2762; x_wconf 91' lang='lat' dir='ltr'>n.</span> <span class='ocrx_word' id='word_1_346' title='bbox 1845 2710 1981 2780; x_wconf 74' lang='lat'>445).</span> <span class='ocrx_word' id='word_1_347' title='bbox 2044 2714 2225 2778; x_wconf 87' lang='lat' dir='ltr'>Imagi-</span> 
     </span>
     <span class='ocr_line' id='line_1_32' title="bbox 259 2799 2225 2867; baseline -0.001 -16"><span class='ocrx_word' id='word_1_348' title='bbox 259 2817 376 2851; x_wconf 89' lang='lat' dir='ltr'>nem</span> <span class='ocrx_word' id='word_1_349' title='bbox 412 2803 542 2852; x_wconf 85' lang='lat' dir='ltr'>tituli</span> <span class='ocrx_word' id='word_1_350' title='bbox 575 2805 809 2852; x_wconf 83' lang='lat' dir='ltr'>accurate</span> <span class='ocrx_word' id='word_1_351' title='bbox 834 2802 1132 2852; x_wconf 85' lang='lat' dir='ltr'>delineatam</span> <span class='ocrx_word' id='word_1_352' title='bbox 1166 2802 1432 2867; x_wconf 89' lang='lat' dir='ltr'>proposuit</span> <span class='ocrx_word' id='word_1_353' title='bbox 1468 2802 1526 2850; x_wconf 88' lang='lat' dir='ltr'>R.</span> <span class='ocrx_word' id='word_1_354' title='bbox 1549 2799 1870 2865; x_wconf 68' lang='lat' dir='ltr'>Weisshtiupl</span> <span class='ocrx_word' id='word_1_355' title='bbox 1905 2799 2225 2850; x_wconf 88' lang='lat' dir='ltr'>Jahreshefte</span> 
     </span>
     <span class='ocr_line' id='line_1_33' title="bbox 263 2886 1520 2954; baseline -0.002 -15"><span class='ocrx_word' id='word_1_356' title='bbox 263 2890 351 2939; x_wconf 90' lang='lat' dir='ltr'>des</span> <span class='ocrx_word' id='word_1_357' title='bbox 389 2893 565 2939; x_wconf 68' lang='lat' dir='ltr'>&amp;stem</span> <span class='ocrx_word' id='word_1_358' title='bbox 607 2887 745 2938; x_wconf 88' lang='lat' dir='ltr'>arch.</span> <span class='ocrx_word' id='word_1_359' title='bbox 786 2888 1012 2938; x_wconf 88' lang='lat' dir='ltr'>Instituts</span> <span class='ocrx_word' id='word_1_360' title='bbox 1049 2889 1070 2936; x_wconf 96' lang='lat' dir='ltr'><strong>I</strong></span> <span class='ocrx_word' id='word_1_361' title='bbox 1108 2886 1284 2954; x_wconf 74' lang='lat'>(4898)</span> <span class='ocrx_word' id='word_1_362' title='bbox 1321 2903 1371 2952; x_wconf 90' lang='lat' dir='ltr'>p.</span> <span class='ocrx_word' id='word_1_363' title='bbox 1403 2887 1520 2937; x_wconf 71' lang='lat'>404.</span> 
     </span>
    </p>
   </div>
   <div class='ocr_carea' id='block_1_4' title="bbox 389 3029 2301 3194">
    <p class='ocr_par' dir='ltr' id='par_1_4' title="bbox 389 3029 2301 3194">
     <span class='ocr_line' id='line_1_34' title="bbox 389 3029 2301 3107; baseline -0.003 -17"><span class='ocrx_word' id='word_1_364' title='bbox 389 3029 566 3096; x_wconf 81' lang='grc' dir='ltr'>Ἔδοξε</span> <span class='ocrx_word' id='word_1_365' title='bbox 621 3036 738 3106; x_wconf 81' lang='grc' dir='ltr'>[τᾶι]</span> <span class='ocrx_word' id='word_1_366' title='bbox 794 3036 972 3107; x_wconf 82' lang='grc' dir='ltr'>βοολᾶι</span> <span class='ocrx_word' id='word_1_367' title='bbox 1026 3034 1112 3088; x_wconf 80' lang='grc' dir='ltr'>καὶ</span> <span class='ocrx_word' id='word_1_368' title='bbox 1156 3038 1245 3088; x_wconf 85' lang='grc' dir='ltr'>τῶι</span> <span class='ocrx_word' id='word_1_369' title='bbox 1295 3034 1499 3106; x_wconf 86' lang='grc' dir='ltr'>δ[άμωι·</span> <span class='ocrx_word' id='word_1_370' title='bbox 1549 3065 1937 3074; x_wconf 90' lang='lat'><em>------------</em></span> <span class='ocrx_word' id='word_1_371' title='bbox 1986 3031 2164 3103; x_wconf 83' lang='grc' dir='ltr'>εἷπεν·]</span> <span class='ocrx_word' id='word_1_372' title='bbox 2214 3034 2220 3104; x_wconf 92' lang='grc' dir='ltr'>Ι</span> <span class='ocrx_word' id='word_1_373' title='bbox 2299 3055 2301 3059; x_wconf 60' lang='grc'>’</span> 
     </span>
     <span class='ocr_line' id='line_1_35' title="bbox 406 3115 2299 3194; baseline -0.002 -18"><span class='ocrx_word' id='word_1_374' title='bbox 406 3122 577 3194; x_wconf 85' lang='grc' dir='ltr'>ἐπειδὴ</span> <span class='ocrx_word' id='word_1_375' title='bbox 633 3125 658 3175; x_wconf 87' lang='grc' dir='ltr'>ὁ</span> <span class='ocrx_word' id='word_1_376' title='bbox 720 3121 952 3194; x_wconf 83' lang='grc' dir='ltr'>βασιλεὺς</span> <span class='ocrx_word' id='word_1_377' title='bbox 995 3115 1262 3182; x_wconf 72' lang='grc' dir='ltr'>Ἄτταλος1</span> <span class='ocrx_word' id='word_1_378' title='bbox 1308 3122 1450 3193; x_wconf 86' lang='grc' dir='ltr'>φίλος</span> <span class='ocrx_word' id='word_1_379' title='bbox 1492 3119 1755 3193; x_wconf 84' lang='grc' dir='ltr'>[ὑπάρχων</span> <span class='ocrx_word' id='word_1_380' title='bbox 1803 3117 1889 3174; x_wconf 82' lang='grc' dir='ltr'>διὰ</span> <span class='ocrx_word' id='word_1_381' title='bbox 1938 3118 2223 3190; x_wconf 83' lang='grc' dir='ltr'>προ]Ιγόνων</span> <span class='ocrx_word' id='word_1_382' title='bbox 2298 3178 2299 3182; x_wconf 11' lang='grc' dir='ltr'><strong>Ἰ</strong></span> 
     </span>
    </p>
   </div>
   <div class='ocr_carea' id='block_1_5' title="bbox 378 3278 2298 3351">
    <p class='ocr_par' dir='ltr' id='par_1_5' title="bbox 378 3278 2298 3351">
     <span class='ocr_line' id='line_1_36' title="bbox 378 3278 2298 3351; baseline -0.003 -11"><span class='ocrx_word' id='word_1_383' title='bbox 378 3299 568 3340; x_wconf 89' lang='lat' dir='ltr'>Litterae</span> <span class='ocrx_word' id='word_1_384' title='bbox 591 3299 838 3350; x_wconf 78' lang='grc' dir='ltr'>ΑΑΑΞΠΣς</span> <span class='ocrx_word' id='word_1_385' title='bbox 873 3300 983 3339; x_wconf 85' lang='grc' dir='ltr'>ΘΟΩ</span> <span class='ocrx_word' id='word_1_386' title='bbox 1005 3297 1190 3350; x_wconf 89' lang='lat' dir='ltr'>reliquis</span> <span class='ocrx_word' id='word_1_387' title='bbox 1211 3296 1440 3350; x_wconf 84' lang='lat' dir='ltr'>aliquanto</span> <span class='ocrx_word' id='word_1_388' title='bbox 1466 3297 1675 3337; x_wconf 89' lang='lat' dir='ltr'>minores.</span> <span class='ocrx_word' id='word_1_389' title='bbox 1719 3291 2009 3336; x_wconf 86' lang='lat' dir='ltr'>Memorabile</span> <span class='ocrx_word' id='word_1_390' title='bbox 2029 3295 2098 3336; x_wconf 91' lang='lat' dir='ltr'>est</span> <span class='ocrx_word' id='word_1_391' title='bbox 2119 3292 2226 3351; x_wconf 80' lang='grc' dir='ltr'>ζῆτα</span> <span class='ocrx_word' id='word_1_392' title='bbox 2295 3278 2298 3347; x_wconf 64' lang='lat'>⁴}</span> 
     </span>
    </p>
   </div>
   <div class='ocr_carea' id='block_1_6' title="bbox 264 3367 2295 3567">
    <p class='ocr_par' dir='ltr' id='par_1_6' title="bbox 264 3367 2295 3567">
     <span class='ocr_line' id='line_1_37' title="bbox 264 3367 2295 3431; baseline -0.002 -20"><span class='ocrx_word' id='word_1_393' title='bbox 264 3372 500 3412; x_wconf 88' lang='lat' dir='ltr'>etiamtum</span> <span class='ocrx_word' id='word_1_394' title='bbox 537 3371 840 3423; x_wconf 89' lang='lat' dir='ltr'>antiquiorem</span> <span class='ocrx_word' id='word_1_395' title='bbox 876 3369 1067 3411; x_wconf 86' lang='lat' dir='ltr'>formam</span> <span class='ocrx_word' id='word_1_396' title='bbox 1106 3371 1140 3410; x_wconf 85' lang='lat'>1</span> <span class='ocrx_word' id='word_1_397' title='bbox 1180 3369 1358 3410; x_wconf 90' lang='lat' dir='ltr'>habere.</span> <span class='ocrx_word' id='word_1_398' title='bbox 1416 3369 1490 3410; x_wconf 91' lang='lat' dir='ltr'>Vs.</span> <span class='ocrx_word' id='word_1_399' title='bbox 1522 3372 1543 3408; x_wconf 90' lang='lat'><strong>7</strong></span> <span class='ocrx_word' id='word_1_400' title='bbox 1587 3370 1691 3421; x_wconf 91' lang='lat' dir='ltr'>post</span> <span class='ocrx_word' id='word_1_401' title='bbox 1729 3368 1965 3408; x_wconf 87' lang='grc' dir='ltr'>ΒΑΣΙΛΕΑ</span> <span class='ocrx_word' id='word_1_402' title='bbox 2001 3367 2046 3407; x_wconf 86' lang='lat' dir='ltr'>et</span> <span class='ocrx_word' id='word_1_403' title='bbox 2079 3378 2147 3409; x_wconf 85' lang='lat' dir='ltr'>vs.</span> <span class='ocrx_word' id='word_1_404' title='bbox 2172 3368 2222 3407; x_wconf 75' lang='grc'>14</span> <span class='ocrx_word' id='word_1_405' title='bbox 2294 3386 2295 3431; x_wconf 57' lang='lat'>3</span> 
     </span>
     <span class='ocr_line' id='line_1_38' title="bbox 265 3434 2295 3495; baseline -0.001 -12"><span class='ocrx_word' id='word_1_406' title='bbox 265 3445 372 3494; x_wconf 93' lang='lat' dir='ltr'>post</span> <span class='ocrx_word' id='word_1_407' title='bbox 400 3444 719 3484; x_wconf 90' lang='grc' dir='ltr'>ΤοΙΣΑΛΛοΙΣ</span> <span class='ocrx_word' id='word_1_408' title='bbox 751 3442 1028 3495; x_wconf 86' lang='lat' dir='ltr'>singularum</span> <span class='ocrx_word' id='word_1_409' title='bbox 1066 3442 1318 3482; x_wconf 86' lang='lat' dir='ltr'>Iltterarum</span> <span class='ocrx_word' id='word_1_410' title='bbox 1350 3441 1494 3494; x_wconf 89' lang='lat' dir='ltr'>spatia</span> <span class='ocrx_word' id='word_1_411' title='bbox 1525 3450 1670 3481; x_wconf 87' lang='lat' dir='ltr'>vacua</span> <span class='ocrx_word' id='word_1_412' title='bbox 1707 3439 1873 3480; x_wconf 89' lang='lat' dir='ltr'>relicta.</span> <span class='ocrx_word' id='word_1_413' title='bbox 2048 3442 2063 3478; x_wconf 84' lang='grc'><strong>4</strong></span> <span class='ocrx_word' id='word_1_414' title='bbox 2102 3439 2224 3480; x_wconf 88' lang='lat' dir='ltr'>Atta·</span> <span class='ocrx_word' id='word_1_415' title='bbox 2294 3434 2295 3462; x_wconf 66' lang='lat'><em>³</em></span> 
     </span>
     <span class='ocr_line' id='line_1_39' title="bbox 266 3509 2293 3567; baseline -0.002 -13"><span class='ocrx_word' id='word_1_416' title='bbox 266 3514 359 3554; x_wconf 90' lang='lat' dir='ltr'>lum</span> <span class='ocrx_word' id='word_1_417' title='bbox 394 3515 431 3554; x_wconf 90' lang='lat'>11</span> <span class='ocrx_word' id='word_1_418' title='bbox 463 3515 700 3566; x_wconf 71' lang='lat'>(459-438</span> <span class='ocrx_word' id='word_1_419' title='bbox 732 3526 769 3556; x_wconf 91' lang='lat' dir='ltr'>a.</span> <span class='ocrx_word' id='word_1_420' title='bbox 793 3514 907 3567; x_wconf 88' lang='lat' dir='ltr'>Chr.)</span> <span class='ocrx_word' id='word_1_421' title='bbox 939 3513 1178 3567; x_wconf 88' lang='lat' dir='ltr'>significari</span> <span class='ocrx_word' id='word_1_422' title='bbox 1210 3513 1403 3554; x_wconf 88' lang='lat' dir='ltr'>maxime</span> <span class='ocrx_word' id='word_1_423' title='bbox 1441 3511 1673 3566; x_wconf 88' lang='lat' dir='ltr'>probabile</span> <span class='ocrx_word' id='word_1_424' title='bbox 1705 3512 1854 3553; x_wconf 91' lang='lat' dir='ltr'>visum</span> <span class='ocrx_word' id='word_1_425' title='bbox 1885 3512 1953 3552; x_wconf 90' lang='lat' dir='ltr'>est</span> <span class='ocrx_word' id='word_1_426' title='bbox 1983 3509 2225 3552; x_wconf 89' lang='lat' dir='ltr'>Haussoul-</span> <span class='ocrx_word' id='word_1_427' title='bbox 2291 3526 2293 3562; x_wconf 68' lang='lat' dir='ltr'>j</span> 
     </span>
    </p>
   </div>
   <div class='ocr_carea' id='block_1_7' title="bbox 266 3581 2291 3644">
    <p class='ocr_par' dir='ltr' id='par_1_7' title="bbox 266 3581 2291 3644">
     <span class='ocr_line' id='line_1_40' title="bbox 266 3581 2291 3644; baseline -0.001 -19"><span class='ocrx_word' id='word_1_428' title='bbox 266 3585 389 3638; x_wconf 76' lang='lat' dir='ltr'>liare,</span> <span class='ocrx_word' id='word_1_429' title='bbox 430 3587 561 3639; x_wconf 91' lang='lat' dir='ltr'>eique</span> <span class='ocrx_word' id='word_1_430' title='bbox 592 3596 802 3628; x_wconf 90' lang='lat' dir='ltr'>assensus</span> <span class='ocrx_word' id='word_1_431' title='bbox 832 3588 901 3628; x_wconf 91' lang='lat' dir='ltr'>est</span> <span class='ocrx_word' id='word_1_432' title='bbox 928 3586 1100 3627; x_wconf 89' lang='lat' dir='ltr'>Michel.</span> <span class='ocrx_word' id='word_1_433' title='bbox 1161 3584 1285 3633; x_wconf 87' lang='lat' dir='ltr'>Quae</span> <span class='ocrx_word' id='word_1_434' title='bbox 1316 3584 1468 3637; x_wconf 90' lang='lat' dir='ltr'>opinio</span> <span class='ocrx_word' id='word_1_435' title='bbox 1499 3584 1696 3625; x_wconf 87' lang='lat' dir='ltr'>maxime</span> <span class='ocrx_word' id='word_1_436' title='bbox 1734 3594 1786 3624; x_wconf 87' lang='lat' dir='ltr'>ea</span> <span class='ocrx_word' id='word_1_437' title='bbox 1814 3593 1862 3623; x_wconf 91' lang='lat' dir='ltr'>re</span> <span class='ocrx_word' id='word_1_438' title='bbox 1892 3582 2063 3635; x_wconf 87' lang='lat' dir='ltr'>nititur,</span> <span class='ocrx_word' id='word_1_439' title='bbox 2103 3581 2225 3635; x_wconf 87' lang='lat' dir='ltr'>quod</span> <span class='ocrx_word' id='word_1_440' title='bbox 2290 3616 2291 3644; x_wconf 19' lang='lat' dir='ltr'><strong>i</strong></span> 
     </span>
    </p>
   </div>
   <div class='ocr_carea' id='block_1_8' title="bbox 267 3649 2291 3711">
    <p class='ocr_par' dir='ltr' id='par_1_8' title="bbox 267 3649 2291 3711">
     <span class='ocr_line' id='line_1_41' title="bbox 267 3649 2291 3711; baseline -0.003 -14"><span class='ocrx_word' id='word_1_441' title='bbox 267 3658 312 3698; x_wconf 90' lang='lat' dir='ltr'>in</span> <span class='ocrx_word' id='word_1_442' title='bbox 343 3656 503 3698; x_wconf 90' lang='lat' dir='ltr'>eodem</span> <span class='ocrx_word' id='word_1_443' title='bbox 534 3658 681 3711; x_wconf 82' lang='lat' dir='ltr'>lapide</span> <span class='ocrx_word' id='word_1_444' title='bbox 711 3659 836 3700; x_wconf 85' lang='lat' dir='ltr'>iuxta</span> <span class='ocrx_word' id='word_1_445' title='bbox 866 3659 986 3700; x_wconf 92' lang='lat' dir='ltr'>hunc</span> <span class='ocrx_word' id='word_1_446' title='bbox 1025 3658 1207 3700; x_wconf 90' lang='lat' dir='ltr'>titulum</span> <span class='ocrx_word' id='word_1_447' title='bbox 1237 3658 1588 3698; x_wconf 91' lang='lat' dir='ltr'>instrumentum</span> <span class='ocrx_word' id='word_1_448' title='bbox 1626 3655 1867 3709; x_wconf 84' lang='lat' dir='ltr'>proxeniae</span> <span class='ocrx_word' id='word_1_449' title='bbox 1906 3653 1963 3695; x_wconf 91' lang='lat' dir='ltr'>ab</span> <span class='ocrx_word' id='word_1_450' title='bbox 1993 3654 2223 3708; x_wconf 82' lang='lat' dir='ltr'>Aptaraeis</span> <span class='ocrx_word' id='word_1_451' title='bbox 2289 3649 2291 3690; x_wconf 63' lang='grc' dir='ltr'>ἵ</span> 
     </span>
    </p>
   </div>
   <div class='ocr_carea' id='block_1_9' title="bbox 2280 2629 2314 3970">
    <p class='ocr_par' dir='ltr' id='par_1_9' title="bbox 2280 2629 2314 3970">
     <span class='ocr_line' id='line_1_42' title="bbox 2280 2629 2314 3970; baseline 0 0"><span class='ocrx_word' id='word_1_452' title='bbox 2280 2629 2314 3970; x_wconf 95' lang='lat' dir='ltr'> </span> 
     </span>
    </p>
   </div>
  </div>
 </body>
</html>
