2314 3970
544 837 972 918 ADDENDA
1026 858 1133 917 ET
1191 857 1781 917 ooRRIGENDA.

172 1046 216 1086 P.
240 1048 290 1086 50
326 1057 365 1085 n.
393 1047 457 1085 49.
518 1043 779 1084 Maiusculis
810 1053 866 1083 ex
897 1043 1107 1095 Jougueti
1139 1042 1405 1095 apographo
1438 1042 1507 1083 ed.
1530 1043 1755 1095 Seymour
1785 1043 1840 1083 de
1866 1043 1986 1084 Ricci
2007 1043 2159 1084 Revue

285 1117 480 1158 archeol.
513 1115 764 1156 Troisieme
795 1116 912 1157 serie
942 1115 1168 1156 XXXVIII
1203 1118 1305 1154 4904
1345 1125 1388 1167 p.
1413 1117 1493 1154 307
1528 1126 1569 1155 n.
1594 1118 1632 1155 4.
1693 1115 1793 1156 Duo
1835 1117 1941 1156 sunt
1983 1126 2157 1168 versus,

287 1201 487 1241 quorum
527 1189 652 1241 prior
689 1188 844 1229 finitur
883 1199 996 1229 voce
1028 1185 1310 1243 Πτολεμαῖον,
1373 1188 1566 1228 Litterae
1596 1187 1818 1241 volgares,
1856 1188 2012 1240 quales
2053 1199 2159 1229 con-

286 1262 473 1303 veniunt
503 1261 749 1302 Ptolemaei
781 1261 884 1312 Lagi
917 1260 943 1301 f.
978 1261 1125 1301 aetati.

171 1335 215 1375 P.
241 1337 292 1375 53
327 1345 367 1374 n.
393 1336 460 1374 24.
520 1333 746 1386 Repetivit
794 1333 847 1373 M.
880 1332 925 1373 L.
955 1332 1112 1373 Strack
1157 1332 1326 1373 Archiv
1365 1331 1438 1373 fiir
1482 1331 1935 1385 Papyrusl'orschung
1972 1333 2008 1372 II
2049 1335 2158 1372 4903

287 1416 329 1458 p.
354 1407 434 1445 540
468 1398 509 1446 n.
536 1409 573 1445 9.

171 1478 215 1518 P.
240 1480 292 1518 59
326 1489 367 1517 n.
393 1479 459 1517 34.
521 1477 584 1517 Ex
617 1488 709 1529 quo
743 1477 855 1517 haec
885 1477 1010 1530 typis
1041 1477 1268 1529 exscripta
1309 1478 1427 1530 sunt,
1470 1478 1760 1518 accesserunt
1789 1477 2007 1529 quattuor
2042 1476 2162 1517 eius-

286 1549 389 1590 dem
412 1550 588 1601 generis
611 1551 918 1602 monumenta,
951 1560 1005 1590 ex
1027 1549 1196 1602 quibus
1218 1560 1359 1589 unum
1384 1550 1428 1590 in
1451 1549 1599 1590 insula
1618 1549 1666 1589 Io
1696 1549 1932 1590 inventum
1955 1549 2037 1600 est,
2070 1548 2160 1589 duo

287 1622 401 1674 Pari,
433 1633 576 1662 unum
599 1622 780 1662 Therae.
834 1621 896 1663 Cf.
927 1622 982 1663 M.
1006 1621 1051 1662 L.
1074 1621 1243 1674 Strack,
1274 1621 1442 1663 Archiv
1463 1621 1537 1662 fiir
1557 1620 1918 1674 Papyruskunde
1942 1620 1980 1660 ΙΙ
2010 1631 2054 1672 p.
2078 1622 2158 1661 540

288 1705 329 1735 n.
361 1697 543 1734 40-43,
605 1694 692 1734 Sed
730 1693 854 1746 quod
897 1693 1128 1734 Strackius
1166 1693 1222 1734 de
1260 1695 1422 1734 natura
1472 1694 1517 1734 et
1557 1693 1729 1745 origine
1780 1692 1942 1733 harum
1985 1691 2162 1732 dedica-

287 1766 467 1806 tionum
499 1765 618 1806 idem
641 1777 693 1807 ac
721 1765 1005 1807 Perdrizetus
1028 1765 1247 1806 iudicium
1269 1766 1544 1819 pronuntiat,
1577 1764 1774 1818 probare
1801 1774 1996 1817 nequeo,
2046 1762 2160 1805 Nam

287 1838 333 1878 id
369 1838 555 1891 quidem
595 1840 796 1891 apparet,
838 1850 929 1891 quo
973 1838 1126 1891 plures
1165 1837 1394 1879 eiusmodi
1432 1837 1604 1891 lapides
1645 1836 1860 1878 omnibus
1898 1836 2162 1877 nominibus

287 1910 504 1950 simillimi
537 1910 581 1950 in
614 1910 761 1951 lucem
784 1910 1108 1962 protrahantur
1127 1911 1174 1951 in
1194 1911 1333 1951 variis
1357 1910 1540 1962 oppidis
1562 1921 1614 1951 ac
1635 1909 1910 1962 regionibus,
1942 1920 1995 1950 eo
2018 1909 2160 1961 magis

286 1983 454 2022 mirum
486 1982 630 2022 videri
662 1982 827 2023 debere
859 1993 1135 2023 consensum
1166 1983 1235 2023 tot
1265 1983 1517 2034 hominum,
1549 1982 1840 2035 populorum,
1881 1982 2083 2033 gentium
2115 1982 2162 2021 in

285 2055 523 2095 titulorum
555 2065 671 2107 quos
703 2054 1064 2096 dedicatIonibus
1103 2055 1201 2096 suis
1242 2054 1555 2096 inscribendos
1591 2054 1954 2095 existimaverint
1989 2053 2159 2106 forma3

284 2137 430 2178 neque
470 2127 591 2167 enim
630 2127 668 2167 is
707 2126 921 2167 fortuitus
963 2137 1062 2167 esse
1105 2127 1256 2179 potest
1294 2137 1442 2178 neque
1479 2127 1597 2167 inter
1634 2126 1738 2167 illos
1777 2136 1936 2167 omnes
1972 2127 2159 2179 pactum

285 2198 470 2250 aliquod
515 2198 570 2239 de
618 2209 671 2239 ea
709 2209 756 2238 re
803 2198 974 2239 factum
1013 2209 1112 2239 esse
1158 2198 1374 2239 credibile
1416 2199 1498 2240 est.
1559 2198 1729 2239 Contra
1772 2198 1811 2239 si
1855 2198 1967 2239 haec
2008 2199 2162 2239 omnia

283 2271 429 2323 ipsius
467 2271 647 2322 reginae
690 2271 821 2312 iussu
862 2272 1126 2312 consecrata
1164 2271 1432 2323 statuemus,
1480 2271 1589 2311 nihil
1635 2269 1912 2312 difficultatis
1957 2270 2159 2311 restabit.

284 2343 397 2383 Sane
427 2342 474 2383 id
505 2343 690 2383 omnino
721 2342 819 2382 fieri
850 2354 939 2383 non
969 2345 1138 2396 posset,
1181 2343 1219 2384 si
1252 2353 1413 2384 verum
1444 2344 1577 2396 esset,
1617 2342 1740 2396 quod
1772 2342 2002 2384 Strackius
2034 2341 2159 2395 dicit,

285 2414 389 2455 inde
431 2426 457 2455 a
495 2416 643 2455 morte
681 2415 862 2467 reginae
905 2414 1091 2455 demum
1124 2415 1218 2467 (270
1253 2427 1292 2457 a.
1326 2415 1442 2467 Chr.)
1474 2426 1564 2456 una
1596 2426 1701 2455 cum
1734 2415 1875 2456 sacris
1906 2425 2158 2466 cognomen

284 2486 408 2539 quod
446 2488 514 2527 est
557 2482 828 2542 Φιλάδελφος
867 2489 1080 2541 usurpari
1119 2490 1332 2541 coeptum
1371 2498 1484 2529 esse.
1547 2486 1676 2535 Quod
1715 2487 1770 2528 de
1810 2487 1937 2528 cultu
1974 2486 2159 2539 quidem

284 2559 464 2610 reginae
509 2559 820 2600 certissimum
866 2562 935 2600 est
987 2560 1053 2611 (cf.
1105 2560 1154 2601 H.
1198 2572 1288 2602 von
1328 2560 1455 2601 Prott
1502 2560 1615 2601 Mus.
1657 2559 1794 2600 Rhen.
1835 2559 1929 2599 LIII
1979 2570 2022 2612 p.
2063 2560 2158 2599 465.

284 2631 339 2671 Μ.
364 2631 409 2671 L.
433 2631 590 2671 Strack
621 2631 675 2671 M.
697 2631 775 2671 Rh.
799 2631 869 2672 LV
902 2642 945 2684 p.
971 2634 1051 2673 464
1070 2633 1199 2686 sqq.),
1239 2632 1294 2673 de
1324 2632 1595 2684 cognomine
1618 2642 1726 2673 vero
1758 2631 1843 2672 etsi
1872 2641 1955 2684 per
1976 2641 2025 2672 se
2054 2641 2159 2683 pro-

285 2701 434 2742 babile
468 2702 611 2743 videri
643 2703 800 2755 possit,
842 2705 993 2744 tamen
1024 2705 1076 2745 ut
1107 2704 1197 2744 ullo
1229 2706 1353 2745 certo
1394 2705 1662 2756 argumento
1695 2703 2034 2744 demonstretur
2063 2704 2158 2743 tan-

287 2778 385 2814 tum
417 2773 559 2827 abest,
591 2777 642 2815 ut
673 2775 934 2816 testimonio
966 2775 1053 2816 fide
1085 2776 1350 2828 dignissimo
1382 2776 1661 2817 contrarium
1693 2775 1930 2828 probetur.
1981 2774 2158 2815 Etenim

286 2846 460 2899 titulus,
492 2857 630 2898 quem
651 2858 707 2887 ex
728 2847 863 2888 Bottii
894 2847 1169 2889 editionibus
1202 2849 1412 2901 repetivit
1442 2848 1599 2889 Strack
1629 2847 1798 2889 Archiv
1829 2847 1901 2888 fiir
1931 2847 2159 2900 Papyrus-

285 2918 529 2970 forschung
550 2919 588 2958 11
610 2930 654 2971 p.
673 2922 754 2960 539
778 2931 819 2960 n.
839 2923 884 2960 5:
919 2912 1042 2976 Ὑπὲρ
1072 2917 1278 2975 βασιλέως
1300 2916 1565 2975 Πτολεμαίου
1594 2917 1599 2975 Ι
1624 2917 1697 2961 καὶ
1715 2914 1930 2977 Ἀρσινόης
1951 2915 2159 2961 Φιλαδέλ-

285 3004 365 3044 φου
393 2987 398 3045 Ι
424 2986 635 3045 Σωτήρων
661 2986 879 3038 Διονύσιος
901 2988 1174 3047 Ποτάμωνος,
1197 3003 1335 3045 quem
1353 2993 1450 3045 ipse
1473 2992 1661 3045 quidem
1685 2991 1836 3045 paullo
1853 2993 1959 3044 post
1980 2991 2159 3043 reginae

282 3062 459 3103 obitum
481 3063 704 3115 scriptum
726 3063 968 3117 existimat,
987 3064 1082 3105 sine
1104 3064 1242 3105 dubio
1264 3065 1339 3105 illa
1359 3065 1599 3105 etiamtum
1621 3064 1867 3117 superstite
1883 3064 2053 3104 incisus
2075 3065 2157 3116 est,

285 3146 376 3175 non
399 3134 535 3175 modo
557 3135 665 3186 quia
686 3134 769 3176 dea
790 3147 880 3176 non
902 3136 1167 3189 appellatur,
1190 3137 1315 3189 quod
1335 3137 1409 3176 ille
1431 3137 1603 3177 ratione
1625 3136 1747 3177 nulla
1767 3147 1822 3176 ex
1845 3137 1972 3188 parte
1993 3134 2156 3187 proba-

286 3205 363 3246 bili
385 3206 610 3258 explicare
631 3209 834 3260 conatur,
862 3207 940 3248 sed
963 3209 1114 3261 etiam,
1143 3207 1189 3248 id
1209 3208 1333 3260 quod
1359 3209 1543 3260 gravius
1565 3209 1646 3260 est,
1676 3208 1782 3260 quia
1803 3207 2157 3260 praepositionis

287 3274 390 3335 ὑπέρ
421 3289 527 3318 cum
559 3279 768 3329 genetivo
801 3280 1069 3320 coniunctae
1100 3280 1169 3321 vis
1202 3279 1269 3331 (cf.
1303 3291 1342 3320 n.
1368 3282 1446 3320 365
1459 3278 1491 3332 3)
1523 3291 1613 3321 non
1635 3279 1756 3320 cadit
1786 3280 1832 3319 in
1853 3280 2098 3319 mortuam.

170 3349 213 3389 P.
239 3352 289 3389 60
323 3360 364 3390 n.
390 3353 456 3390 35.
518 3350 743 3402 Repetivit
783 3351 837 3391 M.
861 3351 906 3391 L.
932 3352 1088 3392 Strack
1127 3351 1293 3391 Archiv
1334 3351 1406 3391 fiir
1443 3350 1894 3404 Papyrusforschung
1933 3351 1971 3390 II
2013 3350 2138 3402 (4903

284 3432 327 3473 p.
353 3423 427 3462 544
468 3432 509 3462 n.
534 3423 601 3462 44.
653 3421 737 3470 Qui
768 3422 894 3474 quod
924 3423 1012 3463 hoc
1042 3424 1173 3464 tItulo
1205 3423 1388 3476 probari
1426 3423 1548 3476 dicit,
1581 3423 1928 3476 appellationem
1962 3420 2155 3477 βασιλεύς

285 3493 420 3533 etiam
452 3493 539 3533 illis
571 3493 764 3535 familiae
786 3494 932 3545 regiae
954 3495 1218 3536 hominibus
1241 3493 1381 3535 tribui
1401 3505 1660 3547 consuesse,
1691 3495 1769 3547 qui
1791 3505 1881 3535 non
1903 3495 2153 3546 regnarent,

285 3564 324 3603 ei
347 3575 521 3616 nequeo
543 3566 765 3606 assentiri.
817 3565 929 3607 Nam
953 3566 998 3607 ni
1019 3567 1150 3619 plane
1171 3566 1300 3608 fallor
1326 3567 1414 3608 hoc
1435 3567 1620 3619 quidem
1643 3567 1825 3607 nomine
1855 3576 2154 3618 permagnum

285 3634 523 3676 intercedit
544 3636 788 3677 discrimen
816 3637 934 3678 inter
954 3637 1257 3679 masculinum
1286 3635 1480 3692 βασιλεὺς
1502 3640 1547 3679 et
1567 3637 1833 3679 femininum
1861 3633 2093 3692 βασίλισσα.
