2314 3970
48 195 117 248 8⁴]
458 193 743 235 Ptolemaeus
771 193 829 234 IV
859 194 1119 247 Philopator
1149 194 1389 247 (224-205
1412 207 1448 236 a.
1472 195 1601 247 Chr.).
1918 197 2016 247 131

136 380 162 421 5
189 364 447 437 Νέανδρος
492 364 808 438 Νεανδρίδου
857 365 1014 420 εἶπεν·
1072 367 1562 439 προβεβουλευμένον
1621 366 1795 437 αὖ[τῶι
1850 364 2019 437 εἷ]ΙΙναι

189 451 312 523 πρὸς
348 450 431 504 τὸν
471 453 648 523 δῆμον,
687 452 860 524 ἐπειδὴ
901 452 1133 524 Φορμίων
1173 455 1200 506 ὁ
1226 451 1520 523 Βυζάντιος,
1561 452 1723 525 φίλ[ος
1757 452 1845 522 ὢν]
1887 451 1894 524 Ι
1933 456 2020 506 τοῦ

189 539 435 610 βασιλέως
463 537 795 610 Πτολεμαίου,
833 538 919 592 καὶ
954 540 1112 611 λέγων
1138 537 1224 593 καὶ
1247 539 1476 611 πράττων
1514 538 1784 612 [διατε]Ιλεῖ
1807 535 1871 592 τὰ
1899 559 2022 609 συμ-

187 626 403 697 φέροντα
438 627 531 679 τῶι
569 626 736 696 δήμωι
771 626 857 679 καὶ
882 622 993 679 κατ’
1027 625 1155 680 ἰδίαν
1195 625 1276 679 ἀεὶ
1312 628 1427 697 τῶ[ν
1453 626 1698 699 πολι]Ιτῶν
1724 628 1817 680 τῶι
1844 627 2020 699 χρείαν

187 711 355 783 ἔχοντι
390 711 479 784 τὴν
516 715 682 766 πᾶσαν
722 712 940 784 σπουδὴν
975 711 1192 766 ποιεῖται
1230 712 1334 782 [καὶ
1371 714 1448 783 οὐ]
1477 712 1484 786 Ι
1515 715 1662 784 μόνον
1693 716 1745 768 ἐν
1775 718 1859 784 τῆι
1898 713 2023 766 ἰδίαι

102 811 154 853 10
184 801 252 852 ὣν
291 797 462 852 εὔνουν
502 797 678 852 ἑαυτὸν
717 799 987 871 παρείχετο
1023 801 1116 852 τῶι
1153 800 1375 870 [δήμωι,]
1410 798 1427 872 [Ι
1463 797 1595 853 ἀλλὰ
1633 799 1720 854 καὶ
1757 803 1842 854 νῦν
1879 796 2019 871 παρὰ

185 887 278 938 τῶι
333 885 531 956 βασιλεῖ
587 884 911 956 Πτολεμαίωι
954 883 1186 954 πολλ[οὖς
1240 885 1345 955 καὶ]
1395 886 1400 956 Ι
1449 888 1790 959 συμφέροντας
1845 888 2022 957 λόγους

183 971 403 1025 ποιεῖται
439 971 561 1043 ὑπὲρ
599 977 687 1043 τῆς
723 972 963 1043 πόλεω[ς’
1013 972 1165 1042 ὅπως]
1206 970 1212 1042 Ι
1254 970 1339 1025 οὖν
1377 970 1464 1024 καὶ
1509 974 1535 1025 ὁ
1575 975 1731 1043 δῆμος
1778 973 2021 1044 φαίνηται

186 1057 274 1129 τὴν
312 1060 477 1112 πᾶσαν
517 1059 823 1129 ἐπιμέλεια[ν
868 1057 1194 1130 ποιοό]Ιμενος
1239 1060 1336 1111 τῶν
1384 1058 1773 1129 εόεργετούντων
1827 1059 2020 1127 ἑαυτόν,

188 1145 433 1216 δεδόχθαι
482 1146 583 1215 [τῆι
641 1144 854 1216 βου]Ιλῆι
908 1143 994 1198 καὶ
1047 1147 1140 1198 τῶι
1187 1146 1370 1214 δήμωι,
1422 1145 1698 1216 Φορμίωνα
1747 1143 2021 1217 Νυμφαίου

102 1244 153 1286 15
183 1228 498 1301 Βυζά[ντιον]
542 1230 560 1303 ΙΙ
600 1232 833 1304 πρόξενον
881 1229 1015 1285 εἷναι
1056 1230 1143 1285 καὶ
1191 1231 1454 1304 εὐεργέτην
1498 1237 1587 1303 τῆς
1632 1234 1825 1292 πόλεως
1868 1229 2023 1303 Ὠρω-

184 1317 327 1387 πί[ων
380 1316 547 1388 αὐτὸν]
597 1318 604 1390 Ι
653 1317 739 1372 καὶ
786 1319 1044 1389 ἐκγόνους·
1099 1316 1232 1372 εἶναι
1290 1317 1346 1373 δὲ
1396 1319 1564 1379 αὐτοῖς
1616 1319 1888 1373 ἰσοτέλειαν
1936 1318 2023 1372 καὶ

44 1489 139 1551 ἀρχ.
171 1495 282 1534 4892
313 1504 356 1547 p.
382 1496 434 1534 36
465 1505 506 1534 11.
531 1495 597 1534 64.
638 1503 682 1546 p.
707 1495 758 1534 42
791 1505 832 1534 11.
858 1494 939 1545 74).
1002 1493 1130 1542 Quod
1160 1505 1270 1535 vero
1303 1495 1504 1536 Iamotus
1536 1495 1687 1535 attulit
1716 1494 1772 1536 ad
1803 1505 1934 1535 suam
1966 1494 2021 1534 de

43 1563 328 1618 Thespiensis
371 1565 491 1607 tituli
542 1567 687 1607 aetate
733 1566 1003 1607 sententiam
1048 1565 1420 1619 confirmandam,
1467 1566 1514 1607 id
1558 1566 1806 1607 refutatum
1851 1567 1920 1607 est
1965 1565 2021 1607 ab

43 1636 317 1678 Holleauxio.
377 1637 555 1678 Etenim
585 1648 691 1679 cum
721 1632 844 1679 illam
874 1638 1218 1690 inscriptionem
1239 1638 1423 1679 Philone
1454 1638 1672 1679 archonte
1701 1639 1891 1679 incisam
1923 1648 2021 1679 esse

44 1710 233 1761 arguant
261 1721 304 1750 v.
327 1712 394 1751 26.
418 1713 468 1750 27
502 1707 627 1768 ἄρχει
656 1715 717 1751 τῶ
737 1709 910 1769 χρό[νω]
943 1709 950 1766 Ι
985 1707 1006 1751 ὁ
1037 1707 1225 1757 ἐνιαυτὸς
1256 1707 1325 1752 ἐπὶ
1346 1706 1539 1757 Φίλωνος
1566 1708 1785 1768 ἄρχοντος,
1817 1710 2022 1751 eiusdem

45 1781 149 1822 anni
179 1782 406 1824 victorum
437 1782 706 1823 laterculum
737 1782 1060 1836 Thespiensem
1091 1782 1232 1824 edidit
1261 1783 1407 1824 Iamot
1436 1782 1547 1823 Bull.
1572 1782 1627 1823 de
1649 1794 1766 1824 corr.
1789 1782 1897 1824 Hell.
1919 1782 2023 1822 XIX

43 1864 86 1906 p.
110 1855 191 1892 332
223 1865 264 1894 11.
289 1857 326 1895 6.
386 1854 479 1895 Iam
510 1855 556 1895 in
586 1855 673 1896 hoc
703 1857 963 1896 recensetur
991 1849 1186 1911 Ἀγαθίας
1211 1848 1718 1910 ἈρμοδίουὊπούντιος.
1770 1853 1883 1895 Hinc
1913 1854 2020 1895 Iam.

44 1935 259 1978 apparere
304 1924 425 1980 dicit,
471 1926 652 1979 Opunta
689 1929 787 1968 tum
825 1928 1045 1980 temporis
1094 1938 1184 1968 non
1224 1926 1481 1968 interfuisse
1526 1926 1696 1968 foederi
1733 1927 2021 1979 Boeotorum,

45 1997 150 2050 quia
176 1997 304 2038 aliter
323 1993 532 2044 Βοιώτιος
563 1999 716 2052 potius
738 1998 1029 2040 scribendum
1060 1998 1208 2040 fuerit.
1254 1999 1391 2051 Atqui
1413 1999 1633 2052 Opuntios
1660 1999 1852 2040 Boeotos
1883 1998 2022 2040 fuisse

43 2079 125 2122 per
155 2080 375 2111 annorum
407 2072 632 2112 234-498
659 2083 695 2112 a.
718 2071 818 2112 Chr.
842 2072 1054 2124 spatium,
1086 2082 1176 2124 quo
1208 2072 1360 2112 totum
1391 2072 1699 2112 contineretur
1719 2071 2021 2124 Philopatoris

45 2151 245 2193 regnum.
296 2141 560 2184 Necessario
590 2143 728 2195 igitur
767 2144 841 2184 hic
871 2143 1212 2196 Philadelphum
1250 2145 1406 2196 potius
1444 2144 1796 2196 agnoscendum.
1858 2144 2021 2184 Contra

44 2223 179 2266 quem
209 2213 319 2255 Holl.
351 2215 528 2256 monuit
557 2226 704 2268 neque
735 2215 915 2268 quando
948 2216 1131 2268 Opuntii
1162 2217 1458 2257 accessissent
1497 2216 1554 2257 ad
1584 2216 1859 2257 Boeotorum
1900 2227 2022 2256 com-

42 2296 190 2340 mune,
221 2297 366 2339 neque
396 2287 577 2340 quando
608 2299 768 2328 rursus
799 2298 848 2328 se
879 2287 936 2329 ab
967 2287 1054 2329 illis
1086 2289 1419 2341 separavissent
1457 2290 1680 2341 constare,
1720 2289 1782 2328 ita
1812 2290 1863 2328 ut
1894 2288 2020 2329 facile

39 2355 134 2398 fieri
165 2359 364 2411 potuerit
395 2361 448 2400 ut
477 2359 541 2401 illi
572 2362 650 2402 aut
679 2361 832 2413 paullo
864 2362 972 2413 post
1003 2371 1170 2401 annum
1198 2363 1273 2401 224
1304 2372 1341 2401 a.
1366 2361 1466 2402 Chr.
1489 2372 1530 2402 n.
1554 2361 1740 2401 demum
1771 2361 2022 2413 inciperent

43 2431 119 2470 aut
149 2430 237 2471 iam
268 2431 421 2484 paullo
455 2433 557 2473 ante
588 2435 669 2473 205
703 2443 740 2473 a.
764 2432 864 2473 Chr.
887 2444 929 2473 n.
962 2432 1214 2474 desinerent
1247 2433 1363 2473 inter
1394 2433 1588 2474 Boeotos
1619 2434 1863 2474 numerari.
1925 2434 2020 2473 Iam

41 2501 161 2543 hunc
190 2503 375 2544 titulum
407 2503 464 2544 ab
494 2504 571 2545 illo
601 2515 690 2545 non
722 2516 883 2557 magno
915 2505 1134 2557 temporis
1165 2505 1402 2546 intervallo
1433 2506 1600 2546 distare
1632 2506 1812 2547 decreta
1834 2505 2020 2558 Oropio-

41 2584 144 2615 rum
174 2576 467 2617 archontibus
488 2576 706 2628 Dionysio
741 2577 784 2629 (1.
808 2577 854 2617 G.
874 2577 991 2630 Sept.
1013 2578 1045 2630 I,
1069 2581 1164 2618 252.
1188 2578 1284 2629 296)
1316 2579 1361 2618 et
1382 2578 1564 2619 Philone
1587 2577 1631 2629 (Ι.
1655 2577 1702 2620 G.
1726 2578 1844 2630 Sept.
1868 2578 1899 2630 I,
1923 2579 2019 2617 247.

0 2655 3 2687 ι
46 2647 140 2696 265.
164 2649 260 2687 273.
284 2648 380 2700 278)
412 2648 528 2688 facta
556 2647 878 2690 demonstrant.
930 2648 1086 2702 Neque
1117 2650 1164 2689 hi
1195 2649 1279 2690 soli
1305 2649 1477 2703 lapides
1508 2650 1746 2703 testantur,
1779 2649 2020 2690 Ptolemaei

0 2709 4 2745 Ι
43 2715 338 2771 Philopatoris
384 2721 528 2761 aetate
581 2720 708 2761 aulae
753 2721 901 2773 regiae
946 2722 1247 2762 arctissimam
1298 2722 1678 2763 necessitudinem
1730 2732 1835 2762 cum
1882 2721 2019 2762 rebus

43 2789 314 2832 Boeotorum
344 2792 666 2846 intercessisse,
703 2793 783 2834 sed
814 2793 871 2834 ad
900 2793 980 2834 has
1012 2794 1343 2847 inscriptiones,
1376 2794 1588 2847 Oropiam
1619 2796 1664 2835 et
1684 2794 2019 2847 Thespiensem,

2 2847 6 2903 Ι
44 2862 260 2904 accedunt
310 2863 472 2904 Sosibii
521 2865 716 2906 honores
766 2877 792 2906 a
841 2865 1106 2918 Tanagraeis
1156 2867 1201 2906 et
1245 2866 1555 2908 Orchomeniis
1601 2866 1769 2907 decreti
1817 2866 1872 2918 (11.
1908 2870 1957 2907 80
1975 2865 2018 2917 1).

3 2934 9 2978 Ι
43 2931 268 2976 Holleaux.
331 2935 407 2977 His
439 2936 551 2978 adde
589 2937 644 2978 de
673 2938 835 2979 vicinis
866 2937 1216 2980 Atheniensibus
1247 2939 1569 2991 gravissimum
1599 2938 1778 2991 Polybii
1816 2938 2019 2979 testimo-

0 3023 7 3067 ᾗ]
44 3004 168 3047 nium
188 3007 240 3060 V,
263 3011 360 3062 406,
384 3012 514 3050 6—8:
551 3003 766 3065 Ἀθηναῖοι
798 3008 845 3051 δὲ
873 3015 958 3052 τῶν
989 3008 1040 3052 ἐκ
1068 3006 1341 3057 Μακεδονίας
1373 3008 1516 3066 φόβων
1548 3008 1808 3052 ἀπελέλυντο
1839 3008 1911 3051 καὶ
1939 3008 2018 3064 τὴν

7 3096 12 3122 9
45 3072 283 3137 ἐλευθερίαν
323 3076 434 3137 ἔχειν
467 3078 642 3123 ἐδόκουν
673 3078 759 3138 ἤδη
793 3078 984 3137 βεβαίως,
1022 3082 1236 3140 χρώμενοι
1275 3080 1322 3124 δὲ
1357 3080 1612 3138 προστάταις
1642 3078 1907 3138 Εὐρυκλείδα
1946 3079 2019 3122 καὶ

8 3142 228 3191 ἶΜικίωνι
256 3155 340 3192 τῶν
372 3150 450 3207 μὲν
480 3150 623 3194 ἄλλων
646 3146 904 3209 Ελληνικῶν
936 3151 1127 3211 πράξεων
1159 3148 1241 3196 οὐδ’
1269 3152 1416 3200 ὁποίας
1440 3157 1651 3211 μετεῖχον,
1684 3149 2019 3199 ἀκολουθοῦντες

8 3215 94 3261 Ιδὲ
118 3220 171 3279 τῇ
201 3227 286 3264 τῶν
317 3225 592 3281 προεστώτων
624 3223 780 3282 αἱρέσει
808 3224 881 3268 καὶ
909 3229 1002 3272 ταῖς
1031 3222 1193 3267 τούτων
1226 3225 1380 3284 ὁρμαῖς
1421 3223 1481 3272 εἰς
1511 3222 1670 3270 πάντας
1700 3222 1798 3270 τοὺς
1831 3220 2018 3278 βασιλεῖς

10 3292 17 3351 Ι
46 3286 288 3350 ἐξεκέχυντο
317 3294 392 3336 καὶ
422 3293 605 3351 μάλιστα
624 3294 784 3338 τούτων
817 3296 878 3344 εἰς
899 3294 1180 3353 Πτολεμαῖον,
1210 3297 1284 3340 καὶ
1314 3300 1397 3339 πᾶν
1417 3295 1538 3354 γένος
1570 3293 1774 3352 ὑπέμενον
1796 3294 2018 3351 ψηφισμά-

11 3354 18 3414 Ι
45 3375 127 3405 των
156 3364 227 3406 καὶ
254 3365 552 3425 κηρυγμάτων,
586 3366 746 3425 βραχύν
775 3383 870 3411 τινα
898 3368 1025 3427 λόγον
1047 3369 1294 3425 ποιούμενοι
1322 3372 1399 3411 τοῦ
1429 3366 1698 3423 καθήκοντος
1729 3365 1796 3409 διὰ
1824 3366 1902 3424 τὴν
1932 3373 2016 3410 τῶν

0 3431 18 3482 Ῐξ
46 3436 316 3491 προεστώτων
347 3437 551 3496 ἀκρισίαν.
602 3440 811 3482 Ceterum
830 3442 1116 3495 Philopatora
1143 3453 1349 3484 sororem
1369 3441 1589 3482 Arsinoen
1610 3440 1654 3480 in
1676 3440 2017 3482 matrimonium

48 3504 225 3548 duxisse
255 3521 344 3550 non
372 3513 476 3564 post
507 3514 587 3552 240
621 3524 659 3552 a.
693 3512 808 3567 Chr„
847 3515 954 3567 quia
983 3515 1191 3567 proximo
1226 3525 1340 3554 anno
1383 3512 1502 3552 filius
1534 3512 1816 3554 Ptolemaeus
1846 3513 1884 3553 V
1914 3513 2017 3566 Epi-

0 3570 20 3624 Ἰ
47 3577 213 3628 phanes
243 3583 373 3623 natus
404 3585 536 3636 esset,
568 3583 829 3626 observavit
858 3586 904 3627 B.
925 3586 1058 3628 Niese
1090 3586 1246 3627 Gesch.
1280 3585 1359 3626 der
1390 3595 1454 3636 gr.
1486 3595 1529 3624 u.
1562 3584 1736 3625 maked.
1770 3585 1949 3626 Staaten
1980 3587 2018 3625 11

0 3648 5 3700 Ι
47 3657 90 3699 p.
114 3652 191 3690 405
223 3654 315 3694 not.
342 3659 380 3694 6.

1619 3740 1672 3783 9*
