2314 3970
99 189 197 241 229]
546 188 759 228 Seleucus
790 188 828 227 11
860 187 1100 229 Callinicus
1133 188 1373 238 (246-226
1396 199 1433 228 a.
1458 188 1557 228 Chr.
1583 187 1651 237 n.).
1976 189 2079 239 365

206 373 320 429 229
370 377 522 441 Lapis
551 376 868 426 OxoniensiS.
921 377 998 424 Ex
1023 376 1324 442 apographo
1352 391 1382 425 a
1410 376 1638 440 SeldenO,
1677 376 1895 425 Patricio
1923 377 2083 441 Iuni0,

97 463 313 513 Ricardo
352 463 568 511 Iamesio
609 463 839 512 confecto
879 463 1044 512 editus
1084 467 1160 512 est
1184 463 1360 512 titulus
1386 463 1524 528 apud
1549 462 1877 511 Maittairium
1904 462 2082 511 Marm.

98 549 188 599 Ox.
230 564 277 598 n.
314 549 364 613 2,
418 549 505 597 ubi
552 549 704 597 etiam
750 550 967 598 duorum
1014 549 1229 598 aliorum
1276 548 1696 614 apographorum
1753 546 1819 613 <A
1855 545 1911 596 B
1946 548 2084 613 apud

0 606 7 677 Ιῑ
96 633 316 698 Boeckh)
358 635 422 683 ab
461 635 632 698 ignoto
673 636 840 700 aliquo
879 635 1085 684 homine
1112 634 1364 683 factorum
1390 635 1564 684 variae
1596 635 1836 684 lectiones
1864 636 2081 684 exstant.

98 721 351 772 Chandler
374 721 551 769 Marm.
576 721 667 770 Ox.
688 722 748 786 II,
772 722 836 771 26
869 719 1092 785 (Boeckh
1118 719 1168 769 C.
1190 721 1225 768 Ι.
1252 719 1307 768 G.
1333 720 1389 768 34
1406 717 1489 769 37.
1539 721 1686 784 Syll.1
1705 722 1721 769 4
1738 719 1839 787 74).
1894 720 2086 786 Lapide

98 809 263 857 denuo
290 808 470 856 collato
507 808 559 855 E.
589 808 643 856 L.
674 807 828 856 Hicks
856 808 1054 855 Manual
1082 806 1139 855 of
1161 805 1326 855 Greek
1350 805 1467 855 hist.
1498 807 1647 856 inscr.
1688 823 1737 872 p.
1765 807 1866 855 300
1906 822 1955 856 n.
1982 804 2084 855 476

98 893 201 961 (Ch.
232 893 409 943 Michel
447 894 650 943 Recueil
677 890 878 943 d’inscr.
910 892 992 942 Gr.
1022 909 1072 958 p.
1101 892 1162 940 44
1204 907 1251 940 n.
1288 892 1385 958 49).
1453 892 1524 941 Cf.
1567 907 1696 957 quae
1737 894 1798 942 de
1824 894 1970 942 titulo
1998 908 2087 942 ex-

94 983 377 1046 posuerunt
402 982 480 1029 W.
506 981 784 1029 Feldmann
808 980 1048 1028 Analecta
1073 980 1230 1044 epigr.
1260 979 1326 1027 ad
1350 978 1621 1028 historiam
1649 980 2086 1044 synoecismorum

97 1071 147 1116 et
173 1067 581 1131 sympolitiarum
610 1066 919 1115 Graecorum
949 1065 1374 1129 (Diss.Argentor.
1393 1064 1475 1129 IX)
1503 1081 1552 1130 p.
1578 1064 1678 1114 ⁴57
1690 1081 1799 1131 sqq.
1847 1066 1901 1116 E.
1920 1066 2087 1129 Egger

10 1159 12 1227 ᾗ
97 1153 290 1202 Traites
327 1153 523 1218 publics
560 1169 611 1217 p.
645 1153 746 1200 408
768 1167 877 1217 sqq.
945 1152 997 1200 E.
1013 1151 1216 1201 .Szanto
1255 1151 1357 1199 Das
1395 1166 1470 1215 gr.
1507 1151 1851 1215 Biirgerrecht
1887 1167 1937 1217 p.
1966 1152 2083 1200 409.

10 1233 13 1296 Τ
95 1240 150 1288 Α.
181 1238 420 1288 Schulten
458 1239 678 1287 Hermae
715 1238 897 1286 XXXII
933 1253 984 1303 p.
1016 1237 1118 1287 532
1143 1252 1252 1302 sqq.
1325 1237 1380 1286 B.
1411 1237 1758 1287 Haussoullier
1802 1238 1977 1286 Revue
2025 1238 2087 1287 de

12 1318 13 1359 2
94 1324 365 1391 philologio
402 1325 562 1373 xxiv
602 1324 738 1373 ⁴900
778 1340 829 1389 p.
862 1324 980 1373 329.
1047 1311 1235 1373 Etudes
1275 1338 1364 1376 sur
1396 1320 1642 1373 Phistoire
1669 1324 1731 1373 de
1759 1324 1894 1373 Milet
1932 1328 1981 1373 et
2020 1324 2089 1372 du

12 1451 15 1463 .
95 1411 394 1476 Didymeion
430 1426 481 1476 p.
510 1410 610 1459 448
633 1426 742 1475 sqq.
809 1411 862 1458 B.
896 1411 1043 1459 Niese
1071 1409 1252 1459 Gesch.
1283 1411 1374 1459 der
1398 1425 1473 1474 gr.
1502 1427 1550 1460 u.
1581 1410 1782 1460 maked.
1813 1410 2019 1459 Staaten
2045 1410 2089 1458 II

95 1513 145 1563 p.
178 1497 269 1547 464
298 1513 408 1562 sqq.

166 1639 440 1704 Ι’Έδοξεν
489 1648 580 1698 τῶι
637 1647 852 1714 δὴμωι1,
913 1648 1199 1716 στρατηγῶν
1253 1645 1455 1714 γνώμη·
1518 1644 1690 1715 ἐπειδὴ
1743 1646 1984 1715 πρότερόν
2034 1664 2088 1696 τε

241 1728 361 1784 καθ’
395 1732 448 1784 ὃν
487 1731 662 1803 καιρὸν
703 1734 728 1784 ὁ
770 1730 1003 1802 βασιλεὺς
1031 1731 1310 1790 Σέλευκος2
1340 1730 1660 1801 ὑπερίέβαλεν
1689 1731 1760 1789 εἰς
1787 1730 1876 1800 τὴν
1906 1729 2088 1782 Σελευ-

239 1818 405 1884 κίδα3,
452 1820 648 1871 πολλῶν
689 1817 811 1887 [κ]αὶ
860 1816 1093 1887 μεγάλων
1140 1817 1379 1870 κινδύνων
1425 1814 1764 1887 περιστάντων
1803 1817 1904 1887 τὴμ
1942 1817 2086 1868 πόλιν

238 1907 382 1975 ἡμῶν
421 1904 507 1957 καὶ
546 1905 634 1975 τὴν
677 1903 683 1974 Ι
724 1905 948 1975 χώραν4,
1000 1904 1297 1974 διεφύλαξεν
1349 1905 1374 1956 ὁ
1415 1906 1574 1973 δῆμος
1621 1903 1724 1974 τὴμ
1767 1901 1891 1974 πρὸς
1936 1901 2087 1954 αὐτὸν

240 1989 438 2043 εὔνοιάν
477 2011 529 2043 τε
566 1988 653 2042 καὶ
692 1990 875 2060 φιλίαν,
926 1991 982 2042 οὐ
1030 1988 1370 2060 καταπλαγεὶς
1418 1989 1506 2060 τὴν
1553 1992 1650 2041 τῶν
1691 1989 1927 2043 ἐναντίων
1968 1989 2090 2059 ἔφο-

240 2079 324 2129 δον
367 2075 372 2147 Ι
414 2075 531 2129 οὐδὲ
582 2076 848 2148 φροντίσας
902 2081 992 2146 τῆς
1043 2080 1139 2129 τῶν
1199 2076 1524 2147 ὑπαρχόντων
1584 2075 1892 2146 ἀ[π]ωλείας,
1953 2072 2087 2129 ἀλλὰ

210 2273 404 2314 Litterae
434 2273 642 2325 volgares
674 2275 852 2325 praeter
884 2274 1020 2314 ΘΞΣ.
1083 2273 1226 2313 Facile
1267 2273 1558 2324 perspicitur,
1598 2273 1685 2312 tria
1722 2272 1769 2312 in
1809 2272 1895 2312 hac
1932 2271 2089 2312 tabula

21 2359 22 2362 ¹
97 2345 310 2397 coniungi
356 2345 644 2386 documenta.
733 2346 751 2384 Ι
794 2357 836 2386 v.
870 2348 1010 2384 4-33
1060 2345 1388 2398 Populiscitum
1439 2345 1796 2397 Smyrnaeorum
1848 2343 1903 2384 de
1953 2345 2088 2396 pacto

97 2427 203 2458 cum
239 2418 303 2458 eis
343 2418 421 2470 qui
450 2417 703 2469 Magnesiae
724 2416 930 2458 habitent
959 2416 1178 2457 faciendo.
1267 2417 1320 2469 II,
1365 2418 1531 2457 34—88
1566 2416 1755 2457 Pactum
1786 2416 1904 2456 inter
1933 2416 2090 2467 Smyr-

22 2507 25 2546 ;
96 2499 233 2530 naeos
274 2490 320 2528 et
358 2489 612 2540 Magnesiae
661 2489 847 2531 incolas.
942 2489 1013 2540 ΙΙΙ,
1054 2491 1252 2529 89-408
1291 2488 1496 2529 Alterum
1537 2489 1895 2540 Smyrnaeorum
1936 2498 2089 2539 popu-

95 2561 295 2602 liscitum
327 2560 382 2601 de
413 2561 479 2602 eis
510 2560 733 2602 militibus
770 2561 848 2613 qui
884 2561 1273 2612 Palaemagnesiae
1309 2560 1608 2601 consederant
1639 2560 1830 2612 aliisque
1860 2558 2088 2600 nonnullis

97 2633 175 2686 qui
204 2633 282 2674 illo
312 2633 469 2685 priore
498 2634 634 2685 pacto
666 2644 759 2673 non
789 2632 1064 2673 tenebantur
1093 2633 1138 2672 in
1170 2632 1402 2673 civitatem
1433 2631 1718 2684 recipiendis.
1867 2635 1883 2671 4
1933 2631 2088 2684 Smyr-

96 2715 330 2746 naeorum.
495 2708 519 2744 2
559 2705 773 2746 Seleucus
803 2705 843 2745 11
884 2704 1125 2745 Callinicus
1166 2705 1409 2756 (246—226
1444 2715 1482 2745 a.
1516 2703 1647 2754 Chr.).
1708 2705 1750 2744 Is
1792 2703 1920 2744 initio
1961 2704 2088 2755 regni

26 2833 27 2839 γ
97 2775 269 2818 bellum
301 2788 408 2817 cum
439 2777 695 2818 Ptolemaeo
726 2777 950 2829 Euergeta
980 2777 1133 2829 gessit,
1176 2777 1222 2817 in
1253 2788 1344 2829 quo
1386 2786 1493 2816 cum
1524 2776 1749 2828 plurimae
1788 2776 1999 2817 civitates
2030 2775 2088 2816 ab

26 2875 28 2911 3
98 2857 151 2889 eo
189 2848 472 2901 defecissent,
519 2849 756 2900 Smyrnaei
793 2849 840 2888 in
884 2847 973 2889 fide
1012 2850 1293 2889 manserunt.
1358 2847 1476 2889 Nam
1517 2847 1575 2888 ad
1611 2848 1728 2888 hanc
1767 2848 1969 2900 priorem
2011 2857 2088 2887 ex-

27 2963 29 2966 ,
97 2919 376 2972 peditionem
408 2920 504 2961 sine
536 2919 675 2961 dubio
706 2919 939 2961 reserenda
970 2922 1077 2961 sunt
1106 2919 1250 2961 verba
1279 2917 1482 2976 πρότερόν
1513 2932 1559 2960 τε
1589 2942 1647 2948 -
1679 2916 1724 2968 ἐξ
1755 2916 1894 2977 ἀρχῆς
1924 2915 2087 2972 ὑπέστη

100 2989 154 3042 (v.
177 2992 317 3044 4—6).
379 2991 504 3040 Quos
535 3003 640 3032 cum
672 2993 848 3044 magnis
879 2991 1092 3033 laudibus
1124 2992 1434 3045 praemiisque
1472 2990 1697 3033 affecisset
1728 3002 1809 3031 rex
1849 2988 1928 3042 (διὸ
1958 2988 2031 3031 ’καὶ
2065 2987 2086 3030 ὁ

28 3062 33 3114 ζ
101 3059 295 3119 βασιλεὺς
310 3086 369 3094 -
386 3062 500 3119 ἱερὰν
524 3062 598 3104 καὶ
624 3061 781 3107 ἄσυλον
807 3067 966 3106 ν.6-4
978 3064 1032 3118 2),
1062 3065 1230 3106 iterum
1252 3064 1423 3105 bellum
1440 3064 1611 3104 exarsit
1633 3063 1941 3114 Seleucusque
1962 3063 2087 3102 trans

100 3133 295 3177 Taurum
325 3135 560 3189 profectus
595 3137 665 3178 est
703 3136 788 3189 (νῦν
818 3150 863 3178 τε
895 3134 1265 3194 ὑπερβεβληκότος
1295 3148 1338 3177 v.
1364 3136 1446 3187 42).
1508 3135 1569 3176 Cf.
1601 3136 1758 3176 lustin.
1781 3133 1960 3186 XXVII,
1985 3138 2022 3174 4.
2047 3135 2086 3174 2.

102 3205 205 3248 Inde
235 3207 450 3249 Seldenus
481 3208 826 3261 Boeckhiusque
857 3209 1149 3261 collegerunt,
1188 3208 1280 3249 fere
1311 3218 1427 3249 anno
1460 3209 1542 3247 244
1565 3218 1603 3247 a.
1627 3206 1729 3248 Chr.
1761 3206 1874 3246 haec
1905 3204 2089 3246 decreta

30 3288 35 3309 v
101 3286 213 3320 esse.
271 3278 369 3328 Qua
399 3291 506 3320 cum
537 3281 759 3332 temporis
789 3280 1050 3322 definitione
1081 3280 1255 3333 optime
1286 3279 1509 3331 convenit,
1552 3278 1679 3330 quod
1709 3278 1765 3318 M.
1787 3276 1974 3318 Frankel
2006 3276 2088 3317 ob-

103 3351 311 3404 servavit,
348 3352 457 3392 huic
495 3352 628 3393 titulo
659 3362 887 3393 summam
919 3352 1276 3404 similitudinem,
1316 3351 1564 3404 praecipue
1595 3350 1641 3390 in
1671 3348 1967 3390 iurisiurandi
1998 3348 2087 3389 for-

32 3435 33 3441 ¹
103 3420 252 3475 mulis,
282 3423 561 3464 intercedere
593 3435 698 3464 cum
729 3426 863 3477 pacto
893 3425 1011 3466 inter
1040 3425 1292 3469 Eumenem
1324 3424 1342 3462 I
1373 3423 1564 3474 eiusque
1595 3421 1936 3462 mercennarios
1967 3419 2086 3462 facto

25 3507 29 3540 ἰ
104 3501 146 3532 1¹·
169 3494 263 3546 266,
292 3495 415 3547 quod
435 3507 659 3537 annorum
681 3497 900 3537 246-244
932 3509 969 3538 a.
983 3497 1138 3538 Chr.n.
1160 3495 1368 3536 terminis
1389 3494 1610 3535 contineri
1632 3494 1825 3534 constat.
1961 3495 1984 3532 3
2022 3493 2088 3533 De

35 3577 37 3586 ·
105 3561 332 3606 Seleucida
361 3567 414 3608 cf.
437 3579 480 3608 n.
499 3566 620 3608 2494.
762 3570 784 3609 4
824 3567 889 3608 Ex
910 3580 952 3610 n.
972 3571 1068 3621 228,
1093 3572 1115 3608 8
1140 3568 1251 3608 adeo
1274 3567 1427 3619 ipsum
1451 3565 1672 3619 oppidum
1695 3565 2022 3618 aliquantisper
2043 3565 2089 3604 in

103 3635 326 3685 potestate
353 3638 555 3680 hostium
586 3638 724 3680 fuisse
755 3639 1070 3692 intellegimus.
