2314 3970
82 237 156 289 62]
502 234 784 279 Ptolemaeus
813 234 872 274 111
902 233 1145 286 Euergetes
1177 233 1414 286 (247-224
1444 245 1483 275 a.
1506 232 1636 285 Chr.).
1954 235 2054 283 115

78 407 108 466 ἡ
136 407 215 467 γὰρ
247 406 412 465 ἀδελφὴ
434 406 609 455 ἄτεκνος
629 405 854 450 ἀπέθανεν.
907 407 1054 456 Quare
1074 409 1120 449 et
1139 408 1214 449 hic
1234 409 1279 449 et
1307 420 1349 449 n.
1374 409 1441 461 54,
1464 411 1502 449 2.
1535 411 1603 462 55,
1627 410 1664 449 3.
1699 410 1767 461 56,
1791 411 1828 448 4.
1863 411 1930 461 64,
1954 411 1991 448 4.
2015 411 2054 449 2.

81 486 147 535 65,
171 485 208 522 2.
233 485 270 522 3.
322 481 490 522 Archiv
527 482 554 523 f.
587 481 1041 534 Papyrusforschung
1072 482 1091 521 Ι
1130 492 1172 533 p.
1197 484 1279 522 205
1312 492 1353 521 n.
1378 484 1445 534 46,
1470 484 1493 520 2
1532 480 1775 534 Euergetes
1814 481 2057 522 Ptolemaei

79 557 124 596 et
152 553 365 595 Arsinoes
402 553 624 595 Divorum
664 554 870 595 Fratrum
915 553 1035 594 filius
1072 553 1351 606 perhibetur,
1412 553 1528 594 Letr.
1561 553 1614 594 cf.
1646 554 1700 595 M.
1723 554 1767 594 L.
1791 553 1947 595 Strack
1978 554 2058 594 Die

77 627 292 680 Dynastie
322 625 402 666 der
431 626 682 667 Ptolemaer
711 637 755 679 p.
778 628 860 666 492
892 626 983 666 not.
1006 629 1044 666 9.
1195 628 1215 664 3
1257 625 1467 666 Berenice
1490 625 1736 678 Euergetae
1766 637 1885 667 uxor
1905 627 2058 678 Magae

76 699 166 740 filia
186 698 281 752 fuit,
313 699 465 739 mariti
490 709 582 739 non
602 709 732 739 soror
753 709 977 751 germana,
1009 697 1089 738 sed
1116 696 1347 750 patruelis.
1397 697 1555 750 Neque
1585 699 1673 739 hoc
1694 699 1861 740 Graece
1891 695 2058 755 ἀδελφή

77 783 240 814 nomen
270 771 502 825 significat,
542 783 689 824 neque
719 771 774 812 de
805 782 956 812 errore
987 769 1220 823 lapicidae,
1261 782 1351 823 quo
1383 770 1472 812 boc
1509 782 1592 824 pro
1623 769 1830 829 ἀδελφιδῆ
1863 773 2058 813 incisum

76 846 146 898 sit,
169 845 365 898 cogitare
386 845 492 885 licet
506 846 697 897 propter
713 844 905 885 aliorum
929 842 1131 896 lapidum
1152 843 1465 884 testimonium
1484 843 1550 895 (cf.
1574 855 1615 884 n.
1640 848 1707 898 56,
1722 849 1759 886 8.
1790 848 1907 898 64,3.
1941 849 2057 898 65,5.

75 917 239 959 Archiv
269 916 343 958 fiir
372 916 825 969 Papyrusforschung
854 917 873 956 I
905 918 1013 956 4900
1047 926 1091 968 p.
1114 918 1194 955 205
1229 927 1269 956 n.
1294 918 1362 968 45,
1389 915 1440 967 4).
1492 915 1638 964 Quare
1669 918 1790 958 recte
1821 917 1936 958 Letr.
1970 919 2058 958 sta-

76 990 164 1031 tuit
191 989 384 1042 reginae,
416 989 606 1031 etiamsi.
623 1000 674 1029 re
704 999 812 1030 vera
841 999 932 1029 non
962 998 1093 1029 soror
1123 998 1335 1039 germana
1364 987 1481 1039 regis
1504 987 1675 1041 fuisset,
1707 989 1892 1030 honoris
1922 1000 2060 1030 causa

75 1072 242 1104 nomen
271 1060 398 1115 quod
428 1063 497 1102 est
526 1058 692 1118 ἀδελφή
724 1059 869 1102 tribui
887 1060 1184 1101 consuevisse
1207 1061 1253 1101 in
1275 1059 1412 1100 domo
1434 1060 1716 1111 Lagidarum.
1768 1061 1852 1102 Sed
1884 1072 2059 1103 errasse

76 1134 298 1188 videntur,
340 1135 420 1187 qui
449 1134 643 1175 eundem
682 1144 856 1174 morem
887 1133 1025 1174 etiam
1064 1132 1186 1185 apud
1224 1131 1480 1174 Seleucidas
1519 1134 1790 1186 usurpatum
1830 1145 1930 1175 esse
1971 1134 2058 1175 sibi

75 1208 411 1261 persuaserunt.
454 1205 515 1247 Cf.
547 1218 589 1248 n.
611 1205 755 1246 24917.
817 1205 1027 1246 Ceterum
1059 1204 1179 1246 haud
1209 1204 1572 1257 improbabiliter
1610 1205 1723 1246 Letr.
1757 1206 1846 1247 huc
1887 1206 2060 1246 rettulit

77 1279 236 1321 Catulli
264 1278 412 1332 LXVI,
436 1282 488 1319 22
526 1275 745 1332 fratris
774 1274 878 1320 cari
903 1274 1047 1332 flebile
1076 1274 1339 1330 discidium,
1383 1277 1467 1318 etsi
1498 1277 1620 1331 apud
1650 1278 1834 1319 Latinos
1873 1278 2058 1331 quidem

75 1351 257 1394 fratrem
287 1350 538 1406 patruelem
569 1350 765 1404 simplici
795 1349 945 1392 fratris
977 1349 1277 1404 appellatione
1313 1349 1537 1403 designari
1569 1362 1659 1392 non
1689 1352 1758 1392 est
1789 1350 2057 1404 negandum.

46 1419 310 1467 'Niebuhrii
345 1434 560 1476 errorem,
597 1423 677 1478 qui
714 1423 956 1464 Berenicen
993 1432 1202 1464 sororem
1242 1423 1469 1464 uterinam
1507 1422 1756 1477 Euergetae
1793 1423 1932 1465 fuisse
1971 1423 2059 1465 sibi

75 1498 374 1551 persuaserat,
396 1495 609 1538 refutavit
628 1496 663 1537 J.
689 1496 736 1537 G.
758 1495 964 1548 Droysen
986 1495 1144 1536 Gesch.
1166 1494 1246 1536 des
1267 1494 1567 1537 Hellenismus
1589 1496 1662 1549 ΙΙΙ,
1687 1500 1702 1536 4
1733 1507 1775 1550 p.
1800 1499 1873 1536 274
1905 1498 2000 1538 not.
2019 1500 2057 1537 4.

78 1571 101 1611 4
141 1569 242 1612 Non
271 1569 419 1611 solum
450 1580 616 1621 aream,
654 1568 735 1610 sed
764 1569 987 1623 templum
1017 1568 1170 1622 ipsum
1207 1579 1298 1610 una
1329 1579 1437 1610 cum
1468 1569 1543 1610 illa
1573 1570 1618 1609 et
1656 1579 1761 1610 cum
1801 1569 1987 1622 reliquis
2020 1569 2059 1610 si

76 1653 166 1695 qua
196 1643 323 1683 erant
354 1640 567 1683 aedificiis
598 1640 852 1694 significari,
890 1641 953 1683 ita
991 1642 1045 1682 ut
1082 1640 1139 1682 ab
1175 1641 1251 1682 illo
1293 1640 1417 1695 quod
1453 1642 1524 1682 est
1561 1639 1670 1697 ἱερόν
1700 1642 1779 1683 vix
1816 1641 2057 1694 discrepet,

76 1724 222 1768 neque
253 1714 307 1759 de
337 1713 542 1755 dedicato
573 1713 709 1755 modo
741 1715 819 1754 aut
847 1714 1097 1755 instaurato
1130 1713 1318 1755 delubro
1350 1713 1454 1766 dici,
1487 1713 1566 1754 sed
1597 1713 1653 1754 de
1685 1725 1738 1755 eo
1770 1714 1893 1767 quod
1922 1714 2059 1755 Euer-

76 1788 200 1840 getes
232 1786 407 1839 primus
437 1797 608 1828 novum
640 1786 813 1827 exstrui
843 1786 1063 1839 iussisset,
1099 1786 1197 1826 iure
1227 1797 1284 1827 ex
1313 1786 1413 1827 loco
1445 1785 1525 1826 ubi
1556 1786 1715 1827 titulus
1747 1786 1958 1827 inventus
1991 1789 2060 1828 est

75 1859 254 1912 collegit
291 1859 407 1900 Letr.
477 1858 653 1900 Etenim
698 1859 810 1900 haec
860 1858 1026 1900 lamina
1072 1869 1210 1899 aurea
1256 1859 1374 1899 inter
1417 1858 1534 1900 duos
1575 1858 1737 1900 lateres
1779 1858 2058 1900 fundamenti

74 1931 340 1984 interposita
361 1931 543 1972 inventa
573 1932 655 1983 est,
691 1932 745 1971 ut
765 1930 899 1972 hodie
919 1931 1055 1972 etiam
1078 1930 1381 1972 fundamentis
1406 1930 1717 1972 aedificiorum
1747 1942 1983 1973 sacrorum
2014 1933 2059 1972 et

75 2003 365 2058 publicorum
396 2003 620 2044 eiusmodi
651 2003 825 2044 litterae
855 2004 994 2045 inseri
1025 2003 1183 2045 solent.

183 2210 255 2265 61
307 2214 462 2265 Philis
521 2229 678 2281 supra
731 2218 938 2281 portam
997 2216 1442 2282 septentrionalem
1489 2217 1665 2282 templi
1720 2216 1881 2266 Isidis.
1965 2216 2054 2267 Ed.

75 2303 118 2353 J.
145 2302 200 2353 P.
230 2301 453 2368 Mahaffy
477 2302 687 2368 History
713 2302 773 2352 of
791 2303 959 2368 Egypt
983 2302 1050 2351 IV
1073 2318 1124 2369 p.
1147 2303 1247 2352 449
1275 2308 1378 2353 not.
1405 2303 1423 2351 4
1471 2302 1549 2370 (Μ.
1579 2304 1633 2352 L.
1664 2302 1845 2354 Strack
1868 2303 2058 2354 Archiv

77 2388 158 2439 fiir
194 2388 708 2456 Papyrusforsehung
743 2388 766 2437 1
807 2388 942 2438 4900
982 2405 1032 2455 p.
1063 2389 1166 2439 205
1207 2405 1255 2440 n.
1288 2387 1387 2457 ⁴4).

217 2529 467 2591 Βασιλεὺς
514 2529 828 2600 Πτολεμαῖος
879 2531 1125 2602 βασιλέως
1171 2530 1559 2602 Πτολ(ε)μαίου1
1605 2531 1690 2585 καὶ
1731 2528 2004 2604 Ἀρσινόης,
2047 2532 2054 2604 Ι

218 2618 350 2671 θεῶν
382 2615 683 2688 Ἀδελφῶν2,
721 2614 805 2670 καὶ
843 2618 1112 2687 βασίλισσα
1151 2615 1414 2690 Βερενίκη,
1456 2620 1488 2689 ἡ
1530 2621 1777 2691 βασιλέως
1820 2618 1826 2691 Ι
1870 2619 2058 2673 Πτολε-

220 2703 370 2774 μαίου
411 2703 604 2775 ἀδελφὴ
645 2703 731 2757 καὶ
768 2706 939 2776 γυνή3,
978 2704 1065 2758 καὶ
1102 2702 1166 2758 τὰ
1201 2706 1386 2759 τούτων
1424 2707 1575 2760 τέκνα
1612 2705 1696 2759 τὸν
1735 2706 1854 2761 ναὸν
1897 2706 1903 2779 1
1933 2701 2057 2762 Ἴσει

216 2790 303 2844 καὶ
330 2787 720 2863 εΑρποκράτηνκί.

12 2999 15 3027 ,
189 2965 385 3019 Mahaffy
414 2966 598 3007 titulum
628 2966 790 3008 litteris
827 2968 1096 3010 minusculis
1137 2968 1321 3010 exhibet
1358 2969 1455 3010 sine
1496 2980 1713 3011 versuum
1754 2970 2054 3023 distinctione,

15 3055 22 3097 f
79 3046 214 3091 quam
244 3050 300 3080 ex
326 3038 514 3080 Strackii
544 3039 751 3093 exemplo
782 3040 974 3082 retinere
1004 3041 1115 3082 utile
1136 3042 1288 3083 visum
1310 3043 1391 3095 est,
1423 3042 1508 3083 etsi
1534 3054 1651 3096 quac
1682 3043 1779 3084 eius
1811 3043 2055 3084 auctoritas

16 3118 24 3149 l
80 3109 138 3150 sit
179 3121 268 3152 non
311 3111 550 3164 perspicio.
757 3115 771 3151 4
824 3109 1062 3169 πτολμαιου
1107 3113 1314 3167 Mahaffy,
1362 3114 1552 3155 fortasse
1597 3115 1861 3167 typothetae
1907 3115 2053 3167 culpa.

19 3186 26 3225 l
81 3182 107 3221 Ξ
143 3181 203 3223 Cf.
235 3194 277 3223 n.
301 3182 394 3224 601·
412 3181 446 3224 2.
594 3186 616 3222 3
659 3183 718 3224 Cf.
752 3195 794 3225 n.
818 3183 911 3226 603.
1072 3188 1094 3226 4
1142 3186 1222 3226 Hic
1268 3186 1543 3239 scripturam
1588 3188 1634 3227 in
1676 3186 1802 3227 libris
1847 3188 2054 3227 veterum

20 3264 28 3291 ι
81 3253 291 3295 usitatam
322 3254 504 3296 exhibet
533 3254 647 3308 lapis
679 3256 930 3297 secundum
961 3257 1172 3311 Mahaffyi
1203 3260 1539 3311 testimonium3
1580 3258 1634 3299 de
1672 3259 1856 3310 reliquis
1898 3258 2054 3299 formis

23 3316 27 3366 ἶ
85 3314 375 3382 Ἃρποχράτης
405 3328 450 3367 et
475 3319 776 3385 Ἁρφοκράτης,
815 3339 907 3369 non
947 3330 1062 3370 raris
1099 3330 1187 3371 illis
1225 3330 1410 3383 quidem
1448 3331 1494 3370 in
1531 3330 1687 3383 titulis,
1727 3329 1780 3370 cf.
1822 3341 1862 3371 n.
1888 3329 1970 3371 623
2009 3333 2054 3372 et

24 3390 32 3432 ‘l
83 3394 207 3449 Sy11.2
228 3401 308 3440 559
318 3397 349 3439 5.

189 3604 259 3658 62
308 3608 459 3675 Lapis
496 3609 842 3662 inaedificatus
867 3613 1023 3663 Philis
1062 3614 1114 3662 in
1150 3626 1296 3662 muro
1334 3612 1626 3662 occidentali
1665 3614 1918 3664 exteriore
1958 3612 2054 3663 fori

87 3693 220 3755 quod
257 3694 449 3745 dicitur.
526 3697 604 3746 Ex
640 3698 938 3765 apographo
967 3698 1301 3761 Borchardtii‚
1344 3698 1481 3764 quod
1517 3699 1870 3750 transmiserat
1907 3700 1960 3750 F.
1991 3699 2053 3748 de

1655 3797 1709 3840 8*
