2314 3970
97 172 195 230 345]
657 172 926 215 Nicomedes
957 173 995 212 11
1027 172 1237 223 (449--92
1262 182 1299 211 a.
1323 170 1424 211 chr.
1446 168 1517 220 n.).
1971 166 2074 216 549

96 240 2075 261 ,Μ

208 350 401 393 Litterae
431 348 640 400 volgares
661 348 839 399 praeter
870 347 946 387 ΛΠ
976 347 1021 386 et
1052 347 1109 398 Σ,
1142 344 1268 397 quod
1288 343 1474 384 brachia
1494 341 1747 395 paullulum
1769 339 1906 381 modo
1930 338 2076 379 diver-

12 406 13 424 *
93 422 242 476 gentia
272 420 421 462 habet.
472 419 730 460 Notandum
763 417 869 473 ζῆτα
899 419 944 458 et
974 414 1087 472 θῆτα
1117 418 1251 457 etiam
1273 416 1556 467 antiquiores
1585 414 1755 455 formas
1786 414 1863 454 ΙΕ)
1896 411 2076 452 habere.

97 499 111 534 4
160 493 338 536 Nomen
377 491 614 532 manifesto
656 490 917 540 barbarum,
959 490 986 530 i.
1018 500 1055 529 e.
1097 500 1152 528 ex
1191 489 1508 540 Bithynorum,
1551 497 1666 539 quos
1705 486 1899 526 Thracas
1938 483 2076 524 fuisse

95 568 284 619 constat,
325 575 533 606 sermone
574 564 818 616 repetitum
857 562 924 613 (cf.
968 573 1009 602 n.
1041 559 1170 612 3443).
1349 563 1372 599 2
1417 559 1618 610 Regnum
1657 559 1897 599 etiamtum
1938 555 2078 596 fuisse

93 639 366 691 Bithyniam,
405 649 495 679 non
535 636 818 689 provinciam
855 634 1118 685 Romanam,
1157 644 1262 672 oum
1301 633 1414 672 haec
1454 631 1763 672 scriberentur
1801 631 1846 670 et
1886 629 1984 670 aliis
2023 628 2077 669 de

93 711 244 752 causis
275 711 320 750 et
354 710 544 762 propter
581 708 897 759 litteraturam,
935 716 1052 758 quae
1085 704 1270 745 alterius
1301 703 1458 756 potius
1490 714 1629 755 quam
1658 703 1796 755 primi
1830 714 1867 743 a.
1899 701 2001 742 Chr.
2035 712 2075 741 n.

11 799 13 811 =
93 782 262 824 saeculi
293 783 374 834 est,
406 782 583 821 certum
606 779 798 820 videtur.
948 781 970 816 3
1011 776 1157 817 Unum
1189 776 1276 816 hoo
1301 786 1401 815 esse
1431 775 1746 815 testimonium
1777 775 1832 815 de
1864 775 2079 815 societate

96 855 402 895 mercatorum
424 855 503 905 qui
534 853 580 892 in
600 851 813 904 Bithynia
842 849 1059 901 negotiati
1088 848 1178 888 sint
1198 847 1415 888 observat
1436 846 1652 887 Homolle.
1793 848 1816 886 4
1849 845 2078 898 Supplevi.

10 966 12 978 Ξ
93 922 441 981 [καλοκά]γαθίας
473 923 697 975 Homolle3
731 921 810 962 sed
831 919 1041 962 versibus
1074 922 1095 958 3
1128 920 1174 959 et
1206 922 1228 959 5
1260 918 1437 958 collatis
1460 929 1549 958 non
1577 917 1680 970 plus
1702 929 1839 970 quam
1861 918 2081 970 quattuor

92 999 265 1039 litteras
296 996 579 1037 intercidisse
609 996 810 1048 apparet.

27 1252 28 1255 ,
203 1195 316 1250 345
371 1198 515 1247 Basis
542 1197 891 1263 quadrangula
915 1195 1096 1260 lapidis
1123 1195 1321 1244 calcarii
1345 1192 1658 1259 leucophaei,
1689 1196 1835 1241 eruta
1854 1191 2077 1257 Delphis,

27 1283 41 1294 ”
94 1287 172 1336 Ex
210 1286 299 1335 Th.
329 1284 566 1334 Homollii
603 1283 902 1349 apographo
942 1282 1020 1331 ed.
1061 1282 1114 1330 L.
1146 1281 1317 1331 Couve
1355 1281 1480 1329 Bull.
1518 1280 1580 1329 de
1614 1294 1742 1328 corr.
1772 1279 1896 1328 Hell.
1925 1278 2081 1327 XVIII

26 1375 38 1439 J¹
95 1371 135 1440 (4
152 1370 272 1436 894)
328 1387 378 1437 p.
428 1371 529 1421 254
589 1385 636 1419 n.
684 1371 765 1421 IV.
850 1369 1121 1435 (Repetivit
1176 1373 1226 1418 et
1282 1368 1531 1432 sagaciter
1586 1367 1947 1431 interpretatus
2006 1369 2083 1414 est

26 1460 38 1509 ,ζ
95 1459 157 1508 Η.
185 1459 421 1508 Pomtow
464 1457 755 1521 Philologus
793 1456 900 1504 LIV
943 1471 994 1521 p.
1035 1455 1138 1504 358
1161 1470 1270 1519 sqq.
1321 1451 1424 1503 587
1445 1468 1555 1519 sqq.
1629 1453 1670 1502 J.
1707 1452 1949 1502 Baunack
1996 1466 2077 1518 ap.

27 1530 39 1603 ³ss
92 1546 267 1596 Conitz
308 1544 392 1594 Gr.
434 1542 818 1593 Dialektinschr.
859 1543 903 1590 11
939 1558 989 1608 p.
1022 1542 1123 1590 880
1163 1556 1212 1591 n.
1243 1537 1420 1607 2738.)

241 1671 367 1732 Θεὸς
411 1672 568 1742 τύχαν
617 1668 873 1740 ἀγα[θάν.]
923 1661 1230 1740 ΙἌρχοντος
1269 1665 1576 1737 Κλεοδάμου
1626 1666 1746 1736 (τοῦ)
1796 1665 2031 1725 Κλέωνος
2048 1670 2079 1733 1,

242 1759 615 1830 βου[λευόντων]
645 1756 651 1829 Ι
679 1756 770 1810 τὰν
809 1757 1008 1827 πρώταν
1048 1753 1292 1825 ἑξάμηνον
1321 1752 1616 1825 Κλεάνδρου
1653 1757 1740 1807 τοῦ
1767 1752 2029 1824 [Τ]ίμωνος
2044 1755 2080 1822 2,

241 1843 616 1916 [Δαμοκράτεος
631 1845 667 1914 3]
726 1844 731 1915 l
791 1847 878 1896 τοῦ
944 1840 1208 1910 Τείσωνος,
1279 1841 1713 1912 γραμματεόοντος
1783 1839 1838 1893 δὲ
1896 1841 2081 1909 βουλᾶς

35 2039 39 2043 ,
212 1993 406 2034 Litterae
437 1991 643 2043 volgares
674 1991 854 2043 praeter
883 1990 978 2039 ΞΠς
1023 1992 1133 2029 ΘΟΩ
1166 1988 1344 2028 minore
1375 1998 1512 2039 quam
1552 1986 1753 2039 reliquae
1785 1986 1974 2027 modulo
2008 1997 2084 2027 ex-

97 2067 261 2108 aratae.
311 2065 482 2106 Versus
512 2063 690 2117 primus
722 2062 866 2103 multo
898 2060 1234 2102 diductioribus
1263 2059 1424 2100 litteris
1455 2059 1639 2100 incisuS.
1798 2062 1814 2099 4
1853 2059 2084 2099 Articulus

33 2143 44 2190 ζ
96 2137 334 2179 manifesto
366 2147 519 2177 errore
550 2136 762 2188 omissus,
804 2133 1173 2186 quandoquidem
1214 2133 1261 2173 in
1291 2132 1389 2173 aliis
1422 2131 1635 2172 omnibus
1673 2130 1936 2172 nominibus
1968 2143 2085 2183 quae

33 2203 45 2265 ξ
95 2211 170 2252 hic
200 2210 407 2262 genetivo
440 2219 550 2249 casu
579 2208 816 2260 ponuntur
847 2207 1109 2247 constanter
1136 2205 1331 2246 additur.
1384 2203 1444 2244 Cf.
1477 2204 1614 2245 etiam
1645 2204 1716 2244 Gr.
1738 2204 2083 2244 Dialektinschr.

33 2284 46 2319 ².
96 2284 133 2323 ΙΙ
167 2293 208 2335 p.
229 2285 302 2322 904
343 2293 385 2322 n.
409 2284 534 2333 2779,
559 2284 582 2321 5
619 2277 856 2337 [ἄ]ρχοντο;
888 2274 1145 2333 Κλεοδάμου
1177 2279 1251 2318 τοῦ
1288 2273 1292 2331 Ι
1328 2272 1545 2321 Κλέωνος.
1606 2276 1671 2316 De
1702 2278 1847 2317 aetate
1878 2276 1998 2317 tituli
2030 2275 2083 2316 cf.

97 2356 189 2396 not.
213 2358 251 2395 5.
276 2356 314 2394 7.
339 2356 376 2394 9.
401 2356 467 2393 40.
646 2355 670 2391 2
712 2348 984 2404 [Τε]ί(σ)ωνος
1013 2349 1224 2391 emendat
1255 2349 1463 2390 Pomtow
1495 2348 1610 2389 duos
1642 2359 1882 2400 germanos
1924 2348 2084 2389 fratres

33 2440 43 2470 κῃ
97 2430 195 2468 tum
229 2426 520 2466 buleutarum
552 2434 740 2464 munere
779 2422 959 2464 functos
990 2423 1207 2475 statuens,
1247 2422 1355 2474 quia
1385 2421 1601 2462 Cleander
1631 2421 1807 2462 Tisonis
1839 2421 1866 2462 f.
1898 2420 2086 2473 quidem

29 2511 38 2535 ·.
98 2498 280 2541 aliunde
309 2499 444 2538 notus
477 2497 535 2537 sit
565 2497 610 2536 et
639 2497 750 2537 natu
780 2496 926 2536 maior
957 2495 1084 2536 annis
1117 2497 1343 2535 479--468
1377 2505 1414 2534 a.
1439 2494 1538 2534 Chr.
1571 2494 1656 2546 (Gr.
1680 2493 2024 2534 Dialektinschr.
2048 2494 2086 2532 II

98 2581 142 2625 p.
166 2574 248 2611 2⁴2
282 2582 322 2611 n.
347 2571 472 2622 ⁴724,
507 2572 543 2610 5.
590 2579 634 2620 Ρ.
659 2571 740 2609 228
773 2579 814 2608 n.
838 2569 965 2620 4749,
997 2571 1035 2608 9.
1083 2578 1127 2620 p.
1152 2569 1234 2607 244
1267 2578 1309 2607 n.
1333 2569 1459 2619 4772,
1491 2569 1555 2606 44.
1602 2577 1645 2619 Ρ.
1678 2569 1758 2606 303
1792 2578 1834 2606 n.
1859 2569 1984 2618 4857,
2017 2568 2084 2606 40.

13 2671 15 2675 1
99 2654 143 2697 p.
175 2646 255 2682 352
295 2653 336 2683 n.
371 2644 496 2693 4933,
525 2640 593 2692 44)
639 2642 685 2681 et
722 2641 831 2681 natu
872 2640 1033 2692 minor,
1080 2640 1159 2693 qui
1196 2639 1271 2680 hic
1316 2638 1627 2691 agnoscendus
1667 2638 1726 2679 sit
1775 2638 1860 2690 (Gr.
1892 2638 2087 2678 Dialekt-

98 2715 265 2757 insohr.
298 2715 336 2754 11
365 2725 408 2766 p.
435 2716 515 2754 358
555 2724 597 2754 n.
622 2715 745 2766 4939,
769 2715 807 2753 2.
853 2723 896 2765 p.
924 2715 1002 2753 470
1046 2724 1087 2752 n.
1113 2715 1238 2764 2443,
1269 2710 1323 2764 2),
1362 2711 1563 2752 Timonis
1603 2710 1748 2751 filium
1788 2721 1897 2751 vero
1936 2721 2086 2763 neque

101 2787 372 2828 Cleandrum
402 2796 549 2838 neque
579 2784 786 2838 quolibet
817 2784 904 2826 alio
936 2786 1119 2826 nomine
1158 2784 1402 2825 exhibeant
1440 2783 1562 2824 tituli
1591 2783 1809 2836 Delphici.
1869 2782 1926 2823 At
1967 2783 2086 2823 eius-

35 2849 45 2908 ᾖ,
99 2859 226 2901 modi
256 2871 312 2900 ex
342 2858 520 2900 silentio
552 2858 825 2899 coniecturis
856 2869 946 2898 non
976 2858 1168 2898 nimium
1190 2856 1294 2898 fidei
1323 2855 1585 2897 habendum
1607 2866 1706 2897 esse
1727 2866 1783 2895 ex
1804 2855 1868 2896 eis
1898 2856 2087 2907 apparet

101 2943 218 2985 quae
249 2932 343 2972 not.
368 2934 389 2970 3
430 2931 726 2982 exponentur.
788 2928 935 2977 Quare
975 2929 1116 2970 malui
1154 2940 1260 2970 oum
1298 2928 1555 2970 Baunackio
1594 2927 1761 2968 tradita
1798 2937 2085 2968 conservare.

29 2992 39 3026 f
104 3007 126 3043 3
170 3003 408 3057 Supplevit
435 3002 648 3043 Baunack
679 3013 734 3043 ex
764 3002 1106 3044 Dialektinschr.
1136 3002 1175 3041 II
1205 3013 1248 3054 p.
1273 3004 1348 3042 904
1387 3013 1429 3041 n.
1454 3003 1578 3050 2779,
1605 3003 1648 3039 6:
1690 2996 1977 3054 βουλευόντων
2009 2996 2084 3040 τάν

4 3063 37 3139 {3¹
101 3076 271 3131 πρώταν
302 3072 544 3130 ἑξάμηνο[ν]
577 3070 583 3128 Ι
619 3068 881 3132 Κλεάνδρου,
919 3071 1233 3129 Δαμοκράτεος.
1294 3074 1503 3114 Pomtow
1532 3069 1797 3128 [Θευχάριος]
1827 3071 2088 3112 restituerat

0 3132 7 3151 Ἀ
103 3158 160 3188 ex
189 3147 322 3188 titulo
355 3147 426 3187 Gr.
449 3145 790 3187 Dialektinschr.
822 3147 860 3186 11
891 3157 933 3199 p.
958 3149 1039 3187 469
1073 3158 1114 3186 n.
1139 3149 1264 3198 2444,
1289 3148 1327 3185 3.
1352 3147 1417 3185 44·
1438 3145 1628 3196 aliisque
1659 3144 1738 3195 qui
1769 3143 1953 3184 nomina
1983 3139 2087 3185 Θευ-

0 3238 1 3262 l
101 3233 226 3277 χαρις
258 3221 303 3260 et
333 3214 580 3273 Κλέανδρος
609 3218 656 3259 in
686 3218 843 3259 eadem
874 3218 1015 3260 nobili
1045 3218 1215 3260 familia
1243 3218 1460 3270 Delphica
1490 3217 1628 3257 fuisse
1660 3216 1844 3267 docent;
1888 3215 1966 3256 sed
1997 3215 2088 3256 hoc

29 3299 45 3355 332-
104 3293 422 3344 argumentum
463 3290 595 3331 fallax
626 3301 724 3331 esse
763 3291 903 3332 altero
935 3291 1139 3332 eiusdem
1170 3290 1434 3331 semenstris
1474 3288 1606 3329 titulo
1637 3289 1818 3340 reperto
1860 3288 2085 3340 apparuit.

0 3359 8 3428 'j
103 3362 261 3416 Neque
292 3363 535 3404 Baunackii
565 3363 838 3416 coniectura,
877 3374 983 3404 cum
1014 3358 1262 3419 Κλεάνδρου
1301 3363 1377 3402 τοῦ
1408 3357 1630 3413 Τείσωνος,
1669 3355 1975 3416 Δαμακράτεος
2012 3361 2088 3400 τοῦ

4 3442 39 3495 ᾖ)
103 3432 300 3489 Τίμωνος
331 3434 622 3476 incidendum
652 3437 785 3488 esset,
825 3435 1045 3488 lapicidae
1076 3435 1209 3487 culpa
1239 3433 1556 3486 patronymica
1585 3433 1845 3484 permutata
1884 3442 1996 3484 esse,
2035 3432 2088 3471 ut

28 3503 36 3549 ’,ῑ
106 3509 175 3548 est
206 3518 355 3560 sagax,
387 3509 508 3548 certa
540 3507 742 3559 videtur3
774 3518 879 3548 nam
902 3508 968 3548 sic
994 3518 1176 3560 quoque
1205 3506 1318 3547 illud
1348 3505 1512 3557 manet,
1545 3504 1669 3556 quod
1695 3504 1900 3545 Pomtow
1932 3503 2087 3544 obser-

5 3626 8 3644 ·
30 3624 41 3638 Ἰ,
105 3579 244 3632 vavit,
276 3589 442 3620 nomen
462 3578 588 3632 quod
612 3579 681 3619 est
699 3575 844 3634 Τίμων
876 3579 984 3620 alibi
1005 3579 1126 3632 apud
1146 3578 1347 3631 Delphos
1368 3588 1459 3617 non
1481 3576 1687 3617 inveniri.
1740 3575 2087 3617 Concedendum

107 3651 246 3702 igitur
276 3653 358 3705 est,
389 3652 474 3693 hac
503 3652 549 3691 in
580 3662 629 3692 re
660 3651 855 3691 multum
886 3651 1038 3693 valere
1068 3662 1246 3692 merum
1277 3661 1448 3691 casum.
