2314 3970
101 213 199 266 383]
932 210 1182 252 Antiochus
1213 212 1244 251 Ι.
1978 213 2084 264 595

245 383 543 456 βασιΙλέω[ς]
577 379 829 454 Ἀντιόχου
871 380 1180 454 Ἐπιφανοῦς
1220 382 1585 454 ΦιλοΙμήτορος
1622 380 1965 436 Καλλινίκου4
2003 383 2084 436 ἐπὶ

242 470 663 540 καθωΙσιωμε-Ξνων
707 468 906 540 βάσεων
947 469 1152 528 ἀσύλοις
1181 467 1188 539 Ι
1216 467 1508 540 γράμμασιν
1546 467 1673 541 ἔργα
1710 467 1922 542 χάριτος
1953 470 2083 529 ἰδίας

159 570 211 610 10
242 558 312 616 εἰς
349 555 365 627 ΙΙ
399 558 581 628 χρόνον
622 556 901 626 ἀνέγραψεν
943 555 1162 608 αἰώνιον.
1208 554 1213 625 Ι

231 638 363 712 Ἐγὼ
401 640 599 695 πάντων
640 642 847 711 ἀγαθῶν
889 642 945 694 οὐ
987 642 1135 710 μόνον
1178 641 1183 710 Ι
1224 646 1397 711 κτῆσιν
1433 639 1784 713 βεβαιοτάτην,
1826 639 1958 695 ἀλλὰ
1997 642 2084 696 καὶ

241 727 532 799 ἀπόλαυΙσιν
587 727 795 798 ἡδίστην
857 727 1141 798 ἀνθρώποις
1194 728 1404 796 ἐνόμισα
1451 728 1539 798 τὴν
1594 728 1600 798 Ι
1653 729 1942 800 εὐσέβειαν,
1993 729 2083 800 τὴν

157 828 208 869 15
242 815 396 885 αὐτήν
434 834 488 867 τε
524 813 716 885 κρίσιν5
751 812 839 866 καὶ
875 811 891 883 ΙΙ
929 812 1187 883 δυνάμεως
1226 814 1466 884 εὐτυχοῦς
1504 813 1590 867 καὶ
1620 817 1854 886 χρήσεως
1883 814 1889 885 Ι
1919 837 2082 886 μακα-

241 906 409 971 ριστῆς
449 901 612 953 αἰτίαν
651 900 817 971 ἔσχον,
856 896 970 971 παρ’
1014 900 1144 970 ὅΙλον
1182 920 1236 952 τε
1274 898 1356 952 τὸν
1396 900 1501 971 βίον
1530 900 1714 972 ὤφθην
1750 902 1911 956 ἅπασι
1939 905 2085 974 βασι-

92 1147 205 1188 alter
234 1146 370 1188 modo
402 1147 448 1186 in
481 1146 653 1198 origine
682 1147 863 1199 nepotis
895 1145 1145 1187 definienda
1173 1147 1498 1188 nominaretur.
1550 1148 1622 1188 Sic
1652 1148 1789 1189 etiam
1820 1151 2082 1202 postremus

94 1220 229 1260 huius
262 1219 417 1271 stirpis
446 1218 696 1259 Antiochus
727 1218 1036 1271 Philopappus
1067 1218 1305 1259 Seleucum
1338 1221 1356 1259 I
1385 1218 1599 1260 Nicatora
1630 1220 1778 1261 solum
1820 1222 2001 1274 praeter
2033 1232 2081 1262 se

91 1293 135 1330 et
175 1302 312 1331 avum
344 1301 480 1332 suum
510 1291 556 1331 in
599 1293 896 1331 monumento
929 1291 1170 1343 sepulcrali
1209 1292 1402 1344 imagine
1431 1292 1863 1344 repraesentandum
1904 1295 2083 1335 curavit

92 1363 147 1414 (n.
173 1365 216 1403 4⁴
231 1363 301 1415 3)..
431 1365 453 1403 1.
493 1360 809 1415 Waddington,
843 1364 1013 1415 quippe
1035 1364 1113 1416 qui
1140 1367 1489 1404 monumentum
1511 1364 1756 1417 Ephesium
1779 1365 2000 1406 Antiocho
2022 1366 2081 1405 Ill

89 1434 352 1488 vindicaret,
399 1447 537 1476 avum
571 1435 855 1476 Antiochum
896 1436 1011 1489 XIII,
1050 1437 1129 1488 qui
1175 1436 1308 1487 volgo
1354 1436 1580 1477 Asiaticus
1618 1437 1936 1491 appellaretur,
1981 1449 2081 1479 esse

90 1507 176 1548 sibi
215 1508 453 1560 persuasit.
515 1507 660 1556 Quam
687 1508 968 1549 sententiam
1018 1507 1233 1549 refutavit
1273 1509 1595 1551 Mommsenus.
1655 1510 1831 1550 Etenim
1878 1512 2081 1563 primum

89 1579 273 1632 quidem
311 1580 602 1621 intervallum
641 1580 872 1632 sexaginta
910 1582 988 1621 aut
1020 1580 1131 1621 adeo
1171 1580 1374 1633 plurium
1412 1592 1636 1622 annorum
1674 1582 1792 1622 inter
1829 1583 1976 1623 soceri
2007 1594 2081 1635 ge-

2 1647 3 1692 }
88 1652 276 1704 narique
316 1653 485 1693 natales
531 1664 621 1694 non
659 1655 752 1693 tam
793 1653 1003 1704 exiguam
1046 1652 1357 1693 difficultatem
1404 1664 1516 1706 esse,
1564 1666 1701 1706 quam
1741 1654 2078 1707 Waddingtono

2 1727 3 1732 ’
87 1725 240 1765 visum
285 1727 417 1765 esset.
477 1725 647 1766 Deinde
690 1736 801 1766 vero
842 1721 1116 1783 Φιλοπάτορα
1162 1725 1380 1778 appellari
1418 1726 1693 1767 Antiochum
1735 1726 1987 1768 Asiaticum
2033 1728 2080 1768 in

88 1797 303 1850 nummis,
345 1808 450 1838 cum
481 1797 690 1838 Antiochi
722 1798 739 1837 I
771 1797 1098 1850 Commagenes
1128 1798 1246 1849 regis
1279 1809 1417 1839 avum
1449 1801 1708 1839 maternum
1739 1799 1901 1839 titulus
1932 1799 2079 1852 Ephe-

2 1856 4 1909 }
88 1869 183 1909 sius
215 1864 494 1926 Φιλομήτορα
524 1870 794 1910 nominaret.
854 1868 984 1917 Quod
1025 1880 1129 1910 cum
1165 1869 1522 1922 Waddingtonus
1564 1870 1747 1922 quidem
1790 1870 1846 1911 ad
1877 1882 2079 1911 errorem

2 1995 4 1998 Ι
86 1941 184 1981 eius
222 1941 302 1993 qui
350 1940 476 1981 illum
526 1941 710 1981 titulum
752 1942 1090 1994 composuisset
1132 1941 1297 1982 referre
1339 1943 1528 1982 conatus
1575 1943 1707 1994 esset,
1754 1943 2079 1996 Mommsenus,

2 2004 3 2021 ¹
86 2013 171 2053 etsi
211 2013 434 2054 nihildum
465 2015 647 2066 praeter
677 2015 1026 2055 monumentum
1058 2013 1305 2066 Ephesium
1338 2015 1376 2054 ei
1416 2015 1600 2067 praesto
1635 2016 1744 2067 erat,
1781 2015 1826 2055 id
1870 2016 2077 2056 omnium

2 2089 4 2118 ῑ
86 2085 282 2126 maxime
312 2085 613 2138 improbabile
644 2086 885 2138 iudicavit3
919 2097 1057 2139 quam
1088 2087 1210 2127 recte
1242 2087 1584 2140 existimaverit,
1624 2098 1746 2128 nunc
1776 2098 1881 2128 cum
1913 2098 2080 2128 novem
2111 2127 2119 2137 ,

2 2149 4 2165 ²
87 2156 208 2197 tituli
237 2157 284 2198 in
314 2158 415 2210 ipsa
444 2158 591 2210 patria
612 2157 912 2210 Commagene
934 2159 1063 2199 incisi
1097 2159 1151 2210 (n.
1176 2162 1271 2212 383,
1289 2162 1324 2199 6.
1344 2162 1383 2200 7.
1417 2162 1564 2212 392,8.
1601 2162 1695 2213 394,
1710 2163 1746 2201 8.
1767 2163 1806 2201 9.
1840 2163 1937 2213 395,
1951 2163 1989 2200 9.
2010 2163 2077 2202 40.

2 2274 4 2286 Ι
88 2232 183 2281 396,
209 2232 247 2270 8.
289 2232 475 2282 397‚4o.
518 2233 613 2283 400,
637 2234 675 2271 9.
702 2234 766 2271 ιο.
807 2232 904 2283 402,
929 2234 967 2271 6.
1013 2233 1108 2283 404,
1134 2231 1172 2282 6)
1215 2232 1476 2272 constanter
1513 2242 1772 2283 cognomen
1813 2227 2079 2287 Φιλομήτωρ

91 2300 347 2354 exhibeant,
389 2302 434 2341 in
463 2303 705 2355 propatulo
748 2304 830 2343 est.
890 2301 1048 2355 Neque
1085 2303 1236 2343 minus
1275 2304 1451 2343 certum
1490 2305 1571 2356 est,
1614 2304 1737 2356 quod
1767 2305 2079 2346 Mommsenus

3 2359 5 2399 ἶ
85 2373 264 2426 primus
294 2374 540 2427 perspexit,
573 2376 617 2415 et
647 2376 909 2427 temporum
940 2375 1142 2416 rationes
1173 2377 1217 2415 et
1247 2375 1347 2427 ipsa
1377 2376 1648 2427 cognomina
1679 2376 1952 2417 Antiochum
1980 2377 2078 2416 VIII

3 2445 5 2488 J
89 2445 295 2498 Grypum
327 2447 539 2497 (425—96
562 2458 599 2487 a.
623 2446 724 2487 Chr.
747 2447 803 2498 n.)
836 2448 1103 2488 monstrare.
1156 2447 1272 2487 Nam
1304 2458 1410 2488 eum
1432 2442 1860 2505 ΠοιῃοῐιἜπιφανής
1891 2449 2078 2501 quidem

2 2503 5 2562 ἶ
87 2528 241 2569 gerere
270 2518 318 2558 in
348 2518 548 2559 nummis
571 2518 751 2570 (Eckhel
773 2520 822 2560 D.
845 2518 897 2560 N.
916 2519 1014 2559 VIII
1045 2531 1089 2572 p.
1113 2520 1224 2572 239),
1257 2516 1519 2574 Φιλομήτωρ
1551 2531 1674 2574 vero,
1707 2520 1945 2562 manifesto
1966 2521 2079 2562 illud

89 2589 273 2642 quidem
305 2591 550 2643 repetitum
582 2590 638 2631 ab
675 2602 761 2632 avo
797 2594 1000 2632 materno
1032 2592 1288 2632 Ptolemaeo
1309 2591 1368 2632 VI
1399 2592 1703 2633 Philometore
1732 2592 1927 2647 Aegypti
1959 2604 2076 2647 rege,

3 2666 6 2682 ⁹
34 2712 36 2714 v
88 2662 207 2714 apud
230 2662 479 2703 Eusebium
500 2663 518 2702 I
548 2673 592 2715 p.
615 2666 712 2716 260,
738 2668 774 2704 4.
794 2667 817 2702 2
842 2664 1063 2704 Schoene:
1107 2661 1304 2705 ἐκαλεῖτο
1337 2661 1383 2705 δὲ
1412 2662 1486 2706 ’καὶ
1507 2660 1673 2720 Γρυπὸς
1703 2663 1775 2706 καὶ
1798 2661 2076 2722 Φιλομήτωρ.

85 2734 228 2774 Unum
261 2729 519 2780 Καλλίνικος
549 2735 754 2776 nondum
786 2737 1114 2789 comparuisse.
1173 2737 1259 2778 Sed
1290 2737 1405 2779 hanc
1426 2748 1613 2790 quoque
1635 2738 1846 2779 lacunam
1878 2739 2078 2791 explevit

4 2815 6 2869 J
83 2806 189 2847 felix
227 2817 360 2847 casus
405 2807 600 2848 inventis
640 2808 820 2850 duobus
859 2810 1004 2850 titulis
1043 2810 1123 2862 qui
1172 2811 1399 2862 integrum
1436 2821 1602 2851 nomen
1651 2808 1828 2865 βασιλέα
1864 2805 2074 2868 Ἀντίοχον

4 2883 6 2908 ³
33 2903 36 2923 2
78 2871 297 2934 Ἐπιφανῆ
321 2875 603 2935 Φιλομήτορα
623 2875 881 2922 Καλλίνικον
913 2881 1155 2922 exhibeant
1178 2882 1232 2934 (n.
1257 2885 1354 2935 258,
1379 2886 1415 2922 4.
1442 2886 1480 2923 2.
1516 2885 1612 2935 259,
1637 2886 1675 2923 4.
1700 2883 1752 2936 2),
1786 2893 1891 2923 cum
1914 2894 2074 2935 paren-

83 2952 183 2991 tum
222 2951 439 2991 Demetrii
485 2952 534 3003 (II
572 2951 810 3005 Nicatoris)
858 2955 902 2994 et
947 2954 1210 3006 Cleopatrae
1255 2955 1424 2996 mentio
1472 2965 1553 2996 eos
1600 2955 1854 2996 certissima
1900 2956 2074 2996 ratione

4 3015 7 3036 ²
83 3023 304 3063 Antiocho
339 3023 492 3075 Grypo
526 3024 767 3066 vindicent.
916 3030 939 3066 5
972 3025 1122 3067 Verba
1149 3024 1228 3081 τὴν
1260 3024 1392 3082 αὐτὴν
1422 3024 1557 3082 κρίσιν
1601 3027 1840 3068 manifesto
1879 3027 1935 3067 ad
1975 3038 2074 3068 sen-

84 3095 285 3148 tentiam,
328 3106 464 3147 quam
503 3096 548 3136 in
586 3098 818 3138 enuntiato
858 3098 1065 3150 proxime
1107 3099 1341 3151 superiore
1382 3109 1431 3139 se
1469 3098 1525 3139 de
1563 3099 1743 3151 pietatis
1784 3098 1999 3151 dignitate
2030 3101 2075 3140 et

33 3166 34 3182 ³
83 3167 278 3208 utilitate
308 3167 522 3208 habuisse
553 3168 804 3222 profitetur,
837 3169 1069 3211 referenda
1101 3173 1220 3211 sunt.
1273 3171 1395 3212 Hanc
1425 3171 1513 3212 sibi
1545 3171 1683 3212 fuisse
1703 3182 1890 3212 causam
1924 3168 2072 3223 (αἰτίαν

6 3228 7 3234 “
33 3291 35 3294 Ι
85 3235 225 3296 ἔσχον)
257 3238 488 3291 praedicat
527 3250 634 3280 cum
666 3252 805 3294 opum
839 3253 890 3283 ac
922 3243 1164 3296 potentiae,
1203 3245 1302 3283 tum
1333 3242 1442 3283 boni
1473 3242 1704 3295 felicisque
1734 3243 1898 3283 harum
1931 3253 2072 3296 opum

83 3321 209 3352 usus.
260 3312 372 3352 Sane
403 3312 555 3363 negari
585 3323 675 3353 non
705 3313 821 3367 licet,
854 3315 899 3354 in
921 3315 1005 3355 hac
1028 3315 1248 3356 enuntiati
1270 3315 1641 3367 interpretatione
1672 3313 1750 3369 τὴν
1782 3312 1914 3371 αὐτὴν
1935 3313 2072 3370 κρίσιν

85 3394 174 3423 non
204 3385 415 3424 accurate
446 3383 547 3436 dici,
579 3384 659 3425 sed
690 3388 942 3438 exspectari
981 3388 1137 3439 potius
1167 3385 1324 3441 ταύτην
1362 3386 1438 3442 τὴν
1470 3384 1616 3441 κρίσιν.
1677 3387 1834 3439 Neque
1873 3388 1993 3428 enim
2024 3388 2071 3428 in

7 3483 10 3502 ,
84 3455 397 3508 superioribus
438 3456 529 3496 iam
571 3456 693 3497 aliud
730 3459 841 3510 quid
880 3459 1192 3511 praedicatum
1233 3461 1329 3499 erat
1367 3459 1422 3499 de
1459 3459 1534 3500 illo
1575 3459 1756 3512 iudiclo‚
1799 3459 1878 3500 sed
1917 3460 2070 3513 ipsum

86 3527 221 3568 modo
270 3527 584 3580 significatum.
645 3528 811 3570 Tamen
857 3531 984 3571 aliter
1028 3531 1225 3582 intellegi
1271 3530 1412 3571 verba
1457 3533 1706 3583 nequeunt;
1758 3543 1864 3572 nam
1910 3533 1948 3573 si
1991 3531 2069 3587 τὴν

86 3596 214 3654 αὐτήν
247 3600 304 3640 ad
334 3597 550 3654 εὐσέβειαν
592 3601 744 3653 potius
776 3601 1062 3655 referremus,
1102 3604 1190 3643 hoc
1222 3602 1406 3654 quidem
1450 3603 1793 3644 incommodum
1824 3604 2069 3658 vitaretur;

85 3670 164 3711 sed
194 3671 304 3724 quid
336 3673 433 3711 tum
464 3671 540 3712 fiet
570 3673 755 3714 nomine
785 3672 954 3732 κρίσιν’.)

1641 3759 1722 3802 38*
