2314 3970
218 203 322 256 376
862 202 930 242 lV.
976 202 1179 254 Regnum
1211 201 1559 243 Seleucidarum.
2035 200 2190 253 [229.-

360 377 451 446 κὴν
491 379 575 427 τοῦ
627 371 829 443 χωρίου,
880 370 1127 424 Μενεκλεῖ
1170 391 1223 424 τε
1261 370 1347 424 καὶ
1394 373 1496 431 τοῖς
1543 370 1619 424 ὑπ’
1657 372 1804 426 αὐτὸν
1851 372 2193 441 τασσομένοις,

360 464 447 531 τήν
487 480 538 511 τε
576 457 867 527 πολιτεία[ν]
910 456 915 527 Ι
956 457 1042 510 καὶ
1088 457 1249 510 τᾶλλα
1296 458 1634 528 φιλάνθρωπα
1673 459 1705 511 ἃ
1749 458 1834 512 καὶ
1879 459 1981 517 τοῖς
2021 456 2193 516 ἄλλοις

361 548 461 605 τοῖς
517 546 662 615 ἐκγ62
708 542 1005 614 Μαγνησίας
1055 545 1346 614 ἐψήφισται,
1403 541 1524 612 κ[αὶ]
1571 549 1847 614 προνοῆσαι
1893 542 1975 597 τὸν
2035 545 2192 613 δῆμον

360 635 493 691 ὅπως
543 632 708 689 αὐτοῖς
758 632 966 683 διδῶται
1019 632 1074 683 ἐκ
1126 631 1388 700 βασιλικοῦ
1446 628 1508 682 τά
1554 651 1607 683 τε
1655 633 1946 701 μετρήματα
1995 629 2081 682 καὶ
2130 625 2192 681 τὰ

361 719 554 790 ὀψώνια
595 716 600 787 Ι
641 716 803 770 τᾶλλα
838 719 934 770 ὅσα
973 716 1146 768 εἰώθει
1173 716 1230 768 ἐκ
1261 718 1523 787 βασιλικοῦ
1552 716 1785 770 δίδοσθαι
1811 717 2005 776 αὐτοῖς.
2045 714 2099 768 τὸ
2140 715 2195 767 δὲ

360 806 596 875 ψήφισμα
632 804 747 856 τόδε
786 800 1114 874 ἀν[αγ]ράψαι
1162 804 1234 861 εἰς
1273 798 1363 861 τὰς
1404 802 1589 871 στήλας
1626 799 1719 862 τὰς
1758 801 2196 871 ἀνατεθησομένας

361 892 412 943 ἐν
451 890 553 949 τοῖς
595 890 744 960 ἱεροῖς
784 889 877 942 ὑπό
914 909 967 941 τε
1005 892 1091 941 τοῦ
1130 890 1293 959 δήμου
1331 886 1417 940 καὶ
1456 887 1566 957 [ὑπὸ
1601 889 1719 958 τῶν]
1759 887 1765 958 Ι
1806 890 1949 960 ἐκγ62
1988 886 2198 958 Μαγνη-

362 975 493 1035 σίας·
537 973 924 1047 ἀναγεγράφθαι
963 974 1017 1027 δὲ
1058 973 1176 1027 αὐτὸ
1216 974 1303 1027 καὶ
1342 976 1392 1028 ἐν
1431 975 1533 1033 τοῖς
1573 974 1847 1044 δημοσίοις.

334 1139 385 1176 62
427 1135 672 1187 Utrobique
707 1136 895 1178 ΕΚΓΜΑ
925 1134 1158 1187 Chandler,
1193 1136 1340 1176 ΕΓΜΑ
1367 1131 1421 1176 Α.
1456 1136 1603 1176 ΕΚΜΑ
1634 1133 1813 1186 reliqui.
1865 1133 1943 1174 Illa
1973 1132 2199 1185 scriptura

216 1219 319 1250 rara
356 1207 542 1260 quidem
583 1207 662 1248 sed
701 1219 792 1248 non
829 1206 1044 1248 inaudita.
1107 1206 1167 1247 Cf.
1210 1207 1344 1248 Troia
1378 1206 1473 1247 und
1502 1206 1618 1247 Ilion
1654 1217 1698 1260 p.
1725 1207 1805 1246 454
1847 1217 1888 1245 n.
1909 1204 2004 1256 XV,
2029 1206 2081 1244 42
2123 1202 2199 1259 ἐκγ

215 1277 476 1336 Λαμψάκου.
519 1277 647 1331 Syll.2
667 1281 804 1331 77‚47
839 1276 914 1333 ἐκγ
935 1273 1218 1335 Μακεδονίης.
1266 1281 1428 1331 276,43
1453 1274 1700 1333 ἐκγδημίαν.
1739 1278 1903 1330 540,74
1937 1273 2199 1332 ἐκγδίδομεν.

325 1534 438 1590 230
488 1539 641 1605 Lapis
681 1539 1060 1604 quadrangulus
1099 1553 1164 1587 ex
1208 1538 1476 1588 ruderibus
1513 1538 1889 1604 Pompeiopolis
1928 1533 2200 1603 (Selorum)

215 1626 492 1675 translatus
530 1625 582 1673 in
621 1625 867 1691 oppidum
900 1621 1158 1690 Mer-sina,
1198 1625 1335 1674 unde
1374 1625 1593 1674 emtione
1618 1623 1843 1673 Athenas
1879 1622 2114 1689 pervenit
2149 1623 2202 1671 in

216 1727 452 1762 museum
498 1711 702 1762 scholae
748 1711 1166 1776 Francogallicae.
1232 1711 1358 1761 Edd.
1401 1711 1455 1760 Gr.
1486 1711 1651 1760 Radet
1697 1715 1747 1760 et
1793 1711 1849 1760 P.
1877 1710 2023 1759 Paris
2071 1709 2199 1759 Bull.

218 1799 282 1848 de
321 1813 451 1848 corr.
492 1798 617 1847 Hell.
658 1798 770 1847 XIV
815 1797 854 1863 (l
870 1795 990 1861 890)
1040 1814 1090 1864 p.
1122 1795 1225 1847 587
1278 1795 1354 1866 (R.
1384 1797 1564 1847 Michel
1611 1797 1817 1846 Recueil
1865 1792 2065 1846 d'inscr.
2115 1795 2198 1845 Gr.

216 1900 268 1951 p.
299 1885 401 1933 858
453 1899 502 1935 n.
535 1881 709 1951 ⁴229).
787 1883 857 1934 Cf.
910 1899 1039 1950 quae
1089 1884 1465 1934 adnotaverunt
1511 1884 1568 1934 U.
1605 1883 1836 1933 Wilcken
1887 1896 1970 1948 ap.
2016 1883 2203 1947 Pauly-

216 1971 471 2021 Wissowa
516 1970 836 2036 Realencykl.
873 1971 909 2036 Ι,
953 1971 982 2021 2
1034 1987 1084 2037 p.
1125 1970 1255 2019 2464
1312 1975 1362 2020 et
1408 1969 1464 2020 G.
1493 1969 1657 2020 Radet
1701 1970 1876 2019 Revue
1920 1969 1982 2018 de
2026 1968 2199 2035 philol.

217 2056 352 2105 XVII
391 2056 429 2123 (⁴
447 2053 567 2123 893)
605 2072 655 2122 p.
688 2057 744 2106 6⁴
776 2072 885 2123 sqq.

363 2195 678 2266 Πτολεμαῖος
706 2195 911 2268 Θρασέα
924 2199 957 2264 1,
985 2195 992 2269 Ι
1027 2195 1299 2268 στραταγὸς
1323 2195 1410 2250 καὶ
1437 2194 1732 2268 οἰρχιερεὺς2
1761 2196 1766 2267 Ι
1796 2195 1982 2267 Συρίας
2008 2194 2202 2256 Κοίλας
2279 2221 2283 2229 ’

333 2358 526 2399 Litterae
568 2357 775 2410 volgares
815 2358 995 2409 praeter
1031 2357 1119 2397 οΣ.
1181 2356 1257 2397 VS.
1290 2358 1312 2397 4
1346 2357 1391 2397 et
1428 2357 1537 2409 post
1570 2357 1727 2398 ΕΡΜΑΙ
1762 2358 1807 2396 et
1837 2357 1943 2408 post
1974 2357 2199 2398 ΗΡΑΚΛΕΙ
2271 2339 2274 2341 ’

218 2429 430 2471 binarum
451 2429 706 2470 litterarum
728 2429 875 2481 spatia
895 2439 1042 2470 vacua
1062 2428 1231 2469 relicta.
1370 2431 1386 2468 4
1434 2427 1495 2469 Cf.
1522 2427 1681 2480 Polyb.
1704 2427 1756 2481 V,
1780 2430 1848 2481 65,
1873 2430 1895 2467 3
1929 2424 1951 2468 ὁ
1982 2420 2012 2467 δ’
2037 2421 2204 2485 Ἀχαιὸς

220 2497 402 2551 Φοξίδας
431 2498 504 2542 καὶ
533 2497 801 2556 Πτολεμαῖος
834 2497 856 2542 ὁ
889 2496 1093 2558 Θρασέου,
1125 2497 1198 2541 σὺν
1231 2498 1279 2541 δὲ
1307 2498 1474 2547 τούτοις
1502 2493 1788 2558 Ἀνδρόμαχος
1816 2494 2070 2553 Ἀσπένδιος,
2108 2511 2204 2541 συν·
2270 2535 2271 2538 ,

219 2570 452 2628 εγύμναζον
485 2570 562 2629 μὲν
594 2570 663 2613 ἐπὶ
691 2569 820 2613 ταύτὸ
849 2571 927 2629 τὴν
959 2569 1158 2629 φάλαγγα
1185 2570 1258 2613 καὶ
1285 2569 1385 2618 τοὺς
1418 2569 1707 2630 μισθοφόρους
1727 2567 1952 2627 (Έλληνας
1987 2571 2046 2624 (in
2076 2582 2204 2613 exer·

221 2645 316 2684 citu
345 2645 592 2686 Ptolemaei
612 2644 670 2685 IV
693 2644 999 2698 Philopatoris
1027 2656 1144 2685 anno
1169 2647 1250 2686 219
1273 2655 1311 2686 a.
1333 2643 1449 2697 Chr.)
1480 2640 1662 2700 ἡγοῦντο
1695 2642 1742 2685 δὲ
1770 2647 1846 2699 τῆς
1878 2641 1954 2698 μὲν
1987 2641 2203 2701 φάλαγγος
2264 2669 2274 2705 g
2302 2626 2314 2664 s

218 2710 502 2773 Ἀνδρόμαχος
532 2714 604 2757 καὶ
634 2712 915 2772 Πτολεμαῖος,
947 2721 1031 2756 τῶν
1064 2714 1111 2757 δὲ
1141 2713 1415 2773 μισθοφόρων
1447 2712 1644 2764 Φοξίδας.
1703 2716 1947 2757 Ethnicum
1977 2726 2203 2769 nusquam
2266 2712 2273 2764 ᾗ

221 2787 418 2840 additur,
456 2787 537 2828 sed
567 2799 674 2828 cum
705 2788 911 2841 plerique
941 2788 1081 2829 duces
1112 2788 1398 2830 exercituum
1427 2787 1504 2828 illa
1544 2789 1690 2829 aetate
1721 2788 1878 2829 Graeci
1908 2789 2078 2840 origine
2108 2787 2203 2829 fue·
2271 2843 2273 2846 Ι

221 2859 324 2913 rint,
354 2860 477 2901 haud
507 2859 703 2901 absurde
734 2871 790 2901 ex
819 2861 956 2901 huius
986 2861 1107 2901 tituli
1145 2871 1354 2902 sermone
1383 2860 1694 2902 Ptolemaeum
1733 2871 1789 2901 ex
1830 2861 2013 2902 civitate
2050 2861 2202 2902 nescio

220 2943 312 2984 qua
339 2932 504 2973 Dorica
537 2932 782 2973 oriundum
812 2931 951 2973 fuisse
982 2933 1244 2974 conieceris.
1297 2932 1427 2973 Certe
1457 2944 1546 2974 non
1577 2935 1700 2974 recte
1729 2932 1928 2974 editores
1959 2933 2204 2974 dialectum

220 3003 341 3044 tituli
380 3015 434 3044 eo
473 3003 673 3045 referunt
701 3003 828 3056 quod
866 3004 1072 3045 Solenses
1102 3004 1384 3046 Rhodiorum
1423 3005 1612 3046 colonos
1641 3005 1830 3046 Doricae
1869 3006 2025 3058 stirpis
2064 3004 2203 3046 fuisse

221 3076 398 3116 constet
435 3075 606 3128 (Polyb.
632 3076 748 3128 XXI,
779 3077 847 3128 24,
877 3075 968 3127 40);
1009 3086 1155 3128 neque
1194 3076 1314 3116 enim
1354 3077 1550 3118 civitatis
1587 3077 1700 3119 haec
1737 3077 1960 3118 dedicatio
2003 3078 2084 3131 est,
2124 3077 2204 3118 sed

221 3147 478 3188 Ptolemaei.
540 3147 684 3196 Quem
726 3147 851 3200 quod
889 3147 964 3188 hic
993 3147 1202 3188 Antiochi
1242 3150 1501 3201 praetorem
1533 3149 1807 3203 videremus,
1846 3160 1951 3190 cum
1990 3151 2122 3191 antea
2158 3149 2203 3189 in
2262 3150 2266 3203 J
2296 3127 2300 3206 Ι

222 3220 467 3260 Ptolemaei
499 3219 748 3261 adversarii
786 3220 988 3261 exercitu
1018 3219 1190 3273 fuisset,
1231 3220 1278 3261 id
1308 3221 1504 3263 editores
1534 3223 1658 3262 recte
1695 3221 1750 3262 de
1780 3220 2030 3262 defectione
2066 3221 2203 3262 inter·
2256 3220 2267 3279 ,ξ
2295 3241 2298 3271 Ι

221 3291 390 3344 pretati
418 3293 536 3332 sunt.
587 3291 763 3333 Etenim
795 3303 911 3333 anno
944 3294 1026 3332 248
1049 3303 1085 3333 a.
1109 3291 1209 3332 Chr.
1232 3304 1274 3332 n.
1308 3303 1414 3333 cum
1435 3292 1684 3334 Antiochus
1706 3303 1868 3345 magno
1897 3303 2087 3334 numero
2121 3303 2203 3345 op·
2249 3296 2269 3305 ·’
2294 3298 2297 3347 j

221 3362 436 3414 pidorum
466 3373 548 3415 per
579 3363 744 3404 Coelen
775 3364 951 3416 Syriam
982 3363 1155 3417 potitus
1196 3366 1326 3417 esset,
1367 3365 1611 3407 nonnullos
1649 3376 1704 3406 ex
1742 3364 1934 3406 ducibus
1975 3364 2202 3405 exercitus
2250 3357 2295 3419 ²⁷!

222 3433 466 3476 Ptolemaei
498 3434 555 3476 ad
585 3435 713 3476 illum
744 3436 977 3477 transiisse
999 3438 1150 3477 narrat
1170 3435 1325 3489 Polyb.
1347 3436 1398 3489 V,
1425 3440 1491 3490 70,
1517 3440 1566 3478 40
1587 3447 1706 3490 sqq.:
1737 3434 1848 3478 κατὰ
1878 3434 1925 3477 δὲ
1953 3433 2024 3477 τὸν
2056 3435 2201 3492 καιρὸν
2258 3492 2261 3494 q

220 3508 368 3547 τοῦτον
400 3501 589 3563 Κεραίας
619 3507 800 3559 (rectius
831 3509 877 3549 ni
906 3508 1035 3550 fallor
1064 3503 1281 3566 Καιρέας),
1313 3505 1375 3554 εἷς
1405 3513 1488 3550 τῶν
1519 3506 1602 3550 ὑπὸ
1632 3505 1902 3564 Πτολεμαῖον
1932 3505 2199 3563 ταττομένων

223 3573 440 3636 ὑπάρχων,
471 3576 636 3635 ἀπέστη
668 3577 771 3635 πρὸς
802 3578 952 3622 αὐτόν·
993 3571 1027 3638 ᾧ
1053 3578 1324 3638 χρησάμενος
1356 3579 1691 3639 μεγαλοπρεπῶς
1730 3577 1917 3626 πολλοὺς
1949 3578 2200 3635 ἐμετεώρισε
2290 3625 2291 3639 Ι

221 3653 305 3690 τῶν
337 3649 452 3704 παρὰ
480 3654 571 3697 τοῖς
603 3649 803 3699 ἐναντίοις
833 3650 1075 3710 ἡγεμόνων·
1125 3646 1377 3710 Ἱππόλοχος
1417 3655 1517 3709 γοῦν
1558 3650 1579 3694 ὁ
1611 3649 1821 3698 Θετταλὸς
1862 3648 1911 3693 οὐ
1953 3651 2059 3707 μετὰ
2088 3649 2198 3694 πολὺ

2301 206 2314 267 ί
