2314 3970
240 174 258 220 1
280 171 346 221 18
917 168 968 208 ΙΙ.
1013 167 1213 218 Regnum
1246 167 1525 218 Legidarum.
2081 166 2210 218 [66—

346 340 421 396 66
471 343 675 409 Delphis
732 343 797 390 ed
843 341 1140 390 thesaurum
1189 339 1494 390 Cnidiorum.
1581 341 1705 390 Edd.
1756 339 1846 389 Th.
1886 340 2114 390 Homolle
2162 344 2212 390 et

237 432 494 495 Bourguet
519 431 642 479 Bull.
673 429 734 478 de
761 442 890 478 corr.
920 427 1042 476 Hell.
1071 426 1161 474 XX
1189 423 1365 492 (4896)
1390 442 1440 492 p.
1460 426 1559 475 584
1603 427 1911 492 (J.Bauneok
1938 442 2019 493 ap.
2043 427 2211 477 Collitz

240 517 320 568 Gr.
351 514 731 567 Dialektinsehr.
762 515 805 563 II
829 529 878 580 p.
897 514 999 562 889
1027 528 1075 562 n.
1096 510 1269 579 275⁴).
1325 512 1396 563 Cf.
1427 527 1557 578 quae
1583 514 1845 564 adnotavit
1869 513 1923 562 P.
1953 513 2213 565 Perdrizet

238 604 359 655 Bull.
391 605 452 653 de
478 616 605 652 corr.
636 601 759 650 Hell.
789 600 946 649 XXIII
973 596 1150 666 (1899)
1187 615 1238 667 p.
1269 599 1388 648 35⁴.

387 749 555 820 Θ[εο]ί.
611 749 619 815 Ι
679 748 902 820 [Δ]ελφοὶ
958 748 1153 801 ἔδωκαν
1211 745 1543 819 ΣωστρΙάτωι
1598 748 1916 820 Δεξιφάνεος]
1972 747 2215 804 Κνιδίωι1

351 962 543 1002 Litterae
573 960 779 1012 volgares
809 960 986 1001 Ionicae
1006 961 1185 1012 praeter
1215 959 1309 1011 ΞΣ,
1343 970 1432 1000 non
1463 959 1709 1014 dispositae
1741 958 1977 1018 στοιχηδόν.
2096 966 2113 1002 4
2154 963 2215 1005 Cf.

236 1045 278 1075 n.
305 1036 370 1086 67,
394 1037 430 1074 6.
455 1038 523 1074 Μ.
559 1036 625 1086 68,
649 1035 687 1073 2.
739 1031 898 1073 Strabo
921 1031 1052 1084 XVII,
1076 1035 1114 1084 4,
1139 1034 1160 1070 6
1193 1042 1236 1084 p.
1256 1034 1327 1072 79⁴
1360 1031 1455 1072 Cas.
1490 1029 1575 1073 ἔστι
1607 1029 1652 1073 δὲ
1682 1030 1756 1074 καὶ
1786 1031 1885 1075 αὐτὸ
1914 1032 1960 1073 τὸ
1991 1037 2069 1090 τῆς
2098 1038 2217 1090 νησῖ-

236 1103 309 1151 δος
330 1104 488 1156 (Phari)
521 1100 652 1159 ἄκρον
684 1101 817 1159 πέτρα
849 1100 1136 1157 περίκλυστος,
1170 1101 1326 1161 ἔχουσα
1356 1101 1510 1159 πύργον
1542 1099 1799 1157 θαυμαστῶς
1828 1105 2217 1160 κατεσκευασμένον

235 1174 390 1219 λευκοῦ
414 1173 536 1218 λίθου
553 1174 834 1234 πολυόροφον,
860 1173 1087 1229 ὁμώνυμον
1111 1174 1163 1232 τῇ
1185 1173 1315 1229 νήσῳ.
1341 1177 1490 1217 τοῦτον
1508 1169 1542 1216 δ’
1555 1173 1740 1230 ἀνέθηκε
1761 1172 2008 1232 Σώστρατος
2029 1173 2217 1232 Κνίδιος,

239 1246 360 1305 φίλος
385 1253 470 1290 τῶν
502 1246 724 1302 βασιλέων,
754 1251 831 1302 τῆς
853 1252 936 1287 τῶν
959 1244 1263 1300 πλωϊζομένων
1287 1245 1495 1302 σωτηρίας
1524 1247 1662 1306 χάριν,
1696 1247 1753 1294 ὥς
1775 1263 1902 1305 φησιν
1933 1247 1962 1305 ἡ
1987 1249 2216 1308 ἐπιγραφή.

236 1321 344 1362 Plin.
367 1320 419 1362 N.
443 1321 545 1362 hist.
569 1320 767 1372 XXXVI,
792 1323 864 1360 83:
911 1316 1242 1373 maqnificatwr
1271 1322 1309 1361 et
1335 1317 1433 1362 alia
1462 1318 1607 1362 turris
1635 1333 1666 1362 a
1694 1333 1794 1375 φερε
1822 1319 1946 1375 facta
1974 1320 2030 1364 in
2059 1321 2217 1366 insula

233 1390 388 1434 Phasro
405 1395 591 1447 portum
613 1389 838 1447 optinente
857 1389 1171 1442 Alexandriae,
1190 1404 1329 1446 quam
1353 1389 1603 1434 constitisse
1625 1389 1796 1435 DOOO
1818 1391 1998 1436 talentis
2019 1394 2217 1449 tradzmt,

234 1477 403 1519 ‘mayno
424 1462 595 1516 animo,
611 1476 669 1506 nc
684 1461 795 1518 quid
814 1462 1090 1516 omittamus,
1103 1461 1351 1507 Ptolemaei
1364 1462 1497 1519 reqis,
1514 1477 1600 1519 quo
1614 1463 1670 1506 in
1684 1477 1738 1507 ea
1750 1464 2015 1520 permiserit
2025 1464 2222 1510 Sostrati

243 1533 405 1578 (hvidii
441 1533 676 1578 architecti
713 1537 943 1578 structura
976 1533 1082 1590 ipsa
1114 1547 1281 1578 nomen
1314 1533 1522 1578 inscribi.
1591 1538 1740 1589 Steph.
1771 1538 1875 1590 Byz.
1906 1549 1940 1580 s.
1973 1550 2015 1580 v.
2055 1535 2218 1598 Φάρος·

237 1605 321 1649 ἔστι
352 1606 425 1648 καὶ
445 1612 574 1662 νῆσος
603 1605 631 1663 ἡ
654 1608 760 1663 πρὸς
779 1607 831 1666 τῇ
853 1602 1150 1664 Ἀλεξανδρείᾳ,
1184 1605 1248 1664 ἐφ’
1279 1605 1332 1663 ἧς
1359 1606 1381 1648 ὁ
1404 1604 1654 1665 Σωστράτου
1679 1611 1753 1649 τοῦ
1778 1604 2033 1664 Δεξιφάνους
2064 1609 2220 1669 πύργος

238 1678 476 1737 ὁμωνύμως
507 1678 750 1737 λεγόμενος.
813 1679 972 1721 Suidas
1003 1675 1166 1735 Φάρος·
1209 1677 1441 1737 ἀρσενικῶς
1480 1679 1709 1738 λεγόμενος
1746 1680 1817 1723 τὸν
1859 1680 1901 1723 ἐν
1937 1677 2221 1741 Ἀλεξανδρείᾳ

238 1749 383 1806 Φάρον
431 1750 637 1810 σημαίνει,
685 1751 730 1794 ὃν
777 1750 1005 1807 ἀνέστησεν
1047 1750 1115 1793 ἐπὶ
1154 1749 1422 1807 Πτολεμαίου
1464 1751 1667 1808 βασιλέως
1710 1750 1926 1812 Αἰγύπτου
1969 1751 2221 1810 Σώστρατος

238 1821 494 1878 Δεξιφάνους
517 1819 691 1871 Κνίδιος
725 1822 768 1865 ἐν
801 1820 932 1880 Φάρῳ
963 1823 1015 1881 τῇ
1047 1823 1165 1881 νήσῳ
1188 1821 1396 1883 Πρωτέως
1427 1822 1498 1866 ὅτε
1518 1824 1590 1867 καὶ
1613 1822 1777 1883 Πύρρος
1808 1825 1830 1868 ὁ
1861 1825 1943 1869 ἀπὸ
1977 1825 2072 1878 (ὑπὸ
2102 1828 2220 1880 libri)

237 1891 461 1953 Ἀχιλλέως
499 1896 577 1952 τὴν
617 1894 858 1938 δυναστείαν
902 1900 979 1951 τῆς
1018 1890 1222 1952 Ἠπείρου
1269 1894 1517 1954 παρείληφε.
1579 1898 1803 1940 Lucienus
1842 1899 2078 1948 Quomodo
2114 1901 2217 1942 hist.

239 1979 413 2010 consor.
445 1969 504 2010 sit
536 1973 585 2009 69,
622 1967 721 2026 ὁρᾷς
750 1968 820 2011 τὸν
854 1963 1024 2011 Κνίδιον
1057 1968 1219 2010 ἐκεῖνον
1240 1966 1533 2027 ἀρχιτέκτονα,
1566 1967 1656 2011 οἷον
1683 1968 1902 2026 ἐποίησεν;
1933 1970 2221 2027 οἰκοδομήσας

238 2038 316 2099 γὰρ
346 2042 418 2082 τὸν
452 2038 523 2082 ἐπὶ
552 2040 605 2097 τῇ
639 2036 770 2095 Φάρῳ
802 2039 973 2098 πύργον,
1012 2039 1204 2097 μέγιστον
1242 2039 1316 2082 καὶ
1351 2038 1576 2083 κάλλιστον
1619 2041 1753 2097 ἔργων
1785 2041 1995 2098 ἁπάντων,
2028 2044 2086 2090 ὡς
2117 2058 2222 2102 πυρ-

240 2110 405 2154 σεύοιτο
444 2106 513 2154 ἀπ’
544 2111 671 2154 αὐτοῦ
709 2116 800 2159 τοῖς
837 2110 1181 2167 ναυτιλλομένοις
1220 2111 1288 2154 ἐπὶ
1317 2111 1427 2155 πολὺ
1465 2118 1543 2171 τῆς
1581 2111 1797 2171 θαλάττης
1833 2115 1907 2157 καὶ
1946 2115 2006 2173 μὴ
2036 2116 2221 2171 καταφέ-

240 2199 375 2242 ροιντο
406 2183 465 2232 είς
494 2184 573 2242 τὴν
606 2181 885 2241 Παραιτονίαν
915 2208 971 2215 —-
1004 2183 1292 2240 οἰκοδομήσας
1324 2183 1398 2227 οὖν
1428 2185 1476 2226 τὸ
1515 2185 1635 2243 ἔργον
1678 2185 1851 2229 ἔνδοθεν
1890 2186 1968 2244 μὲν
1998 2187 2107 2231 κατὰ
2135 2194 2219 2231 τῶν

238 2254 371 2299 λίθων
403 2256 450 2299 τὸ
489 2255 615 2299 αὑτοῦ
648 2255 783 2313 ὄνομα
825 2256 1018 2315 ἔγραψεν,
1058 2255 1278 2316 ἐπιχρίσας
1317 2255 1362 2300 δὲ
1399 2257 1553 2314 τιτάνῳ
1591 2258 1665 2301 καὶ
1706 2258 1970 2318 ἐπικαλύψας
2009 2259 2221 2318 ἐπέγραψε

237 2327 422 2385 τοῦνομα
462 2332 537 2372 τοῦ
574 2328 671 2372 τότε
714 2327 1020 2385 βασιλεύοντος,
1066 2328 1204 2380 εἰδώς,
1257 2327 1360 2387 ὅπερ
1402 2330 1475 2372 καὶ
1517 2329 1696 2387 ἐγένετο,
1741 2331 1849 2374 πάνυ
1882 2331 2024 2391 ὀλίγου
2061 2332 2218 2392 χρόνου

240 2400 603 2457 συνεκπεσούμενα
643 2401 720 2457 μὲν
758 2402 819 2459 τῷ
853 2401 1054 2461 χρίσματι
1099 2401 1151 2444 τὰ
1194 2400 1436 2461 γράμματα,
1481 2402 1825 2460 ἐκφανησόμενον
1866 2404 1912 2447 δὲ
1948 2400 2220 2462 ‘Edicta-paro<

238 2472 493 2530 Δεξιφάνους
524 2469 695 2521 Κνίδιος
725 2471 842 2521 θεοῖς
870 2471 1089 2531 Σωτῆρσιν
1122 2471 1228 2532 ὑπὲρ
1257 2480 1342 2517 τῶν
1373 2472 1707 2531 πλωϊζομένωνῖ
1759 2478 1944 2532 Hippias
1977 2482 2001 2518 2
2030 2482 2220 2520 τοιοῦτον

238 2544 450 2601 ἀκούομεν
489 2546 560 2587 τὸν
591 2541 848 2605 Ἀρχιμήδην
890 2544 1085 2604 γενέσθαι
1122 2546 1192 2589 καὶ
1234 2546 1306 2589 τὸν
1339 2543 1512 2590 Κνίδιον
1549 2545 1813 2605 Σώστρατον,
1851 2549 1921 2592 τὸν
1955 2549 2032 2606 μὲν
2063 2547 2221 2594 Πτολε-

243 2621 369 2673 μαῖον
399 2617 717 2675 χειρωσάμενον
748 2617 821 2662 καὶ
857 2618 935 2674 τὴν
966 2615 1142 2675 Μέμφιν
1178 2617 1432 2678 ἀποστροφῇ
1461 2619 1533 2663 καὶ
1563 2620 1760 2678 διαιρέσει
1788 2625 1863 2664 τοῦ
1903 2626 2110 2678 ποταμοῦ,
2147 2622 2219 2665 τὸν

241 2689 288 2732 δὲ
317 2689 391 2736 τὰς
437 2695 521 2732 τῶν
561 2688 779 2745 πολεμίων
818 2690 1002 2748 τριήρεις
1039 2689 1360 2749 καταφλέξαντα
1396 2693 1449 2751 τῇ
1491 2692 1635 2751 τέχνῃ.
1694 2694 1887 2736 Amores
1919 2698 1964 2736 Η
2019 2693 2142 2742 στοὰς
2174 2694 2220 2737 δὲ

241 2759 494 2816 Σωστράτου
526 2760 600 2804 καὶ
629 2759 766 2804 τᾶλλα
794 2785 853 2793 -
883 2760 1228 2820 ἐκπεριελθόντες
1259 2763 1427 2816 (Cnidi).
1488 2765 1719 2819 Posidippi
1758 2767 2035 2820 epigramma
2066 2768 2111 2809 in
2142 2779 2220 2821 pa-

241 2846 358 2888 pyro
387 2834 665 2887 Aegyptiace
698 2837 930 2888 repertum
951 2836 1063 2876 Mus.
1085 2835 1222 2877 Rhen.
1243 2835 1409 2877 XXXV
1439 2847 1482 2889 p.
1507 2841 1584 2878 90:
1615 2830 1836 2893 Ἑλλήνων
1859 2843 2043 2896 σωτῆρα,
2074 2835 2219 2897 Φάρου

242 2905 415 2960 σκοπόν,
454 2907 488 2948 ὦ
525 2904 606 2948 ἄνα
645 2903 835 2962 Πρωτεῦ,
869 2904 876 2961 Ι
911 2902 1159 2962 Σώστρατος
1197 2905 1368 2963 ἔστησεν
1407 2904 1660 2966 Δεξιφάνους
1698 2905 1895 2957 Κνίδιος·
1929 2908 1936 2965 Ι
1970 2908 2019 2952 οὐ
2057 2910 2136 2967 γὰρ
2175 2909 2218 2953 ἐν
2309 2934 2311 2990 j

241 2976 442 3037 Αἰγύπτῳ
480 2976 649 3032 σκοπαί,
691 2977 739 3020 οὐ
772 2975 874 3034 ῥίον,
917 2973 974 3021 οἷ’
1001 2976 1071 3020 ἐπὶ
1097 2978 1253 3035 νήσων,
1288 2978 1295 3034 Ι
1329 2977 1440 3022 ἀλλὰ
1477 2980 1614 3039 χαμαὶ
1643 2980 1762 3040 χηλὴ
1801 2980 2012 3041 ναύλοχος
2051 2981 2220 3026 ἐκτέτα-

239 3065 322 3093 ται.
358 3048 365 3106 Ι
397 3053 472 3092 τοῦ
502 3049 628 3108 χάριν
660 3048 831 3094 εὐθεῖάν
861 3065 907 3092 τε
936 3049 1010 3092 καὶ
1041 3048 1182 3106 ὄρθιον
1215 3049 1368 3108 αἰθέρα
1397 3050 1562 3108 τέμνων
1587 3051 1594 3109 Ι
1617 3051 1776 3112 πύργος
1807 3052 1868 3096 ὅδ’
1891 3052 2092 3097 ἀπλάτων
2123 3053 2219 3113 φαί-

241 3123 321 3164 νετ’
363 3120 446 3164 ἀπὸ
485 3120 662 3164 σταδίων
696 3120 703 3178 Ι
736 3120 891 3179 ἤματι·
932 3122 1160 3182 παννύχιος
1201 3122 1247 3165 δὲ
1285 3122 1396 3166 θέων
1436 3123 1508 3166 σὺν
1551 3124 1710 3182 κύματι
1754 3124 1911 3182 ναύτης
1945 3124 1953 3182 Ι
1986 3124 2131 3184 ὄψεται
2171 3125 2220 3169 ἐκ

241 3199 433 3253 κορυφῆς
465 3198 547 3252 πῦρ
580 3193 689 3252 μέγα
717 3194 959 3252 καιόμενον.
992 3193 999 3251 Ι
1032 3193 1102 3237 καί
1132 3209 1206 3237 κεν
1248 3190 1307 3237 ἐπ’
1333 3194 1435 3238 αὐτὸ
1478 3196 1633 3254 δράμοι
1664 3195 1830 3255 Ταύρου
1868 3198 2010 3254 κέρας,
2051 3193 2138 3241 οὐδ’
2168 3196 2217 3241 ἂν

242 3266 424 3322 ἁμάρτοι
459 3266 465 3323 Ι
501 3263 714 3322 Σωτῆρος,
746 3263 936 3323 Πρωτεῦ,
968 3264 1109 3323 Ζηνὸς
1140 3266 1162 3309 ὁ
1193 3266 1295 3326 τῇδε
1325 3266 1480 3310 πλέων.
1532 3271 1615 3311 Sed
1646 3272 1698 3311 ut
1728 3271 1783 3312 de
1803 3272 2003 3312 Sostrate
2030 3271 2218 3324 eiusque

241 3350 377 3391 opere
422 3341 531 3381 satis
576 3341 787 3382 accurata
832 3341 978 3381 exstat
1019 3341 1251 3393 memoria,
1301 3341 1366 3382 sio
1418 3341 1474 3382 de
1524 3344 1669 3384 aetate
1714 3343 1823 3384 nihil
1867 3354 2065 3394 usquam
2105 3341 2218 3384 certi

242 3411 287 3450 et
323 3410 410 3451 fide
448 3411 568 3463 digni
605 3412 811 3453 traditur.
872 3411 988 3454 Nam
1026 3423 1171 3464 neque
1216 3423 1332 3464 quae
1370 3413 1593 3454 Lucienus
1637 3414 1773 3456 refert
1817 3415 1872 3455 de
1908 3413 2011 3455 Nilo
2057 3425 2216 3455 averso

242 3482 372 3534 (quae
406 3483 676 3524 memoriam
708 3495 815 3525 sane
845 3495 1064 3537 perquam
1095 3483 1328 3525 confusam
1369 3495 1522 3525 rerum
1554 3487 1658 3527 anni
1691 3489 1763 3526 32⁴
1793 3498 1830 3527 e.
1856 3485 1955 3526 Chr.
1978 3497 2020 3527 n.
2051 3485 2216 3527 habere

247 3553 469 3606 videntur,
503 3555 553 3594 ef.
576 3555 785 3608 Droysen
817 3556 972 3597 Gesch.
996 3556 1074 3597 des
1096 3555 1395 3597 Hellenismus
1417 3557 1468 3609 ΙΙ,
1492 3560 1508 3596 4
1549 3568 1591 3610 p.
1616 3559 1727 3610 428),
1757 3568 1903 3610 neque
1924 3568 2040 3609 quae
2060 3556 2216 3598 Suidas

244 3625 382 3668 habet
414 3625 468 3667 de
499 3628 612 3667 turri
647 3628 805 3669 eodem
838 3631 1043 3682 tempore
1064 3630 1294 3670 exstructa
1313 3639 1405 3681 quo
1428 3629 1630 3681 Pyrrhus
1649 3631 1695 3670 in
1716 3629 1851 3683 Epiro
1873 3639 2024 3670 rerum
2046 3629 2215 3682 potitus

2309 3025 2312 3063 Ι

2310 3089 2311 3124 Ι
