2314 3970
121 182 190 235 36]
518 180 800 221 Ptolemaeus
831 178 868 218 11
897 177 1216 230 Philadelphus
1247 178 1488 229 (285-247
1511 189 1548 219 a.
1573 176 1703 229 Chr.).
2030 179 2089 228 61

111 353 373 412 Φιλωτερίαν
418 355 570 408 (quam
611 354 803 395 formam
843 354 977 394 etiam
1029 353 1150 406 apud
1191 352 1436 405 Polybium
1488 352 1688 393 restituit
1725 351 1928 405 Dindorf,
1978 353 2099 393 recte

112 431 150 470 si
195 428 305 482 quid
351 426 495 478 video)
535 423 666 482 αὐτὴν
707 423 935 481 εἰρηκέναι.
1004 424 1155 465 Altera
1195 425 1241 465 in
1283 424 1583 477 Trogodytice
1623 424 1709 465 sita
1745 423 1867 476 apud
1905 425 2098 469 eundem

111 503 201 543 est:
253 497 490 555 Φιλωτέρα,
535 496 657 544 πόλις
702 496 797 554 περὶ
839 496 917 554 τὴν
964 494 1303 554 Τρωγοδυτικήν,
1353 493 1544 552 Σατύρου
1589 494 1748 551 κτίσμα
1793 496 1861 549 (cf.
1908 508 1949 537 n.
1988 495 2098 547 302).

109 569 424 626 Ἀπολλόδωρος
456 570 501 612 δὲ
522 567 791 625 Φιλωτερίδα
820 567 948 611 καλεῖ
978 570 1023 610 et
1051 569 1173 622 apud
1194 569 1460 611 Strabonem
1490 570 1516 610 l.
1540 569 1566 610 l.
1617 568 1686 610 Ab
1715 570 1801 611 hac
1830 569 2100 610 Letronnius

110 647 154 687 et
180 646 447 698 Droysenus
465 643 622 684 Gesch.
641 642 719 684 des
736 642 1158 694 Hellenismus111,2
1182 653 1225 694 p.
1240 644 1319 682 340
1349 643 1448 683 iure
1471 642 1756 695 distinguunt
1776 643 1963 695 portum
1983 642 2101 682 inter

111 714 235 764 Μυὸς
266 715 397 773 ὅρμον
428 717 474 756 et
503 712 669 757 Λευκὸν
700 713 852 771 λιμένα
882 715 1020 756 situm
1054 714 1184 755 cuius
1207 715 1481 755 mentionem
1506 714 1611 755 facit
1631 714 1915 756 Ptolemaeus
1938 714 2096 766 Geogr.

110 790 181 843 IV,
210 793 248 842 5,
276 792 300 829 8
331 799 375 841 p.
401 791 481 829 687
515 787 590 828 cui
621 783 866 844 Φιλωτέρας
897 784 1027 841 λιμήν
1060 797 1224 827 nomen
1255 785 1351 826 fuit.
1405 787 1525 827 Inter
1552 787 1679 828 vicos
1711 787 1815 840 pagi
1845 786 2100 828 Arsinoitae

111 858 320 916 (Fafflm)
360 860 439 900 uni
481 855 713 915 Φιλωτερίς
751 869 916 901 nomen
959 857 1043 899 fuit
1086 858 1191 910 (Cat.
1225 858 1273 899 of
1299 858 1442 898 Greek
1471 859 1636 911 papyri
1667 860 1713 900 in
1743 859 1819 899 the
1849 859 1956 900 Brit.
1987 859 2099 900 Mus.

108 934 146 973 ΙΙ
177 944 221 986 p.
244 936 312 986 37,
337 935 388 972 35
422 931 493 973 all.
515 931 573 972 ab
601 931 646 972 U.
670 931 875 972 Wilcken
903 931 1070 972 Archiv
1106 929 1180 971 fiir
1201 930 1652 983 Papyrusforschung
1674 931 1691 970 I
1721 943 1762 983 p.
1787 934 1882 972 436.
1929 929 2100 983 Fayum

109 1007 227 1047 tows
266 1004 352 1046 and
390 1004 508 1045 their
537 1004 714 1057 papyri,
756 1003 848 1044 Ind.
881 1014 923 1056 p.
949 1002 1058 1054 346).
1120 1003 1324 1055 Denique
1363 1002 1624 1043 demoticon
1662 998 1944 1058 Φιλωτέρειος
1985 1004 2101 1044 civis

109 1077 458 1119 Ptolemaeensis
497 1077 667 1118 nomini
706 1075 909 1117 additum
949 1074 1088 1116 habes
1126 1086 1168 1116 n.
1194 1077 1260 1128 48,
1285 1078 1323 1116 5.
1509 1077 1531 1114 3
1575 1074 1636 1115 Cf.
1676 1075 1828 1116 Revue
1869 1075 1924 1116 de
1955 1075 2099 1128 philo-

108 1150 224 1203 logie
253 1149 395 1190 XXIII
426 1159 470 1202 p.
494 1151 575 1189 ⁴48
608 1159 649 1190 n.
672 1151 740 1202 29,
765 1151 839 1188 2⁴:
878 1142 1107 1190 Ἀπόλλωνι
1147 1143 1358 1202 Διδυμ(ε)ῖ
1393 1145 1466 1188 καὶ
1506 1141 1710 1203 Ἀρτέμιδι
1749 1143 1941 1203 Πυθείηι.
1994 1147 2098 1188 Ulti-

110 1232 211 1263 mae
242 1220 443 1274 syllabae
472 1220 646 1262 vocalis
678 1220 890 1273 antiquae
928 1219 1106 1261 dialecti
1136 1220 1382 1270 vestigium
1414 1219 1623 1271 religiose
1653 1221 1974 1260 conservatum
2007 1221 2099 1270 est3

108 1304 200 1347 quo
242 1294 393 1334 minus
430 1292 736 1346 paenultimae
774 1291 1082 1346 diphthongus
1122 1292 1177 1333 ad
1219 1291 1478 1333 socordiam
1521 1291 1748 1332 inferioris
1790 1291 1950 1332 aetatis
1988 1291 2099 1332 refe-

108 1365 246 1407 renda
275 1365 469 1418 videtur,
511 1365 729 1406 seditem
769 1364 824 1406 ad
861 1365 981 1406 illius
1014 1365 1210 1417 regionis
1251 1365 1477 1406 sermonis
1517 1364 1862 1417 proprietatem.
1922 1363 2098 1404 Etenim

107 1438 213 1480 alibi
259 1448 446 1491 quoque
495 1448 579 1490 pro
636 1437 810 1490 volgari
868 1438 1004 1479 huius
1060 1434 1327 1492 ἐπικλήσεως
1383 1437 1528 1478 forma
1580 1433 1740 1483 Πύθιος
1789 1436 1914 1490 aliae,
1956 1436 2099 1477 veluti

109 1507 318 1564 Πυθαεὺς,
362 1511 621 1551 occurrunt.
684 1510 892 1551 Ceterum
933 1509 1057 1563 quod
1088 1510 1162 1550 hic
1193 1521 1282 1551 non
1327 1511 1380 1551 ut
1420 1511 1464 1550 in
1509 1509 1585 1551 illa
1629 1510 1769 1550 altera
1815 1508 2099 1550 dedicatione

107 1582 280 1636 Apollo,
319 1583 566 1636 primarius
607 1593 843 1624 sacrorum
884 1583 1233 1635 Didymensium
1272 1582 1398 1635 deus,
1450 1593 1555 1623 cum
1595 1592 1754 1623 sorore
1791 1582 2096 1634 coniungitur,

109 1655 345 1697 manifesto
377 1665 430 1696 eo
461 1655 746 1698 referendum
778 1657 847 1696 est
885 1655 1009 1708 quod
1039 1656 1218 1707 reginae
1247 1655 1436 1707 virginis
1468 1654 1572 1706 (not.
1599 1655 1635 1705 4)
1679 1654 1827 1706 imago
1867 1654 1977 1695 deae
2008 1653 2098 1694 vir-

108 1727 198 1783 gini
229 1728 476 1781 praecipue
507 1727 752 1769 convenire
783 1726 1037 1768 videbatur.

217 1962 292 2018 36
342 1966 534 2016 Titulus
584 1970 869 2016 atramento
913 1966 1080 2033 pictus
1124 1966 1176 2015 in
1223 1980 1346 2016 vase
1391 1966 1546 2032 fictili,
1595 1966 1734 2032 quod
1776 1963 1970 2016 cineres
2010 1966 2096 2016 de—

108 2052 266 2103 functi
313 2053 617 2118 continebat,
665 2053 872 2104 invento
922 2054 974 2102 in
1019 2054 1320 2104 coemeterio
1373 2054 1580 2120 antiquo
1630 2054 1877 2104 orientem
1912 2067 2095 2102 versus

107 2139 172 2188 ab
212 2140 401 2206 oppido
427 2140 745 2194 Alexandria.
811 2141 900 2190 Ed.
940 2140 995 2190 A.
1028 2140 1078 2191 C.
1110 2141 1347 2191 Merriam
1382 2140 1649 2191 American
1677 2140 1883 2206 journal
1923 2140 1981 2190 of
2013 2154 2096 2188 ar-

108 2225 389 2292 chaeology
425 2227 446 2275 Ι
486 2225 661 2292 (⁴855)
702 2242 751 2293 p.
781 2227 847 2277 22
889 2241 937 2276 n.
968 2227 1014 2276 6.

194 2375 218 2416 5
254 2362 403 2420 Ι.θ’1
449 2367 650 2421 Σωτίων
703 2368 708 2438 Ι
757 2366 994 2428 Κλέωνος
1046 2368 1052 2439 Ι
1095 2367 1288 2439 Δελφὸς
1330 2368 1337 2440 Ι
1379 2367 1606 2440 θεωρὸς2
1651 2366 1716 2421 τὰ
1754 2367 1770 2439 ΙΙ
1807 2367 2044 2438 Σωτήρια
2085 2367 2090 2437 Ι

250 2454 611 2524 ἐπανγέλλωνῧ,
657 2453 663 2523 Ι
705 2450 790 2507 διὰ
831 2452 1080 2507 Θεοδότου
1122 2452 1130 2526 Ι
1171 2454 1498 2525 ἀγοραστοῢ4.

221 2635 414 2677 Litterae
442 2646 533 2677 non
565 2637 776 2678 accurate
806 2637 967 2690 pictae,
1000 2637 1255 2678 simillimae
1285 2637 1539 2691 scripturae
1569 2649 1867 2691 papyrorum.
1926 2638 2094 2680 Memo-

107 2707 272 2749 rabiles
303 2707 474 2749 formae
506 2699 855 2751 ὰΔεΘλΠσω.
1008 2713 1024 2749 4
1072 2709 1314 2751 Ptolemaei
1337 2711 1614 2764 Philadelphi
1638 2712 1878 2762 (asa—24⁷
1902 2723 1940 2752 a.
1964 2711 2095 2762 cim).

106 2779 167 2822 cf.
200 2781 290 2821 not.
316 2783 353 2821 3.
501 2783 525 2820 2
564 2781 613 2821 In
644 2780 804 2822 eodem
836 2783 1112 2824 coemeterio
1145 2783 1284 2824 etiam
1323 2783 1398 2824 alii
1439 2783 1644 2824 eiusdem
1686 2786 1764 2824 aut
1795 2784 1957 2825 similis
1988 2794 2092 2824 con-

106 2850 296 2892 dicionis
327 2851 534 2893 homines
565 2852 731 2905 sepulti
762 2854 904 2894 erant.
966 2853 1027 2895 Cf.
1058 2853 1157 2895 Am.
1185 2855 1335 2907 journ.
1370 2855 1417 2895 of
1444 2855 1563 2896 arch.
1596 2856 1614 2894 Ι
1646 2866 1687 2908 p.
1714 2858 1765 2896 22
1805 2867 1846 2896 n.
1873 2858 1892 2895 10
1936 2851 2093 2909 Δαμ[ο-

105 2921 228 2979 κλῆς]
259 2918 517 2981 Κ[λ]έαρχου
557 2921 750 2981 [θεω1ρὸς
780 2920 1002 2972 Βοιώτιος.
1049 2937 1091 2979 p.
1118 2929 1170 2966 23
1203 2938 1244 2968 n.
1270 2929 1292 2967 7
1335 2923 1562 2984 Θαρσύφας
1600 2924 1764 2984 θεωρὸς
1796 2922 1917 2984 Κρὴς
1947 2922 2092 2969 Ἀπολ-

104 2990 270 3042 λώνιος.
314 3006 358 3048 p.
383 2999 427 3036 24
467 3007 509 3037 n.
535 2999 557 3036 3
596 2990 836 3046 Ἀναξιλάου
876 2999 951 3039 τοῦ
981 2992 1189 3054 Ἀριστέος
1219 2992 1387 3058 Ἀχαιοῦ
1419 2997 1687 3059 ἀρχιθεώρου
1721 2994 1924 3055 Δυμαίου.
1970 3010 2013 3052 p.
2037 3002 2090 3039 22

107 3077 148 3107 n.
184 3069 208 3107 5
253 3063 514 3122 Τιμασιθὲου
560 3070 635 3109 τοῦ
690 3064 908 3110 Διονυσίου
957 3063 1122 3111 Ῥοδίου
1174 3069 1443 3126 πρεσβευτοῦ.
1633 3075 1654 3111 3
1695 3072 1759 3112 De
1804 3071 1990 3112 soteriis
2037 3070 2090 3113 cf.

17 3145 19 3156 ·
107 3135 234 3191 Syll)
266 3139 382 3180 6941.
442 3139 669 3181 Theorum
701 3140 759 3182 ad
787 3152 839 3182 ea
879 3141 1118 3184 indicenda
1149 3144 1341 3184 missum
1380 3155 1498 3185 nono
1536 3144 1783 3184 Ptotemaei
1815 3143 2090 3197 Philadelphi

107 3221 222 3253 anno
253 3208 398 3267 (277l6
431 3224 469 3254 a.
501 3213 603 3254 Chr.
635 3212 691 3264 n.)
723 3212 1016 3256 Alexandriae
1047 3215 1295 3258 decessisse
1334 3227 1415 3269 per
1445 3218 1704 3270 temporum
1736 3215 1937 3257 rationes
1969 3217 2091 3257 certe

22 3325 23 3330 ,
106 3283 303 3325 statuere
349 3284 465 3325 licet.
542 3285 654 3326 Sane
707 3286 932 3327 eiusmodi
984 3287 1115 3329 ferias
1162 3289 1493 3341 panhellenicas
1545 3288 1903 3341 quinquennales
1951 3289 2087 3330 etiam

107 3355 345 3397 redeuntes
375 3366 556 3409 semper
587 3357 772 3399 theoriis
802 3369 1176 3412 quoqueversum
1209 3360 1408 3402 dimissis
1430 3359 1621 3401 indictas
1643 3370 1743 3401 esse
1764 3361 1953 3402 constat.
2004 3361 2090 3402 Sed

24 3486 26 3498 y
108 3435 211 3467 cum
242 3438 297 3468 ex
328 3427 541 3469 omnibus
572 3428 650 3480 qui
680 3429 755 3470 hic
786 3430 951 3483 sepulti
983 3433 1090 3472 suut
1127 3432 1299 3473 theoris
1331 3433 1375 3471 et
1406 3431 1562 3482 legatis
1594 3430 1698 3482 (not.
1722 3431 1760 3482 2)
1803 3431 1848 3472 in
1879 3432 1968 3474 hoc
1996 3444 2087 3474 uno

25 3522 27 3565 Ι
109 3497 286 3549 definite
306 3499 498 3557 addatur
519 3511 742 3553 quaenam
764 3503 976 3544 mandata
996 3503 1219 3555 habuerit,
1251 3504 1348 3543 eius
1376 3503 1605 3554 negotium
1638 3514 1745 3556 prae
1767 3505 1930 3546 ceteris
1952 3516 2088 3557 grave

26 3571 28 3585 ¹
108 3571 154 3609 et
195 3570 489 3613 memorabile
535 3571 678 3613 fuisse
717 3576 917 3625 apparet,
967 3575 1159 3627 ideoque
1206 3575 1316 3627 quin
1355 3585 1513 3615 recens
1553 3575 1759 3617 instituta
1798 3577 1969 3618 Soteria
2011 3577 2086 3617 de-

27 3636 29 3667 ῗ
111 3641 340 3692 signentur
386 3655 474 3685 non
526 3643 698 3685 dubito.
776 3646 931 3697 ltaque
979 3649 1097 3687 recte
1144 3647 1348 3686 Merriam
1398 3657 1554 3687 omnes
1600 3648 1678 3699 qui
1730 3649 1772 3688 in
1815 3649 1894 3690 -his
1946 3649 2087 3689 titulis
