2314 3970
175 2124 183 2133 ·
242 2074 423 2115 omittat
463 2073 542 2115 ubi
579 2085 670 2115 non
710 2074 829 2126 licet,
869 2083 1104 2125 nunquam
1141 2083 1252 2114 vero
1303 2083 1544 2125 perperam
1583 2070 1731 2124 addat,
1777 2071 1824 2112 in
1862 2071 2106 2124 propatulo
2144 2073 2227 2112 est.

239 207 342 259 596
664 204 733 244 VI.
779 203 927 254 Regna
957 201 1119 241 Asiana
1152 201 1338 241 minora.
1401 203 1438 240 7.
1472 199 1782 251 Commagene.
2115 198 2212 249 [383
2270 227 2271 230 ,

381 375 519 434 λείας
559 374 566 445 Ι
607 375 766 443 ἐμῆς6
807 371 894 426 καὶ
941 371 1147 443 φύλακα
1197 368 1498 440 πιστοτάτην
1547 369 1634 422 καὶ
1674 369 1681 439 Ι
1721 370 1890 441 τέρψιν
1939 369 2216 439 ἀμίμητον7
2267 438 2271 439 ⁷

293 476 347 517 20
381 461 656 531 ἡγούμενος
693 459 781 531 τὴν
821 460 1075 528 ὁσιότητα.
1114 456 1131 528 ΙΙ
1168 454 1227 510 δι’
1273 458 1307 511 ἃ
1344 455 1431 509 καὶ
1474 455 1728 515 κινδύνους
1775 454 2021 527 μεγάλους
2057 476 2218 525 παρα-

382 546 551 617 δόΙξως
589 546 823 618 διέφυγον
857 543 943 598 καὶ
979 542 1208 615 πράξεων
1249 542 1581 596 δυσελπίστων
1623 541 1630 612 Ι
1671 540 1970 614 εὐμηχάνως
2008 541 2219 612 ἐπεκρά-
2276 576 2278 578 -

382 653 512 703 τησα
548 632 634 685 καὶ
676 631 786 703 βίου
824 629 1106 701 πολυΙετοῦς
1147 632 1464 701 μακαριστῶς
1503 628 1821 699 ἐπληρώθην.
1865 628 1871 698 Ι

298 732 351 773 25
378 714 512 789 Ἐγὼ
537 718 794 789 πατρώιαν
829 717 1029 789 [ἀ]ρχὴν
1041 715 1503 787 8κ[π]αρ[αλ]α[β]ὼν
1528 713 1545 786 ΙΙ
1573 714 1831 787 βασιλείαν
1856 714 1982 785 [μ]ὲν
2014 713 2222 784 ἐμο[ἷ]ς9
2272 704 2279 739 ”

385 804 605 876 ὑπήκοον
645 803 861 875 θρόΙνοις
897 803 1068 874 κοινὴν
1105 803 1239 856 θεῶν
1280 799 1515 855 ἁπάντων
1543 801 1796 872 εὖσεβείαι
1830 802 2032 872 γνώμης
2057 802 2183 870 ἐμῆς
2211 800 2218 871 Ι

387 891 581 944 δίαιταν
598 893 640 927 1⁰
667 890 920 958 ἀπέδειξα,
961 888 1173 961 μορΙφῆς
1200 887 1288 959 μὲν
1317 888 1550 958 (ε)ἰκόνας
1575 887 1807 940 παντοίαι
1843 887 2033 958 τέχνηι,
2071 882 2185 940 καθ’
2214 886 2220 957 Ι

356 1070 379 1107 6
421 1064 713 1107 Memorabile
743 1066 825 1117 est,
866 1074 948 1117 per
977 1056 1137 1105 totum'
1166 1062 1352 1104 titulum
1391 1073 1558 1103 nomen
1601 1060 1942 1103 substantivum
1972 1072 2077 1102 cum
2119 1072 2224 1114 pro·
2312 1102 2314 1106 ,

236 1139 419 1180 nomine
449 1138 711 1191 possessivo
741 1136 1035 1178 coniunctum
1057 1136 1318 1177 constanter
1338 1145 1492 1175 carere
1523 1134 1732 1187 articulo,
1764 1135 1850 1175 etsi
1879 1134 2010 1186 longe
2037 1133 2225 1186 plurimi
2303 1123 2314 1183 *j

237 1211 326 1252 loci
363 1211 426 1251 ita
463 1210 717 1263 comparati
747 1209 850 1262 sint,
889 1209 941 1249 ut
981 1208 1101 1260 leges
1133 1207 1357 1249 sermonis
1389 1206 1547 1247 Graeci
1586 1217 1694 1246 eum
1735 1205 1951 1258 flagitent.
2010 1205 2073 1247 Cf.
2104 1217 2147 1246 v.
2171 1208 2223 1246 25
2309 1190 2314 1207 ¹

239 1279 362 1338 ἐμοῖς
385 1278 575 1337 ὑπήκοον
597 1279 780 1340 θρόνοις.
828 1284 881 1321 26
913 1279 1089 1337 γνώμης
1120 1278 1242 1335 ἐμῆς.
1290 1281 1342 1319 34
1375 1275 1461 1333 ἐμὴ
1482 1274 1625 1319 δικαία
1646 1274 1830 1334 φροντίς.
1875 1280 1944 1319 44.
1967 1280 2019 1318 60
2053 1280 2225 1334 μορφῆς

239 1351 363 1411 ἐμῆς.
411 1355 462 1394 47
495 1352 612 1409 ἐμῶν
633 1350 867 1411 προγόνων.
908 1354 962 1393 48
994 1349 1123 1406 ἐμαῖς
1143 1348 1419 1406 ἐπιμελείαις.
1459 1353 1527 1391 52.
1552 1352 1605 1391 53
1637 1347 1746 1405 ἐμῆς
1767 1346 1992 1404 εὐσεβείας.
2033 1352 2087 1390 56
2118 1347 2227 1404 ἐμῆς
2306 1399 2307 1402 ¹

236 1439 284 1466 τε
328 1422 542 1481 πατρίδος.
603 1426 655 1466 74
701 1421 838 1483 τύχης
883 1421 1008 1480 ἐμῆς.
1070 1426 1145 1464 404
1191 1420 1394 1480 γενέσεως
1431 1420 1554 1478 ἐμῆς.
1616 1423 1718 1464 424.
1757 1424 1839 1462 422
1883 1418 2006 1477 φωνὴ
2036 1443 2096 1450 -
2125 1417 2224 1475 ἐμή.

239 1500 324 1538 426
364 1496 561 1553 σώματος
606 1494 728 1552 ἐμοῦ.
775 1499 859 1538 436
896 1493 1021 1554 χάρις
1052 1492 1153 1550 ἐμή.
1207 1496 1288 1536 454
1329 1492 1450 1552 χάριν
1482 1491 1606 1549 ἐμήν.
1654 1496 1737 1535 475
1767 1496 1912 1548 τιμαῖς
1942 1491 2084 1547 ἐμαῖς.
2129 1495 2227 1534 244.

239 1572 322 1610 245
363 1566 506 1610 παισὶν
538 1566 729 1626 ἐκγόνοις
763 1582 810 1608 τε
841 1566 978 1622 ἐμοῖς.
1025 1570 1106 1608 437
1141 1563 1348 1622 ἡμετέρου
1379 1563 1541 1622 γένους.
1589 1567 1672 1606 204
1702 1563 1814 1607 κατὰ
1839 1563 1964 1620 τιμὰς
1997 1561 2227 1620 ἡμετέρας.
2263 1600 2265 1602 .
2300 1603 2301 1607 ,

238 1642 376 1682 Pauci
405 1641 543 1682 modo
574 1641 663 1682 loci
703 1642 824 1693 sunt,
863 1639 944 1680 ubi
983 1638 1186 1680 defectus
1224 1638 1404 1680 articuli
1442 1649 1532 1679 non
1572 1638 1769 1679 vitiosus
1799 1637 1946 1679 videri
1974 1639 2139 1690 potest,
2177 1638 2229 1678 ut

238 1710 450 1770 ἡμετέρας
488 1711 614 1768 τιμοίς
654 1717 721 1754 80.
752 1715 850 1753 445.
924 1710 986 1758 εἰς
1024 1710 1154 1767 τιμὴν
1194 1708 1410 1766 ἡμετέραν
1451 1714 1548 1751 407.
1617 1709 1674 1751 At
1716 1710 1858 1752 additi
1905 1709 1986 1750 ubi
2035 1709 2230 1750 debebat

210 1834 212 1836 r
241 1785 420 1826 articuli
449 1796 594 1826 unum
625 1786 673 1826 in
702 1786 798 1826 toto
830 1784 963 1825 titulo
995 1783 1258 1837 exemplum
1279 1785 1350 1824 est
1379 1794 1422 1824 v.
1446 1785 1544 1823 232.
1577 1785 1659 1822 233
1690 1780 1808 1838 παρὰ
1835 1786 1912 1838 τῆς
1943 1780 2052 1838 ἐμῆς
2082 1779 2227 1840 εὐχῆς.

240 1858 306 1898 De
344 1858 523 1899 articuli
559 1859 607 1898 in
643 1858 735 1898 hoc
770 1858 1069 1898 monumento
1108 1867 1198 1897 usu
1235 1856 1282 1896 in
1318 1856 1585 1896 universum
1616 1854 1671 1895 cf.
1703 1865 1821 1907 quae
1852 1855 2044 1907 exposui
2074 1856 2165 1895 not.
2190 1857 2228 1895 8.

243 1933 266 1969 7
305 1927 523 1985 ἀμίμητον
554 1926 595 1972 Α
624 1926 864 1984 ἀμείμητον
895 1925 947 1970 Β.
1116 1932 1140 1969 8
1181 1929 1232 1968 In
1262 1928 1441 1968 articuli
1471 1938 1561 1968 usu
1591 1927 1713 1967 hunc
1741 1926 1927 1967 titulum
1957 1938 2010 1967 eo
2042 1927 2228 1967 nomine

242 2001 535 2043 multifariam
577 2001 823 2043 abhorrere
859 2013 887 2042 a
926 2001 1120 2052 genuina
1149 2000 1377 2040 sermonis
1408 1999 1567 2040 Graeci
1596 2010 1770 2052 norma,
1802 1998 1927 2052 quod
1956 2009 2091 2052 saepe
2121 2009 2227 2039 eum

241 2145 389 2198 Atque
421 2146 468 2186 in
498 2146 766 2187 universum
806 2144 992 2197 quidem
1029 2144 1153 2185 nulla
1187 2145 1235 2184 in
1265 2155 1318 2184 ea
1346 2155 1395 2184 re
1426 2144 1628 2184 cernitur
1665 2143 2023 2184 constantia-vel
2065 2153 2255 2195 aequa-,

242 2218 358 2258 litas.
417 2218 563 2258 Immo
594 2228 700 2258 oum
731 2218 961 2270 appareat,
998 2218 1050 2256 ut
1080 2216 1151 2257 his
1181 2216 1475 2268 potissimum
1506 2216 1621 2268 utar,
1661 2227 1704 2257 v.
1728 2218 1782 2256 24
1813 2213 1892 2270 τὴν
1923 2209 2124 2271 πατρῴαν
2155 2211 2228 2271 ἀρ-

242 2287 342 2347 χήν,
380 2301 423 2331 v.
448 2291 499 2330 40
531 2287 579 2330 τὸ
610 2294 748 2344 σῶμα,
781 2300 824 2330 v.
848 2290 902 2329 42
932 2286 1011 2343 τὴν
1044 2285 1229 2344 θεοφιλῆ
1262 2285 1419 2345 ψυχήν,
1462 2298 1505 2328 v.
1530 2290 1582 2328 93
1613 2289 1692 2342 τῆς
1724 2283 1938 2342 βασιλείας
1966 2285 2016 2327 τὸ
2047 2282 2227 2341 πλῆθος,
2313 2279 2314 2284 ’

244 2373 287 2403 v.
311 2365 393 2402 432
423 2366 508 2402 τῶν
541 2359 664 2419 ἱερῶν
695 2358 968 2417 ἀγαλμάτων,
999 2372 1042 2402 v.
1065 2363 1161 2401 436.
1184 2362 1267 2400 437
1299 2357 1321 2401 ὁ
1353 2357 1527 2417 πάτριος
1555 2357 1701 2414 νόμος,
1731 2370 1776 2400 v.
1799 2361 1880 2400 440
1912 2356 1997 2400 ἀπὸ
2027 2363 2110 2399 τῶν
2142 2372 2229 2398 κω·

247 2438 354 2488 μῶν,
394 2445 437 2475 v.
462 2437 543 2474 492
576 2432 651 2480 τὰς
681 2433 833 2488 κώμας
863 2432 954 2474 (1ίοί
985 2432 1212 2486 debuisse,
1250 2433 1303 2473 ut
1331 2432 1406 2473 hic
1434 2431 1608 2484 ubique
1637 2431 1818 2472 articuli
1847 2430 2048 2472 defectus
2078 2431 2126 2471 in
2155 2438 2256 2472 so-·
2312 2428 2314 2494 Ι

244 2505 451 2548 loecismi
482 2507 653 2546 crimen
683 2506 896 2558 incurrat,
927 2505 1007 2546 vix
1028 2505 1178 2546 minor
1199 2505 1269 2545 est
1298 2515 1517 2545 numerus
1538 2504 1744 2545 locorum
1764 2502 1846 2544 ubi
1868 2503 2087 2544 articulus
2107 2504 2230 2544 recte

247 2578 441 2631 additur,
471 2579 524 2619 ut
553 2589 593 2619 v,
619 2580 670 2618 43
702 2576 775 2619 τὸν
805 2575 979 2632 ἄπειρον
1012 2576 1160 2630 αἰῶνα,
1191 2589 1233 2619 v.
1257 2580 1310 2618 96
1341 2579 1431 2623 τοῖς
1464 2574 1634 2633 ἔγγιστα
1663 2574 1894 2632 τεμένεσιν,
1925 2587 1969 2616 v.
1992 2578 2044 2616 99
2075 2577 2151 2616 τοῦ
2182 2572 2230 2615 δὲ

245 2647 397 2690 λοιποῦ
426 2646 600 2705 χρόνου,
637 2661 680 2690 v.
705 2651 802 2690 403.
834 2651 915 2689 404
949 2646 1016 2689 διὰ
1045 2654 1129 2690 τῶν
1163 2645 1322 2705 ἱερέων,
1360 2659 1404 2689 v.
1428 2651 1524 2690 438.
1559 2651 1640 2688 439
1679 2650 1770 2693 τοῖς
1798 2649 1977 2705 χρυσοῖς
2007 2643 2255 2702 στεφάνοις

246 2721 301 2762 al.
353 2720 510 2774 Neque
540 2721 686 2762 maior
715 2722 785 2762 est
815 2721 1068 2762 constantia
1097 2721 1143 2760 in
1164 2720 1388 2761 adiectivo
1419 2721 1502 2766 πᾶς
1533 2730 1639 2760 cum
1670 2719 1958 2760 substantivo
1988 2719 2228 2760 coniuncto

247 2793 316 2846 (cf.
347 2795 439 2834 not.
462 2793 544 2844 26).
603 2793 660 2833 At
700 2792 790 2833 duo
829 2794 938 2834 sunt
974 2803 1151 2846 genera,
1190 2791 1270 2833 ubi
1309 2803 1391 2845 per
1430 2793 1582 2833 totum
1614 2792 1796 2832 titulum
1839 2791 2057 2832 articulus
2088 2790 2229 2843 abest,
2295 2816 2299 2828 .

247 2876 353 2906 cum
382 2866 454 2906 lex
486 2865 709 2906 sermonis
740 2864 897 2906 Graeci
928 2875 981 2905 eo
1013 2864 1156 2905 careri
1187 2875 1276 2905 non
1313 2865 1535 2917 patiatur3
1578 2865 1779 2916 primum
1819 2865 1865 2904 in
1902 2864 2085 2903 nomine
2123 2862 2230 2903 sub·
2290 2847 2296 2854 „

247 2938 444 2979 stantivo
475 2948 581 2978 cum
611 2937 881 2990 pronomine
910 2937 1172 2989 possessivo
1205 2937 1446 2977 coniuncto
1480 2937 1582 2987 (not.
1608 2937 1659 2989 6),
1699 2935 1858 2976 deinde
1889 2946 1998 2976 vero
2030 2936 2076 2975 in
2108 2920 2256 2980 οὗτος

247 3011 293 3050 et
314 3007 478 3055 ἐκεῖνος
500 3009 722 3050 adiective
742 3009 975 3062 usurpatis
998 3008 1104 3060 (not.
1126 3007 1213 3060 48);
1246 3009 1382 3049 etiam
1407 3009 1453 3048 in
1474 3006 1546 3049 ὅδε
1565 3010 1746 3060 praeter
1767 3019 1910 3048 unum
1935 3007 2088 3047 locum
2109 3006 2228 3046 idem
2253 3006 2274 3079 1}

250 3081 370 3122 cadit
401 3081 509 3132 (not.
534 3081 615 3132 43).
676 3081 795 3122 Haec
825 3092 972 3133 neque
1004 3081 1129 3122 casui
1170 3091 1318 3133 neque
1348 3081 1654 3132 neglegentiae
1685 3080 1886 3121 tribuere
1916 3079 2034 3120 licet.
2084 3080 2228 3119 Immo
2254 3080 2273 3109 ‘s

252 3152 525 3194 sumendum
556 3154 626 3193 est
655 3153 887 3194 hominem
910 3153 1076 3193 Graece
1102 3152 1286 3204 quidem
1318 3153 1608 3193 mediocriter
1638 3152 1839 3204 doctum,
1871 3151 1951 3192 sed
1982 3163 2007 3192 a
2038 3100 2273 3240 pueritia}

251 3226 450 3265 sermoni
481 3224 675 3265 barbaro
705 3227 953 3277 assuetum,
985 3225 1063 3276 qui
1084 3224 1274 3265 articulo
1307 3226 1383 3265 aut
1411 3225 1596 3265 omnino
1625 3226 1798 3265 careret
1827 3225 1904 3264 aut
1935 3224 2057 3263 certe
2086 3222 2228 3263 multo
2255 3242 2268 3281 2

251 3298 433 3349 parcius
465 3308 602 3348 quam
635 3297 830 3337 Graecus
860 3298 1077 3349 uteretur,
1110 3297 1351 3349 propterea
1380 3297 1560 3349 lapsum
1591 3307 1704 3337 esse.
1861 3299 1884 3335 9
1924 3295 2017 3336 Ηοο
2047 3284 2268 3356 θαρρῶ-Ι

252 3371 455 3409 mentum
498 3368 772 3409 Puchsteinii
816 3370 992 3409 certum
1033 3369 1281 3409 existimari
1313 3368 1447 3408 debet
1482 3370 1670 3421 propter
1709 3368 1962 3408 litterarum
1998 3366 2228 3419 relliquias
2248 3356 2265 3413 ἶ.

253 3440 309 3480 ab
347 3451 401 3480 eo
449 3442 671 3493 enotatas;
719 3441 987 3493 priusquam
1033 3440 1088 3481 de
1133 3440 1197 3481 eis
1231 3440 1364 3493 plane
1399 3442 1637 3494 constaret,
1684 3440 1733 3480 H.
1756 3440 1921 3481 Usener
1956 3432 1988 3479 τ’
2022 3437 2227 3493 ἐννόμοις,

254 3513 331 3552 Th.
356 3512 576 3565 Gomperz
606 3513 900 3566 Arch.-epigr.
932 3513 1074 3554 Mitth.
1112 3522 1194 3553 aus
1232 3511 1514 3552 Oesterreich
1547 3512 1626 3552 VII
1664 3515 1774 3552 4883
1813 3522 1857 3564 p.
1887 3512 1968 3551 449
2021 3436 2265 3565 ἐντείμοιςὲ

254 3584 492 3624 restituere
522 3587 713 3625 conatus
735 3586 817 3626 est.
867 3585 1077 3626 Ceterum
1107 3582 1244 3642 ἀρχήν
1275 3584 1350 3624 hic
1380 3585 1496 3636 regis
1527 3585 1785 3637 imperium,
1819 3578 2030 3638 βασιλείαν
2059 3583 2265 3622 terram

255 3655 363 3695 huic
407 3656 597 3708 imperio
645 3657 896 3697 subiectam
941 3657 1139 3698 indicare
1183 3657 1261 3698 vix
1306 3658 1375 3697 est
1418 3656 1542 3708 quod
1586 3657 1835 3697 moneatur.
2022 3656 2072 3693 40
2115 3652 2226 3703 Vox,

2243 3566 2260 3574 ἰ
