<?xml version="1.0" encoding="UTF-8"?>
<!DOCTYPE html PUBLIC "-//W3C//DTD XHTML 1.0 Transitional//EN"
    "http://www.w3.org/TR/xhtml1/DTD/xhtml1-transitional.dtd">
<html xmlns="http://www.w3.org/1999/xhtml" xml:lang="en" lang="en">
 <head>
  <title>
</title>
<meta http-equiv="Content-Type" content="text/html;charset=utf-8" />
  <meta name='ocr-system' content='tesseract 3.04.00' />
  <meta name='ocr-capabilities' content='ocr_page ocr_carea ocr_par ocr_line ocrx_word'/>
</head>
<body>
  <div class='ocr_page' id='page_1' title='image "./orientisgraeciin01dittuoft_0240.png"; bbox 0 0 2314 3970; ppageno 0'>
   <div class='ocr_carea' id='block_1_1' title="bbox 261 229 2314 307">
    <p class='ocr_par' dir='ltr' id='par_1_1' title="bbox 261 229 2314 307">
     <span class='ocr_line' id='line_1_1' title="bbox 261 229 2314 307; baseline -0.006 -28"><span class='ocrx_word' id='word_1_1' title='bbox 261 232 364 283; x_wconf 81' lang='lat'>226</span> <span class='ocrx_word' id='word_1_2' title='bbox 943 230 992 270; x_wconf 92' lang='lat'>11.</span> <span class='ocrx_word' id='word_1_3' title='bbox 1038 229 1238 281; x_wconf 85' lang='lat' dir='ltr'>Regnum</span> <span class='ocrx_word' id='word_1_4' title='bbox 1272 229 1555 307; x_wconf 87' lang='lat' dir='ltr'>Lagidarum.</span> <span class='ocrx_word' id='word_1_5' title='bbox 2081 229 2238 280; x_wconf 74' lang='grc'>[447-</span> <span class='ocrx_word' id='word_1_6' title='bbox 2309 284 2314 288; x_wconf 22' lang='lat'><em>7</em></span> 
     </span>
    </p>
   </div>
   <div class='ocr_carea' id='block_1_2' title="bbox 1019 303 1147 308">
    <p class='ocr_par' dir='ltr' id='par_1_2' title="bbox 1019 303 1147 308">
     <span class='ocr_line' id='line_1_2' title="bbox 1019 303 1147 308; baseline 0 0"><span class='ocrx_word' id='word_1_7' title='bbox 1019 303 1147 308; x_wconf 95' lang='lat' dir='ltr'> </span> 
     </span>
    </p>
   </div>
   <div class='ocr_carea' id='block_1_3' title="bbox 1150 303 1338 308">
    <p class='ocr_par' dir='ltr' id='par_1_3' title="bbox 1150 303 1338 308">
     <span class='ocr_line' id='line_1_3' title="bbox 1150 303 1338 308; baseline 0 0"><span class='ocrx_word' id='word_1_8' title='bbox 1150 303 1338 308; x_wconf 95' lang='lat' dir='ltr'> </span> 
     </span>
    </p>
   </div>
   <div class='ocr_carea' id='block_1_4' title="bbox 252 398 2314 3729">
    <p class='ocr_par' dir='ltr' id='par_1_4' title="bbox 252 398 2314 3729">
     <span class='ocr_line' id='line_1_4' title="bbox 403 398 2242 472; baseline -0.002 0"><span class='ocrx_word' id='word_1_9' title='bbox 403 406 418 471; x_wconf 83' lang='lat' dir='ltr'>l</span> <span class='ocrx_word' id='word_1_10' title='bbox 420 432 715 441; x_wconf 91' lang='grc'>---------</span> <span class='ocrx_word' id='word_1_11' title='bbox 725 399 1015 472; x_wconf 71' lang='grc' dir='ltr'>φ]άν[τ]η[ν]</span> <span class='ocrx_word' id='word_1_12' title='bbox 1033 403 1050 436; x_wconf 86' lang='lat'><strong>¹</strong></span> <span class='ocrx_word' id='word_1_13' title='bbox 1077 400 1514 470; x_wconf 64' lang='grc' dir='ltr'>Λ[υκ]ουρ[γιΊδα2,</span> <span class='ocrx_word' id='word_1_14' title='bbox 1542 400 1684 470; x_wconf 80' lang='grc' dir='ltr'>(τ)[οὓ’</span> <span class='ocrx_word' id='word_1_15' title='bbox 1713 401 1917 471; x_wconf 69' lang='grc' dir='ltr'>ἱερέως3</span> <span class='ocrx_word' id='word_1_16' title='bbox 1945 399 1950 470; x_wconf 97' lang='grc' dir='ltr'>Ι</span> <span class='ocrx_word' id='word_1_17' title='bbox 1982 398 2242 469; x_wconf 67' lang='grc' dir='ltr'>Μ]οὖσης4</span> 
     </span>
     <span class='ocr_line' id='line_1_5' title="bbox 408 484 2237 557; baseline -0.001 -17"><span class='ocrx_word' id='word_1_18' title='bbox 408 488 637 557; x_wconf 83' lang='grc' dir='ltr'>Πιερίδος</span> <span class='ocrx_word' id='word_1_19' title='bbox 663 484 1063 557; x_wconf 67' lang='grc' dir='ltr'>καὶὙπερείαςῦ</span> <span class='ocrx_word' id='word_1_20' title='bbox 1092 485 1098 556; x_wconf 85' lang='grc' dir='ltr'>Ι</span> <span class='ocrx_word' id='word_1_21' title='bbox 1126 485 1212 538; x_wconf 81' lang='grc' dir='ltr'>καὶ</span> <span class='ocrx_word' id='word_1_22' title='bbox 1239 485 1799 557; x_wconf 72' lang='grc' dir='ltr'>ὑπομινημοιτογροίιρου6</span> <span class='ocrx_word' id='word_1_23' title='bbox 1823 484 1910 539; x_wconf 79' lang='grc' dir='ltr'>καὶ</span> <span class='ocrx_word' id='word_1_24' title='bbox 1937 484 2237 556; x_wconf 81' lang='grc' dir='ltr'>στρατηγοῧΙ</span> 
     </span>
     <span class='ocr_line' id='line_1_6' title="bbox 375 659 2242 714; baseline -0.002 -12"><span class='ocrx_word' id='word_1_25' title='bbox 375 664 566 703; x_wconf 81' lang='lat' dir='ltr'>Litterae</span> <span class='ocrx_word' id='word_1_26' title='bbox 597 663 807 704; x_wconf 83' lang='grc' dir='ltr'>ΑΘοΠΣ.</span> <span class='ocrx_word' id='word_1_27' title='bbox 957 664 972 700; x_wconf 77' lang='grc'>4</span> <span class='ocrx_word' id='word_1_28' title='bbox 1023 662 1186 702; x_wconf 80' lang='grc' dir='ltr'>ΑΝιΗΙΙ</span> <span class='ocrx_word' id='word_1_29' title='bbox 1221 661 1348 712; x_wconf 89' lang='lat' dir='ltr'>lapis.</span> <span class='ocrx_word' id='word_1_30' title='bbox 1409 660 1638 714; x_wconf 88' lang='lat' dir='ltr'>Supplevi,</span> <span class='ocrx_word' id='word_1_31' title='bbox 1671 661 1875 701; x_wconf 90' lang='lat' dir='ltr'>mulieris</span> <span class='ocrx_word' id='word_1_32' title='bbox 1905 670 2073 702; x_wconf 91' lang='lat' dir='ltr'>nomen</span> <span class='ocrx_word' id='word_1_33' title='bbox 2101 659 2242 699; x_wconf 88' lang='lat' dir='ltr'>veluti</span> 
     </span>
     <span class='ocr_line' id='line_1_7' title="bbox 258 730 2244 789; baseline -0.003 -14"><span class='ocrx_word' id='word_1_34' title='bbox 258 731 499 789; x_wconf 79' lang='grc' dir='ltr'>Εὐφάντην,</span> <span class='ocrx_word' id='word_1_35' title='bbox 533 730 807 789; x_wconf 77' lang='grc' dir='ltr'>Ξενοφάντην</span> <span class='ocrx_word' id='word_1_36' title='bbox 839 732 978 773; x_wconf 90' lang='lat' dir='ltr'>fuisse</span> <span class='ocrx_word' id='word_1_37' title='bbox 1005 734 1144 773; x_wconf 89' lang='lat' dir='ltr'>ratus.</span> <span class='ocrx_word' id='word_1_38' title='bbox 1196 732 1282 772; x_wconf 92' lang='lat' dir='ltr'>Sed</span> <span class='ocrx_word' id='word_1_39' title='bbox 1304 733 1456 784; x_wconf 89' lang='lat' dir='ltr'>potest</span> <span class='ocrx_word' id='word_1_40' title='bbox 1488 733 1623 773; x_wconf 87' lang='lat' dir='ltr'>etiam</span> <span class='ocrx_word' id='word_1_41' title='bbox 1657 747 1835 785; x_wconf 87' lang='grc' dir='ltr'>----αν,</span> <span class='ocrx_word' id='word_1_42' title='bbox 1865 731 1944 788; x_wconf 78' lang='grc' dir='ltr'>τὴν</span> <span class='ocrx_word' id='word_1_43' title='bbox 1975 731 2126 783; x_wconf 89' lang='lat' dir='ltr'>fuisse,</span> <span class='ocrx_word' id='word_1_44' title='bbox 2157 731 2244 771; x_wconf 88' lang='lat' dir='ltr'>etsi</span> 
     </span>
     <span class='ocr_line' id='line_1_8' title="bbox 257 802 2243 862; baseline -0.002 -16"><span class='ocrx_word' id='word_1_45' title='bbox 257 807 323 846; x_wconf 93' lang='lat' dir='ltr'>sic</span> <span class='ocrx_word' id='word_1_46' title='bbox 354 805 692 846; x_wconf 88' lang='lat' dir='ltr'>substantivum</span> <span class='ocrx_word' id='word_1_47' title='bbox 724 802 936 862; x_wconf 75' lang='grc' dir='ltr'>θυγατέρα</span> <span class='ocrx_word' id='word_1_48' title='bbox 966 804 1290 856; x_wconf 85' lang='lat' dir='ltr'>desideramus,</span> <span class='ocrx_word' id='word_1_49' title='bbox 1330 805 1404 844; x_wconf 91' lang='lat' dir='ltr'>cui</span> <span class='ocrx_word' id='word_1_50' title='bbox 1443 804 1696 857; x_wconf 90' lang='lat' dir='ltr'>supplendo</span> <span class='ocrx_word' id='word_1_51' title='bbox 1735 815 1960 856; x_wconf 87' lang='lat' dir='ltr'><strong>nusquam</strong></span> <span class='ocrx_word' id='word_1_52' title='bbox 2002 804 2130 844; x_wconf 92' lang='lat' dir='ltr'>locus</span> <span class='ocrx_word' id='word_1_53' title='bbox 2161 805 2243 843; x_wconf 91' lang='lat' dir='ltr'>est.</span> 
     </span>
     <span class='ocr_line' id='line_1_9' title="bbox 258 874 2243 928; baseline -0.001 -11"><span class='ocrx_word' id='word_1_54' title='bbox 258 877 482 918; x_wconf 85' lang='lat' dir='ltr'>Uxoribus</span> <span class='ocrx_word' id='word_1_55' title='bbox 513 879 558 917; x_wconf 93' lang='lat' dir='ltr'>et</span> <span class='ocrx_word' id='word_1_56' title='bbox 587 877 766 917; x_wconf 90' lang='lat' dir='ltr'>filiabus</span> <span class='ocrx_word' id='word_1_57' title='bbox 798 876 966 918; x_wconf 92' lang='lat' dir='ltr'>ducum</span> <span class='ocrx_word' id='word_1_58' title='bbox 999 888 1025 916; x_wconf 89' lang='lat' dir='ltr'>a</span> <span class='ocrx_word' id='word_1_59' title='bbox 1057 876 1278 916; x_wconf 78' lang='lat' dir='ltr'>militibus</span> <span class='ocrx_word' id='word_1_60' title='bbox 1300 877 1621 916; x_wconf 84' lang='lat' dir='ltr'>mercennariis</span> <span class='ocrx_word' id='word_1_61' title='bbox 1643 878 1816 916; x_wconf 87' lang='lat' dir='ltr'>statuas</span> <span class='ocrx_word' id='word_1_62' title='bbox 1838 877 1948 928; x_wconf 90' lang='lat' dir='ltr'>poni</span> <span class='ocrx_word' id='word_1_63' title='bbox 1969 876 2105 916; x_wconf 90' lang='lat' dir='ltr'>etiam</span> <span class='ocrx_word' id='word_1_64' title='bbox 2137 874 2243 915; x_wconf 90' lang='lat' dir='ltr'>alibi</span> 
     </span>
     <span class='ocr_line' id='line_1_10' title="bbox 256 946 2241 1000; baseline -0.002 -11"><span class='ocrx_word' id='word_1_65' title='bbox 256 949 480 989; x_wconf 83' lang='lat' dir='ltr'>videmus.</span> <span class='ocrx_word' id='word_1_66' title='bbox 549 949 610 989; x_wconf 86' lang='lat' dir='ltr'>Cf.</span> <span class='ocrx_word' id='word_1_67' title='bbox 656 961 697 989; x_wconf 93' lang='lat' dir='ltr'>n.</span> <span class='ocrx_word' id='word_1_68' title='bbox 731 951 824 989; x_wconf 77' lang='grc'>459.</span> <span class='ocrx_word' id='word_1_69' title='bbox 858 952 951 988; x_wconf 74' lang='grc'>460.</span> <span class='ocrx_word' id='word_1_70' title='bbox 991 951 1088 988; x_wconf 74' lang='grc'>464.</span> <span class='ocrx_word' id='word_1_71' title='bbox 1127 950 1223 988; x_wconf 78' lang='grc'><strong>462.</strong></span> <span class='ocrx_word' id='word_1_72' title='bbox 1392 950 1416 987; x_wconf 98' lang='grc'><strong>2</strong></span> <span class='ocrx_word' id='word_1_73' title='bbox 1456 947 1685 1000; x_wconf 91' lang='lat' dir='ltr'>Supplevi.</span> <span class='ocrx_word' id='word_1_74' title='bbox 1748 949 2070 989; x_wconf 66' lang='lat' dir='ltr'>n..oYP..AA</span> <span class='ocrx_word' id='word_1_75' title='bbox 2115 946 2241 998; x_wconf 87' lang='lat' dir='ltr'>lapis.</span> 
     </span>
     <span class='ocr_line' id='line_1_11' title="bbox 256 1017 2240 1077; baseline -0.001 -17"><span class='ocrx_word' id='word_1_76' title='bbox 256 1021 524 1061; x_wconf 88' lang='lat' dir='ltr'>Genetivum</span> <span class='ocrx_word' id='word_1_77' title='bbox 546 1022 746 1061; x_wconf 91' lang='lat' dir='ltr'>nominis</span> <span class='ocrx_word' id='word_1_78' title='bbox 767 1018 1060 1077; x_wconf 77' lang='grc' dir='ltr'>Λυκουργίὸας</span> <span class='ocrx_word' id='word_1_79' title='bbox 1081 1030 1293 1071; x_wconf 87' lang='lat' dir='ltr'>agnosco.</span> <span class='ocrx_word' id='word_1_80' title='bbox 1336 1020 1496 1060; x_wconf 90' lang='lat' dir='ltr'>Forma</span> <span class='ocrx_word' id='word_1_81' title='bbox 1519 1019 1676 1060; x_wconf 92' lang='lat' dir='ltr'>dorica</span> <span class='ocrx_word' id='word_1_82' title='bbox 1697 1020 1742 1060; x_wconf 94' lang='lat' dir='ltr'>in</span> <span class='ocrx_word' id='word_1_83' title='bbox 1774 1034 1827 1060; x_wconf 92' lang='grc' dir='ltr'>-α</span> <span class='ocrx_word' id='word_1_84' title='bbox 1857 1019 2020 1060; x_wconf 90' lang='lat' dir='ltr'>cadens</span> <span class='ocrx_word' id='word_1_85' title='bbox 2041 1019 2087 1059; x_wconf 92' lang='lat' dir='ltr'>in</span> <span class='ocrx_word' id='word_1_86' title='bbox 2107 1017 2240 1058; x_wconf 90' lang='lat' dir='ltr'>titulo</span> 
     </span>
     <span class='ocr_line' id='line_1_12' title="bbox 257 1088 2242 1144; baseline -0.002 -12"><span class='ocrx_word' id='word_1_87' title='bbox 257 1093 430 1144; x_wconf 86' lang='lat' dir='ltr'>volgari</span> <span class='ocrx_word' id='word_1_88' title='bbox 471 1092 693 1133; x_wconf 86' lang='lat' dir='ltr'>inferioris</span> <span class='ocrx_word' id='word_1_89' title='bbox 739 1093 898 1133; x_wconf 88' lang='lat' dir='ltr'>aetatis</span> <span class='ocrx_word' id='word_1_90' title='bbox 935 1102 1148 1132; x_wconf 87' lang='lat' dir='ltr'>sermone</span> <span class='ocrx_word' id='word_1_91' title='bbox 1184 1093 1404 1143; x_wconf 89' lang='lat' dir='ltr'>concepto</span> <span class='ocrx_word' id='word_1_92' title='bbox 1442 1090 1612 1131; x_wconf 91' lang='lat' dir='ltr'>nullam</span> <span class='ocrx_word' id='word_1_93' title='bbox 1643 1089 1780 1132; x_wconf 90' lang='lat' dir='ltr'>habet</span> <span class='ocrx_word' id='word_1_94' title='bbox 1811 1090 2120 1132; x_wconf 82' lang='lat' dir='ltr'>offensionem.</span> <span class='ocrx_word' id='word_1_95' title='bbox 2181 1088 2242 1130; x_wconf 86' lang='lat' dir='ltr'>Cf.</span> 
     </span>
     <span class='ocr_line' id='line_1_13' title="bbox 257 1163 2239 1217; baseline -0.001 -13"><span class='ocrx_word' id='word_1_96' title='bbox 257 1165 519 1217; x_wconf 87' lang='lat' dir='ltr'>OlympiaV</span> <span class='ocrx_word' id='word_1_97' title='bbox 540 1168 678 1217; x_wconf 88' lang='lat' dir='ltr'>p.309</span> <span class='ocrx_word' id='word_1_98' title='bbox 710 1164 767 1205; x_wconf 91' lang='lat' dir='ltr'>ad</span> <span class='ocrx_word' id='word_1_99' title='bbox 795 1167 949 1205; x_wconf 76' lang='lat' dir='ltr'>n.479.</span> <span class='ocrx_word' id='word_1_100' title='bbox 1099 1167 1121 1203; x_wconf 87' lang='lat'><strong>3</strong></span> <span class='ocrx_word' id='word_1_101' title='bbox 1165 1163 1394 1216; x_wconf 88' lang='lat' dir='ltr'>Supplevi.</span> <span class='ocrx_word' id='word_1_102' title='bbox 1447 1163 1561 1205; x_wconf 91' lang='lat' dir='ltr'>Cum</span> <span class='ocrx_word' id='word_1_103' title='bbox 1584 1165 1689 1216; x_wconf 90' lang='lat' dir='ltr'>post</span> <span class='ocrx_word' id='word_1_104' title='bbox 1719 1165 1755 1205; x_wconf 84' lang='grc' dir='ltr'>Α</span> <span class='ocrx_word' id='word_1_105' title='bbox 1786 1163 1983 1204; x_wconf 88' lang='lat' dir='ltr'>nominis</span> <span class='ocrx_word' id='word_1_106' title='bbox 2004 1163 2177 1216; x_wconf 88' lang='lat' dir='ltr'>proprii</span> <span class='ocrx_word' id='word_1_107' title='bbox 2212 1174 2239 1202; x_wconf 86' lang='grc' dir='ltr'>ιι</span> 
     </span>
     <span class='ocr_line' id='line_1_14' title="bbox 256 1233 2240 1290; baseline -0.002 -14"><span class='ocrx_word' id='word_1_108' title='bbox 256 1238 498 1277; x_wconf 88' lang='lat' dir='ltr'>enotentur</span> <span class='ocrx_word' id='word_1_109' title='bbox 521 1236 577 1277; x_wconf 92' lang='lat' dir='ltr'>ab</span> <span class='ocrx_word' id='word_1_110' title='bbox 599 1235 865 1288; x_wconf 82' lang='lat' dir='ltr'>editoribus,</span> <span class='ocrx_word' id='word_1_111' title='bbox 898 1236 1034 1276; x_wconf 88' lang='lat' dir='ltr'>etiam</span> <span class='ocrx_word' id='word_1_112' title='bbox 1057 1235 1201 1276; x_wconf 91' lang='lat' dir='ltr'>lenius</span> <span class='ocrx_word' id='word_1_113' title='bbox 1235 1233 1411 1290; x_wconf 61' lang='grc' dir='ltr'>Περέως]</span> <span class='ocrx_word' id='word_1_114' title='bbox 1443 1235 1740 1288; x_wconf 87' lang='lat' dir='ltr'>suppleveris.</span> <span class='ocrx_word' id='word_1_115' title='bbox 1790 1235 1847 1276; x_wconf 91' lang='lat' dir='ltr'>At</span> <span class='ocrx_word' id='word_1_116' title='bbox 1867 1246 2013 1288; x_wconf 86' lang='lat' dir='ltr'>neque</span> <span class='ocrx_word' id='word_1_117' title='bbox 2043 1235 2240 1287; x_wconf 90' lang='lat' dir='ltr'>spatium</span> 
     </span>
     <span class='ocr_line' id='line_1_15' title="bbox 258 1306 2242 1361; baseline -0.002 -13"><span class='ocrx_word' id='word_1_118' title='bbox 258 1309 323 1349; x_wconf 91' lang='lat' dir='ltr'>sic</span> <span class='ocrx_word' id='word_1_119' title='bbox 359 1309 530 1361; x_wconf 87' lang='lat' dir='ltr'>expleri</span> <span class='ocrx_word' id='word_1_120' title='bbox 568 1308 761 1360; x_wconf 91' lang='lat' dir='ltr'>videtur,</span> <span class='ocrx_word' id='word_1_121' title='bbox 801 1319 949 1360; x_wconf 91' lang='lat' dir='ltr'>neque</span> <span class='ocrx_word' id='word_1_122' title='bbox 989 1307 1182 1348; x_wconf 86' lang='lat' dir='ltr'>articulo</span> <span class='ocrx_word' id='word_1_123' title='bbox 1223 1309 1404 1350; x_wconf 83' lang='lat' dir='ltr'>caretur</span> <span class='ocrx_word' id='word_1_124' title='bbox 1440 1308 1536 1349; x_wconf 89' lang='lat' dir='ltr'>sine</span> <span class='ocrx_word' id='word_1_125' title='bbox 1580 1307 1801 1349; x_wconf 89' lang='lat' dir='ltr'>molestia.</span> <span class='ocrx_word' id='word_1_126' title='bbox 1948 1308 1972 1347; x_wconf 84' lang='grc'>4</span> <span class='ocrx_word' id='word_1_127' title='bbox 2013 1306 2242 1359; x_wconf 90' lang='lat' dir='ltr'>Supplevi.</span> 
     </span>
     <span class='ocr_line' id='line_1_16' title="bbox 259 1375 2242 1434; baseline -0.001 -15"><span class='ocrx_word' id='word_1_128' title='bbox 259 1381 491 1422; x_wconf 74' lang='grc' dir='ltr'>,ΟΥΣΙΙΞ</span> <span class='ocrx_word' id='word_1_129' title='bbox 522 1380 648 1432; x_wconf 86' lang='lat' dir='ltr'>lapis,</span> <span class='ocrx_word' id='word_1_130' title='bbox 692 1391 809 1431; x_wconf 88' lang='lat' dir='ltr'>quae</span> <span class='ocrx_word' id='word_1_131' title='bbox 841 1379 1059 1431; x_wconf 88' lang='lat' dir='ltr'>reliquiae</span> <span class='ocrx_word' id='word_1_132' title='bbox 1089 1380 1361 1420; x_wconf 89' lang='lat' dir='ltr'>coniunctae</span> <span class='ocrx_word' id='word_1_133' title='bbox 1392 1390 1495 1420; x_wconf 90' lang='lat' dir='ltr'>cum</span> <span class='ocrx_word' id='word_1_134' title='bbox 1529 1379 1713 1432; x_wconf 89' lang='lat' dir='ltr'>epiclesi</span> <span class='ocrx_word' id='word_1_135' title='bbox 1743 1375 1937 1434; x_wconf 86' lang='grc' dir='ltr'>Πιερίδος</span> <span class='ocrx_word' id='word_1_136' title='bbox 1975 1378 2031 1419; x_wconf 90' lang='lat' dir='ltr'>de</span> <span class='ocrx_word' id='word_1_137' title='bbox 2061 1378 2242 1430; x_wconf 89' lang='lat' dir='ltr'>supple-</span> 
     </span>
     <span class='ocr_line' id='line_1_17' title="bbox 257 1448 2242 1507; baseline -0.001 -15"><span class='ocrx_word' id='word_1_138' title='bbox 257 1454 409 1492; x_wconf 86' lang='lat' dir='ltr'>mento</span> <span class='ocrx_word' id='word_1_139' title='bbox 443 1452 641 1492; x_wconf 89' lang='lat' dir='ltr'>dubitari</span> <span class='ocrx_word' id='word_1_140' title='bbox 672 1463 764 1492; x_wconf 93' lang='lat' dir='ltr'>non</span> <span class='ocrx_word' id='word_1_141' title='bbox 794 1452 1043 1504; x_wconf 89' lang='lat' dir='ltr'>patiuntur.</span> <span class='ocrx_word' id='word_1_142' title='bbox 1103 1451 1218 1493; x_wconf 90' lang='lat' dir='ltr'>Nam</span> <span class='ocrx_word' id='word_1_143' title='bbox 1249 1452 1377 1504; x_wconf 89' lang='lat' dir='ltr'>quod</span> <span class='ocrx_word' id='word_1_144' title='bbox 1407 1450 1464 1493; x_wconf 89' lang='lat' dir='ltr'>ad</span> <span class='ocrx_word' id='word_1_145' title='bbox 1494 1448 1687 1507; x_wconf 84' lang='grc' dir='ltr'>Πιερίδος</span> <span class='ocrx_word' id='word_1_146' title='bbox 1724 1451 1924 1492; x_wconf 82' lang='lat' dir='ltr'>editores</span> <span class='ocrx_word' id='word_1_147' title='bbox 1964 1451 2242 1492; x_wconf 88' lang='lat' dir='ltr'>mentionem</span> 
     </span>
     <span class='ocr_line' id='line_1_18' title="bbox 255 1521 2289 1575; baseline -0 -13"><span class='ocrx_word' id='word_1_148' title='bbox 255 1524 445 1564; x_wconf 90' lang='lat' dir='ltr'>iniciunt</span> <span class='ocrx_word' id='word_1_149' title='bbox 482 1523 601 1563; x_wconf 90' lang='lat' dir='ltr'>tituli</span> <span class='ocrx_word' id='word_1_150' title='bbox 640 1534 681 1563; x_wconf 92' lang='lat' dir='ltr'>n.</span> <span class='ocrx_word' id='word_1_151' title='bbox 705 1526 802 1575; x_wconf 88' lang='grc'><strong>257,</strong></span> <span class='ocrx_word' id='word_1_152' title='bbox 827 1525 865 1563; x_wconf 90' lang='grc'>4.</span> <span class='ocrx_word' id='word_1_153' title='bbox 889 1526 958 1575; x_wconf 79' lang='grc'>49,</span> <span class='ocrx_word' id='word_1_154' title='bbox 997 1522 1078 1563; x_wconf 89' lang='lat' dir='ltr'>ubi</span> <span class='ocrx_word' id='word_1_155' title='bbox 1109 1522 1164 1563; x_wconf 92' lang='lat' dir='ltr'>de</span> <span class='ocrx_word' id='word_1_156' title='bbox 1195 1522 1396 1563; x_wconf 85' lang='lat' dir='ltr'>Seleucia</span> <span class='ocrx_word' id='word_1_157' title='bbox 1427 1523 1596 1564; x_wconf 84' lang='lat' dir='ltr'>Pieriae</span> <span class='ocrx_word' id='word_1_158' title='bbox 1627 1523 1807 1575; x_wconf 88' lang='lat' dir='ltr'>dicitur,</span> <span class='ocrx_word' id='word_1_159' title='bbox 1845 1522 1892 1563; x_wconf 93' lang='lat' dir='ltr'>id</span> <span class='ocrx_word' id='word_1_160' title='bbox 1922 1521 1979 1563; x_wconf 92' lang='lat' dir='ltr'>ab</span> <span class='ocrx_word' id='word_1_161' title='bbox 2010 1522 2147 1562; x_wconf 90' lang='lat' dir='ltr'>huius</span> <span class='ocrx_word' id='word_1_162' title='bbox 2176 1522 2242 1561; x_wconf 89' lang='lat' dir='ltr'>in·</span> <span class='ocrx_word' id='word_1_163' title='bbox 2287 1551 2289 1553; x_wconf 72' lang='lat'>.</span> 
     </span>
     <span class='ocr_line' id='line_1_19' title="bbox 256 1594 2240 1647; baseline -0.001 -13"><span class='ocrx_word' id='word_1_164' title='bbox 256 1595 514 1647; x_wconf 89' lang='lat' dir='ltr'>scriptionis</span> <span class='ocrx_word' id='word_1_165' title='bbox 547 1597 813 1646; x_wconf 86' lang='lat' dir='ltr'>argumento</span> <span class='ocrx_word' id='word_1_166' title='bbox 845 1594 1172 1635; x_wconf 90' lang='lat' dir='ltr'>alienissimum</span> <span class='ocrx_word' id='word_1_167' title='bbox 1202 1596 1284 1635; x_wconf 92' lang='lat' dir='ltr'>est.</span> <span class='ocrx_word' id='word_1_168' title='bbox 1344 1595 1495 1636; x_wconf 90' lang='lat' dir='ltr'>Musas</span> <span class='ocrx_word' id='word_1_169' title='bbox 1533 1594 1637 1635; x_wconf 90' lang='lat' dir='ltr'>inde</span> <span class='ocrx_word' id='word_1_170' title='bbox 1675 1594 1732 1636; x_wconf 87' lang='lat' dir='ltr'>ab</span> <span class='ocrx_word' id='word_1_171' title='bbox 1765 1594 1961 1635; x_wconf 85' lang='lat' dir='ltr'>Hesiodo</span> <span class='ocrx_word' id='word_1_172' title='bbox 1992 1594 2155 1645; x_wconf 88' lang='lat' dir='ltr'>Theog.</span> <span class='ocrx_word' id='word_1_173' title='bbox 2189 1596 2240 1634; x_wconf 83' lang='grc'>53</span> 
     </span>
     <span class='ocr_line' id='line_1_20' title="bbox 254 1661 2239 1724; baseline -0.001 -18"><span class='ocrx_word' id='word_1_174' title='bbox 254 1663 328 1711; x_wconf 86' lang='grc' dir='ltr'>τὰς</span> <span class='ocrx_word' id='word_1_175' title='bbox 360 1663 403 1706; x_wconf 85' lang='grc' dir='ltr'>ἐν</span> <span class='ocrx_word' id='word_1_176' title='bbox 436 1663 584 1724; x_wconf 78' lang='grc' dir='ltr'>Πιερίῃ</span> <span class='ocrx_word' id='word_1_177' title='bbox 617 1661 808 1722; x_wconf 76' lang='grc' dir='ltr'>Κρονίδῃ</span> <span class='ocrx_word' id='word_1_178' title='bbox 839 1663 937 1707; x_wconf 76' lang='grc' dir='ltr'>τέκε</span> <span class='ocrx_word' id='word_1_179' title='bbox 967 1663 1093 1724; x_wconf 84' lang='grc' dir='ltr'>πατρὶ</span> <span class='ocrx_word' id='word_1_180' title='bbox 1125 1669 1295 1723; x_wconf 84' lang='grc' dir='ltr'>μιγεῖσα</span> <span class='ocrx_word' id='word_1_181' title='bbox 1325 1661 1594 1723; x_wconf 81' lang='grc' dir='ltr'>Μνημοσύνη</span> <span class='ocrx_word' id='word_1_182' title='bbox 1634 1677 1715 1719; x_wconf 91' lang='lat' dir='ltr'>per</span> <span class='ocrx_word' id='word_1_183' title='bbox 1751 1667 1894 1707; x_wconf 85' lang='lat' dir='ltr'>totam</span> <span class='ocrx_word' id='word_1_184' title='bbox 1926 1666 2239 1717; x_wconf 85' lang='lat' dir='ltr'>antiquitatem</span> 
     </span>
     <span class='ocr_line' id='line_1_21' title="bbox 259 1738 2242 1790; baseline -0.001 -12"><span class='ocrx_word' id='word_1_185' title='bbox 259 1738 474 1778; x_wconf 88' lang='lat' dir='ltr'>Graecam</span> <span class='ocrx_word' id='word_1_186' title='bbox 505 1740 550 1778; x_wconf 89' lang='lat' dir='ltr'>et</span> <span class='ocrx_word' id='word_1_187' title='bbox 580 1739 829 1779; x_wconf 82' lang='lat' dir='ltr'>Romanam</span> <span class='ocrx_word' id='word_1_188' title='bbox 860 1739 1112 1779; x_wconf 86' lang='lat' dir='ltr'>innumeris</span> <span class='ocrx_word' id='word_1_189' title='bbox 1143 1739 1255 1779; x_wconf 92' lang='lat' dir='ltr'>locis</span> <span class='ocrx_word' id='word_1_190' title='bbox 1287 1738 1486 1779; x_wconf 88' lang='lat' dir='ltr'>Pieridas</span> <span class='ocrx_word' id='word_1_191' title='bbox 1518 1739 1673 1780; x_wconf 85' lang='lat' dir='ltr'>vocari</span> <span class='ocrx_word' id='word_1_192' title='bbox 1703 1739 1749 1779; x_wconf 91' lang='lat' dir='ltr'>in</span> <span class='ocrx_word' id='word_1_193' title='bbox 1779 1738 1941 1789; x_wconf 83' lang='lat' dir='ltr'>volgus</span> <span class='ocrx_word' id='word_1_194' title='bbox 1971 1740 2131 1779; x_wconf 88' lang='lat' dir='ltr'>notum</span> <span class='ocrx_word' id='word_1_195' title='bbox 2161 1738 2242 1790; x_wconf 89' lang='lat' dir='ltr'>est,</span> 
     </span>
     <span class='ocr_line' id='line_1_22' title="bbox 256 1809 2240 1852; baseline -0.001 -2"><span class='ocrx_word' id='word_1_196' title='bbox 256 1810 336 1850; x_wconf 91' lang='lat' dir='ltr'>sed</span> <span class='ocrx_word' id='word_1_197' title='bbox 369 1809 664 1851; x_wconf 88' lang='lat' dir='ltr'>memorabile</span> <span class='ocrx_word' id='word_1_198' title='bbox 700 1813 768 1851; x_wconf 91' lang='lat' dir='ltr'>est</span> <span class='ocrx_word' id='word_1_199' title='bbox 809 1811 983 1851; x_wconf 92' lang='lat' dir='ltr'>unius</span> <span class='ocrx_word' id='word_1_200' title='bbox 1019 1812 1174 1851; x_wconf 91' lang='lat' dir='ltr'>Musae</span> <span class='ocrx_word' id='word_1_201' title='bbox 1212 1811 1534 1852; x_wconf 90' lang='lat' dir='ltr'>sacerdotium.</span> <span class='ocrx_word' id='word_1_202' title='bbox 1594 1809 1710 1852; x_wconf 90' lang='lat' dir='ltr'>Nam</span> <span class='ocrx_word' id='word_1_203' title='bbox 1748 1811 1802 1850; x_wconf 91' lang='lat' dir='ltr'>ut</span> <span class='ocrx_word' id='word_1_204' title='bbox 1842 1810 1899 1850; x_wconf 90' lang='lat' dir='ltr'>ab</span> <span class='ocrx_word' id='word_1_205' title='bbox 1938 1810 2064 1850; x_wconf 90' lang='lat' dir='ltr'>initio</span> <span class='ocrx_word' id='word_1_206' title='bbox 2104 1820 2240 1850; x_wconf 90' lang='lat' dir='ltr'>unam</span> 
     </span>
     <span class='ocr_line' id='line_1_23' title="bbox 254 1881 2278 1935; baseline -0 -13"><span class='ocrx_word' id='word_1_207' title='bbox 254 1882 393 1922; x_wconf 87' lang='lat' dir='ltr'>fuisse</span> <span class='ocrx_word' id='word_1_208' title='bbox 436 1882 566 1923; x_wconf 89' lang='lat' dir='ltr'>deam</span> <span class='ocrx_word' id='word_1_209' title='bbox 597 1883 773 1923; x_wconf 89' lang='lat' dir='ltr'>Musam</span> <span class='ocrx_word' id='word_1_210' title='bbox 804 1882 1040 1935; x_wconf 89' lang='lat' dir='ltr'>probabile</span> <span class='ocrx_word' id='word_1_211' title='bbox 1078 1893 1131 1923; x_wconf 91' lang='lat' dir='ltr'>ac</span> <span class='ocrx_word' id='word_1_212' title='bbox 1161 1893 1302 1935; x_wconf 88' lang='lat' dir='ltr'>paene</span> <span class='ocrx_word' id='word_1_213' title='bbox 1341 1884 1518 1923; x_wconf 90' lang='lat' dir='ltr'>certum</span> <span class='ocrx_word' id='word_1_214' title='bbox 1555 1884 1626 1923; x_wconf 92' lang='lat' dir='ltr'>est</span> <span class='ocrx_word' id='word_1_215' title='bbox 1666 1882 1734 1935; x_wconf 89' lang='lat' dir='ltr'>(cf.</span> <span class='ocrx_word' id='word_1_216' title='bbox 1768 1882 1815 1922; x_wconf 94' lang='grc' dir='ltr'>Ο.</span> <span class='ocrx_word' id='word_1_217' title='bbox 1837 1881 1914 1922; x_wconf 87' lang='lat' dir='ltr'>Bie</span> <span class='ocrx_word' id='word_1_218' title='bbox 1946 1893 2016 1934; x_wconf 90' lang='lat' dir='ltr'>ap.</span> <span class='ocrx_word' id='word_1_219' title='bbox 2048 1881 2244 1922; x_wconf 86' lang='lat' dir='ltr'>Roscher</span> <span class='ocrx_word' id='word_1_220' title='bbox 2272 1903 2278 1909; x_wconf 83' lang='lat'><em>·</em></span> 
     </span>
     <span class='ocr_line' id='line_1_24' title="bbox 254 1953 2243 2007; baseline 0 -13"><span class='ocrx_word' id='word_1_221' title='bbox 254 1955 452 1995; x_wconf 82' lang='lat' dir='ltr'>Lexikon</span> <span class='ocrx_word' id='word_1_222' title='bbox 483 1955 564 1994; x_wconf 91' lang='lat' dir='ltr'>der</span> <span class='ocrx_word' id='word_1_223' title='bbox 593 1966 657 2006; x_wconf 88' lang='lat' dir='ltr'>gr.</span> <span class='ocrx_word' id='word_1_224' title='bbox 689 1966 732 1995; x_wconf 95' lang='lat' dir='ltr'>u.</span> <span class='ocrx_word' id='word_1_225' title='bbox 765 1959 879 1995; x_wconf 79' lang='lat' dir='ltr'>rom.</span> <span class='ocrx_word' id='word_1_226' title='bbox 912 1955 1187 2007; x_wconf 87' lang='lat' dir='ltr'>Mythologie</span> <span class='ocrx_word' id='word_1_227' title='bbox 1217 1955 1255 1994; x_wconf 90' lang='lat'>11</span> <span class='ocrx_word' id='word_1_228' title='bbox 1285 1966 1329 2007; x_wconf 90' lang='lat' dir='ltr'>p.</span> <span class='ocrx_word' id='word_1_229' title='bbox 1355 1955 1495 2007; x_wconf 83' lang='lat'>3239),</span> <span class='ocrx_word' id='word_1_230' title='bbox 1526 1955 1589 1995; x_wconf 92' lang='lat' dir='ltr'>ita</span> <span class='ocrx_word' id='word_1_231' title='bbox 1618 1954 1739 1995; x_wconf 89' lang='lat' dir='ltr'>illius</span> <span class='ocrx_word' id='word_1_232' title='bbox 1770 1954 2112 2006; x_wconf 84' lang='lat' dir='ltr'>antiquissimae</span> <span class='ocrx_word' id='word_1_233' title='bbox 2142 1953 2243 1994; x_wconf 89' lang='lat' dir='ltr'>reli-</span> 
     </span>
     <span class='ocr_line' id='line_1_25' title="bbox 254 2015 2310 2095; baseline -0.001 -28"><span class='ocrx_word' id='word_1_234' title='bbox 254 2027 398 2078; x_wconf 87' lang='lat' dir='ltr'>gionis</span> <span class='ocrx_word' id='word_1_235' title='bbox 430 2027 620 2078; x_wconf 88' lang='lat' dir='ltr'>vestigia</span> <span class='ocrx_word' id='word_1_236' title='bbox 651 2038 741 2067; x_wconf 93' lang='lat' dir='ltr'>non</span> <span class='ocrx_word' id='word_1_237' title='bbox 781 2028 961 2067; x_wconf 85' lang='lat' dir='ltr'>exstant</span> <span class='ocrx_word' id='word_1_238' title='bbox 1000 2027 1086 2067; x_wconf 92' lang='lat' dir='ltr'>nisi</span> <span class='ocrx_word' id='word_1_239' title='bbox 1122 2028 1169 2067; x_wconf 91' lang='lat' dir='ltr'>in</span> <span class='ocrx_word' id='word_1_240' title='bbox 1210 2025 1578 2067; x_wconf 87' lang='lat' dir='ltr'>invocationibus</span> <span class='ocrx_word' id='word_1_241' title='bbox 1609 2028 1850 2079; x_wconf 90' lang='lat' dir='ltr'>poetarum</span> <span class='ocrx_word' id='word_1_242' title='bbox 1892 2028 1938 2066; x_wconf 89' lang='lat' dir='ltr'>et</span> <span class='ocrx_word' id='word_1_243' title='bbox 1967 2026 2242 2067; x_wconf 88' lang='lat' dir='ltr'>Graecorum</span> <span class='ocrx_word' id='word_1_244' title='bbox 2266 2015 2310 2095; x_wconf 38' lang='lat' dir='ltr'><em>J</em></span> 
     </span>
     <span class='ocr_line' id='line_1_26' title="bbox 254 2068 2309 2150; baseline 0 -12"><span class='ocrx_word' id='word_1_245' title='bbox 254 2100 298 2138; x_wconf 90' lang='lat' dir='ltr'>et</span> <span class='ocrx_word' id='word_1_246' title='bbox 329 2099 590 2139; x_wconf 89' lang='lat' dir='ltr'>Latinorum</span> <span class='ocrx_word' id='word_1_247' title='bbox 632 2098 712 2139; x_wconf 87' lang='lat' dir='ltr'>ubi</span> <span class='ocrx_word' id='word_1_248' title='bbox 741 2095 880 2140; x_wconf 74' lang='lat' dir='ltr'>Musa</span> <span class='ocrx_word' id='word_1_249' title='bbox 921 2098 1006 2150; x_wconf 80' lang='lat' dir='ltr'>(vel</span> <span class='ocrx_word' id='word_1_250' title='bbox 1036 2095 1204 2150; x_wconf 77' lang='lat' dir='ltr'>Pieris)</span> <span class='ocrx_word' id='word_1_251' title='bbox 1249 2098 1372 2139; x_wconf 91' lang='lat' dir='ltr'>haud</span> <span class='ocrx_word' id='word_1_252' title='bbox 1413 2109 1516 2139; x_wconf 91' lang='lat' dir='ltr'>raro</span> <span class='ocrx_word' id='word_1_253' title='bbox 1554 2099 1754 2139; x_wconf 91' lang='lat' dir='ltr'>occurrit</span> <span class='ocrx_word' id='word_1_254' title='bbox 1794 2098 1916 2139; x_wconf 91' lang='lat' dir='ltr'>nulla</span> <span class='ocrx_word' id='word_1_255' title='bbox 1955 2098 2242 2138; x_wconf 88' lang='lat' dir='ltr'>distinctione</span> <span class='ocrx_word' id='word_1_256' title='bbox 2265 2068 2309 2139; x_wconf 67' lang='grc' dir='ltr'><em>Η</em></span> 
     </span>
     <span class='ocr_line' id='line_1_27' title="bbox 255 2170 2242 2223; baseline -0.001 -12"><span class='ocrx_word' id='word_1_257' title='bbox 255 2170 419 2211; x_wconf 87' lang='lat' dir='ltr'>addita.</span> <span class='ocrx_word' id='word_1_258' title='bbox 479 2171 535 2211; x_wconf 87' lang='lat' dir='ltr'>At</span> <span class='ocrx_word' id='word_1_259' title='bbox 561 2172 607 2211; x_wconf 90' lang='lat' dir='ltr'>in</span> <span class='ocrx_word' id='word_1_260' title='bbox 639 2172 780 2211; x_wconf 86' lang='lat' dir='ltr'>sacris</span> <span class='ocrx_word' id='word_1_261' title='bbox 811 2170 935 2223; x_wconf 85' lang='lat' dir='ltr'>quod</span> <span class='ocrx_word' id='word_1_262' title='bbox 966 2171 1107 2212; x_wconf 90' lang='lat' dir='ltr'>sciam</span> <span class='ocrx_word' id='word_1_263' title='bbox 1138 2170 1314 2211; x_wconf 91' lang='lat' dir='ltr'>nullum</span> <span class='ocrx_word' id='word_1_264' title='bbox 1344 2181 1542 2223; x_wconf 89' lang='lat' dir='ltr'>usquam</span> <span class='ocrx_word' id='word_1_265' title='bbox 1574 2171 1846 2212; x_wconf 89' lang='lat' dir='ltr'>observatur</span> <span class='ocrx_word' id='word_1_266' title='bbox 1880 2171 1979 2211; x_wconf 91' lang='lat' dir='ltr'>eius</span> <span class='ocrx_word' id='word_1_267' title='bbox 2009 2171 2075 2211; x_wconf 86' lang='lat' dir='ltr'>rei</span> <span class='ocrx_word' id='word_1_268' title='bbox 2104 2171 2242 2211; x_wconf 83' lang='lat' dir='ltr'>vesti-</span> 
     </span>
     <span class='ocr_line' id='line_1_28' title="bbox 254 2182 2314 2295; baseline 0 -13"><span class='ocrx_word' id='word_1_269' title='bbox 254 2243 391 2294; x_wconf 82' lang='lat' dir='ltr'>gium.</span> <span class='ocrx_word' id='word_1_270' title='bbox 444 2243 557 2283; x_wconf 92' lang='lat' dir='ltr'>Cum</span> <span class='ocrx_word' id='word_1_271' title='bbox 588 2254 677 2284; x_wconf 92' lang='lat' dir='ltr'>non</span> <span class='ocrx_word' id='word_1_272' title='bbox 709 2242 962 2295; x_wconf 89' lang='lat' dir='ltr'>definiatur,</span> <span class='ocrx_word' id='word_1_273' title='bbox 995 2242 1183 2283; x_wconf 88' lang='lat' dir='ltr'>ubinam</span> <span class='ocrx_word' id='word_1_274' title='bbox 1213 2243 1287 2283; x_wconf 90' lang='lat' dir='ltr'>ille</span> <span class='ocrx_word' id='word_1_275' title='bbox 1318 2243 1456 2284; x_wconf 91' lang='lat' dir='ltr'>homo</span> <span class='ocrx_word' id='word_1_276' title='bbox 1487 2242 1742 2283; x_wconf 91' lang='lat' dir='ltr'>sacerdotio</span> <span class='ocrx_word' id='word_1_277' title='bbox 1773 2243 1926 2283; x_wconf 91' lang='lat' dir='ltr'>Musae</span> <span class='ocrx_word' id='word_1_278' title='bbox 1956 2242 2137 2283; x_wconf 86' lang='lat' dir='ltr'>functus</span> <span class='ocrx_word' id='word_1_279' title='bbox 2169 2243 2269 2295; x_wconf 85' lang='lat' dir='ltr'>sit,</span> <span class='ocrx_word' id='word_1_280' title='bbox 2262 2267 2305 2295; x_wconf 90' lang='lat' dir='ltr'><em>J</em></span> <span class='ocrx_word' id='word_1_281' title='bbox 2264 2182 2314 2269; x_wconf 46' lang='lat' dir='ltr'>gi*</span> 
     </span>
     <span class='ocr_line' id='line_1_29' title="bbox 254 2314 2302 2370; baseline 0 -16"><span class='ocrx_word' id='word_1_282' title='bbox 254 2315 299 2354; x_wconf 93' lang='lat' dir='ltr'>id</span> <span class='ocrx_word' id='word_1_283' title='bbox 331 2315 593 2356; x_wconf 88' lang='lat' dir='ltr'>coniectura</span> <span class='ocrx_word' id='word_1_284' title='bbox 624 2314 870 2355; x_wconf 87' lang='lat' dir='ltr'>diiudicare</span> <span class='ocrx_word' id='word_1_285' title='bbox 908 2314 1140 2355; x_wconf 90' lang='lat' dir='ltr'>lubricum</span> <span class='ocrx_word' id='word_1_286' title='bbox 1181 2316 1263 2356; x_wconf 92' lang='lat' dir='ltr'>est.</span> <span class='ocrx_word' id='word_1_287' title='bbox 1323 2315 1381 2355; x_wconf 90' lang='lat' dir='ltr'>At</span> <span class='ocrx_word' id='word_1_288' title='bbox 1425 2316 1464 2355; x_wconf 92' lang='lat' dir='ltr'>si</span> <span class='ocrx_word' id='word_1_289' title='bbox 1509 2316 1793 2368; x_wconf 82' lang='lat' dir='ltr'>reputaveris</span> <span class='ocrx_word' id='word_1_290' title='bbox 1838 2315 2039 2367; x_wconf 91' lang='lat' dir='ltr'>reliquos</span> <span class='ocrx_word' id='word_1_291' title='bbox 2083 2323 2240 2355; x_wconf 87' lang='lat' dir='ltr'>omnes</span> <span class='ocrx_word' id='word_1_292' title='bbox 2264 2318 2302 2370; x_wconf 67' lang='grc' dir='ltr'>,ζ’</span> 
     </span>
     <span class='ocr_line' id='line_1_30' title="bbox 254 2385 2299 2441; baseline 0 -15"><span class='ocrx_word' id='word_1_293' title='bbox 254 2387 448 2427; x_wconf 90' lang='lat' dir='ltr'>honores</span> <span class='ocrx_word' id='word_1_294' title='bbox 479 2398 569 2428; x_wconf 90' lang='lat' dir='ltr'>non</span> <span class='ocrx_word' id='word_1_295' title='bbox 601 2386 658 2427; x_wconf 93' lang='lat' dir='ltr'>ad</span> <span class='ocrx_word' id='word_1_296' title='bbox 688 2386 933 2427; x_wconf 91' lang='lat' dir='ltr'>cuiuslibet</span> <span class='ocrx_word' id='word_1_297' title='bbox 962 2387 1159 2428; x_wconf 87' lang='lat' dir='ltr'>civitatis</span> <span class='ocrx_word' id='word_1_298' title='bbox 1190 2388 1497 2440; x_wconf 82' lang='lat' dir='ltr'>magistratus,</span> <span class='ocrx_word' id='word_1_299' title='bbox 1536 2387 1616 2428; x_wconf 91' lang='lat' dir='ltr'>sed</span> <span class='ocrx_word' id='word_1_300' title='bbox 1647 2387 1703 2428; x_wconf 93' lang='lat' dir='ltr'>ad</span> <span class='ocrx_word' id='word_1_301' title='bbox 1741 2388 1912 2439; x_wconf 89' lang='lat' dir='ltr'>regiam</span> <span class='ocrx_word' id='word_1_302' title='bbox 1941 2387 2134 2440; x_wconf 84' lang='lat' dir='ltr'>Aegypti</span> <span class='ocrx_word' id='word_1_303' title='bbox 2165 2385 2240 2427; x_wconf 83' lang='lat' dir='ltr'>ad·</span> <span class='ocrx_word' id='word_1_304' title='bbox 2260 2423 2265 2441; x_wconf 45' lang='lat'><em>3</em></span> <span class='ocrx_word' id='word_1_305' title='bbox 2295 2389 2299 2397; x_wconf 90' lang='lat'>&#39;</span> 
     </span>
     <span class='ocr_line' id='line_1_31' title="bbox 255 2458 2262 2511; baseline 0 -13"><span class='ocrx_word' id='word_1_306' title='bbox 255 2459 633 2499; x_wconf 86' lang='lat' dir='ltr'>ministrationem</span> <span class='ocrx_word' id='word_1_307' title='bbox 665 2460 884 2511; x_wconf 87' lang='lat' dir='ltr'>spectare,</span> <span class='ocrx_word' id='word_1_308' title='bbox 917 2459 1121 2511; x_wconf 91' lang='lat' dir='ltr'>proclive</span> <span class='ocrx_word' id='word_1_309' title='bbox 1150 2461 1220 2500; x_wconf 90' lang='lat' dir='ltr'>est</span> <span class='ocrx_word' id='word_1_310' title='bbox 1250 2459 1338 2500; x_wconf 95' lang='lat' dir='ltr'>hoc</span> <span class='ocrx_word' id='word_1_311' title='bbox 1362 2459 1416 2500; x_wconf 92' lang='lat' dir='ltr'>de</span> <span class='ocrx_word' id='word_1_312' title='bbox 1447 2459 1603 2500; x_wconf 91' lang='lat' dir='ltr'>Museo</span> <span class='ocrx_word' id='word_1_313' title='bbox 1633 2459 1935 2501; x_wconf 83' lang='lat' dir='ltr'>Alexandrino</span> <span class='ocrx_word' id='word_1_314' title='bbox 1969 2458 2026 2500; x_wconf 92' lang='lat' dir='ltr'>ab</span> <span class='ocrx_word' id='word_1_315' title='bbox 2056 2458 2262 2511; x_wconf 81' lang='lat' dir='ltr'>regibus-</span> 
     </span>
     <span class='ocr_line' id='line_1_32' title="bbox 253 2530 2237 2584; baseline 0.001 -15"><span class='ocrx_word' id='word_1_316' title='bbox 253 2530 462 2570; x_wconf 91' lang='lat' dir='ltr'>instituto</span> <span class='ocrx_word' id='word_1_317' title='bbox 494 2531 795 2583; x_wconf 84' lang='lat' dir='ltr'>interpretari.</span> <span class='ocrx_word' id='word_1_318' title='bbox 845 2530 959 2572; x_wconf 90' lang='lat' dir='ltr'>Nam</span> <span class='ocrx_word' id='word_1_319' title='bbox 992 2531 1032 2571; x_wconf 92' lang='lat' dir='ltr'>ei</span> <span class='ocrx_word' id='word_1_320' title='bbox 1055 2531 1338 2572; x_wconf 90' lang='lat' dir='ltr'>sacerdotem</span> <span class='ocrx_word' id='word_1_321' title='bbox 1360 2530 1610 2583; x_wconf 81' lang='lat' dir='ltr'>praefuisse</span> <span class='ocrx_word' id='word_1_322' title='bbox 1640 2531 1801 2572; x_wconf 87' lang='lat' dir='ltr'>Strabo</span> <span class='ocrx_word' id='word_1_323' title='bbox 1822 2530 1958 2572; x_wconf 84' lang='lat' dir='ltr'>refert</span> <span class='ocrx_word' id='word_1_324' title='bbox 1988 2530 2135 2583; x_wconf 88' lang='lat' dir='ltr'>(XVII,</span> <span class='ocrx_word' id='word_1_325' title='bbox 2153 2534 2192 2584; x_wconf 83' lang='grc'>4,</span> <span class='ocrx_word' id='word_1_326' title='bbox 2213 2533 2237 2571; x_wconf 87' lang='grc'><strong>8</strong></span> 
     </span>
     <span class='ocr_line' id='line_1_33' title="bbox 254 2597 2257 2662; baseline 0.001 -22"><span class='ocrx_word' id='word_1_327' title='bbox 254 2611 297 2652; x_wconf 90' lang='lat' dir='ltr'>p.</span> <span class='ocrx_word' id='word_1_328' title='bbox 323 2604 402 2641; x_wconf 87' lang='grc'>794</span> <span class='ocrx_word' id='word_1_329' title='bbox 437 2602 554 2642; x_wconf 90' lang='lat' dir='ltr'>Cas.:</span> <span class='ocrx_word' id='word_1_330' title='bbox 599 2597 687 2642; x_wconf 82' lang='grc' dir='ltr'>ἔστι</span> <span class='ocrx_word' id='word_1_331' title='bbox 726 2601 773 2643; x_wconf 83' lang='grc' dir='ltr'>’δὲ</span> <span class='ocrx_word' id='word_1_332' title='bbox 809 2601 865 2658; x_wconf 78' lang='grc' dir='ltr'>τῇ</span> <span class='ocrx_word' id='word_1_333' title='bbox 904 2601 1066 2656; x_wconf 81' lang='grc' dir='ltr'>συνόδῳ</span> <span class='ocrx_word' id='word_1_334' title='bbox 1097 2600 1228 2662; x_wconf 81' lang='grc' dir='ltr'>ταύτῃ</span> <span class='ocrx_word' id='word_1_335' title='bbox 1259 2601 1332 2644; x_wconf 71' lang='grc' dir='ltr'>καὶ</span> <span class='ocrx_word' id='word_1_336' title='bbox 1362 2601 1568 2662; x_wconf 84' lang='grc' dir='ltr'>χρήματα</span> <span class='ocrx_word' id='word_1_337' title='bbox 1606 2600 1731 2644; x_wconf 76' lang='grc' dir='ltr'>’κοινὰ</span> <span class='ocrx_word' id='word_1_338' title='bbox 1759 2601 1831 2644; x_wconf 71' lang='grc' dir='ltr'>καὶ</span> <span class='ocrx_word' id='word_1_339' title='bbox 1864 2600 1997 2659; x_wconf 82' lang='grc' dir='ltr'>ἱερεὺς</span> <span class='ocrx_word' id='word_1_340' title='bbox 2029 2599 2052 2644; x_wconf 87' lang='grc' dir='ltr'><strong>ὁ</strong></span> <span class='ocrx_word' id='word_1_341' title='bbox 2082 2600 2152 2643; x_wconf 86' lang='grc' dir='ltr'>ἐπὶ</span> <span class='ocrx_word' id='word_1_342' title='bbox 2179 2598 2257 2658; x_wconf 60' lang='grc' dir='ltr'>τῷἶ</span> 
     </span>
     <span class='ocr_line' id='line_1_34' title="bbox 253 2669 2236 2732; baseline -0.001 -17"><span class='ocrx_word' id='word_1_343' title='bbox 253 2669 454 2729; x_wconf 85' lang='grc' dir='ltr'>Μουσείῳ</span> <span class='ocrx_word' id='word_1_344' title='bbox 484 2671 741 2730; x_wconf 77' lang='grc' dir='ltr'>τεταγμένος</span> <span class='ocrx_word' id='word_1_345' title='bbox 783 2672 879 2715; x_wconf 85' lang='grc' dir='ltr'>τότε</span> <span class='ocrx_word' id='word_1_346' title='bbox 918 2673 996 2729; x_wconf 88' lang='grc' dir='ltr'>μὲν</span> <span class='ocrx_word' id='word_1_347' title='bbox 1037 2671 1119 2716; x_wconf 80' lang='grc' dir='ltr'>ὑπὸ</span> <span class='ocrx_word' id='word_1_348' title='bbox 1157 2677 1233 2716; x_wconf 80' lang='grc' dir='ltr'>τοῦ</span> <span class='ocrx_word' id='word_1_349' title='bbox 1275 2672 1496 2730; x_wconf 84' lang='grc' dir='ltr'>βασιλέως,</span> <span class='ocrx_word' id='word_1_350' title='bbox 1534 2676 1607 2716; x_wconf 82' lang='grc' dir='ltr'>νῦν</span> <span class='ocrx_word' id='word_1_351' title='bbox 1649 2669 1680 2716; x_wconf 80' lang='grc' dir='ltr'>δ’</span> <span class='ocrx_word' id='word_1_352' title='bbox 1704 2672 1786 2716; x_wconf 79' lang='grc' dir='ltr'>ὑπὸ</span> <span class='ocrx_word' id='word_1_353' title='bbox 1819 2669 2061 2732; x_wconf 84' lang='grc' dir='ltr'>Καίσαρος),</span> <span class='ocrx_word' id='word_1_354' title='bbox 2101 2684 2236 2726; x_wconf 86' lang='lat' dir='ltr'>quem</span> 
     </span>
     <span class='ocr_line' id='line_1_35' title="bbox 253 2745 2236 2788; baseline -0.001 -1"><span class='ocrx_word' id='word_1_355' title='bbox 253 2747 484 2787; x_wconf 87' lang='lat' dir='ltr'>Musarum</span> <span class='ocrx_word' id='word_1_356' title='bbox 518 2746 614 2785; x_wconf 88' lang='lat' dir='ltr'>sive</span> <span class='ocrx_word' id='word_1_357' title='bbox 644 2746 796 2786; x_wconf 90' lang='lat' dir='ltr'>Musae</span> <span class='ocrx_word' id='word_1_358' title='bbox 826 2746 1112 2787; x_wconf 90' lang='lat' dir='ltr'>sacerdotem</span> <span class='ocrx_word' id='word_1_359' title='bbox 1135 2746 1272 2787; x_wconf 86' lang='lat' dir='ltr'>fuisse</span> <span class='ocrx_word' id='word_1_360' title='bbox 1294 2747 1394 2788; x_wconf 90' lang='lat' dir='ltr'>luce</span> <span class='ocrx_word' id='word_1_361' title='bbox 1414 2747 1580 2788; x_wconf 90' lang='lat' dir='ltr'>clarius</span> <span class='ocrx_word' id='word_1_362' title='bbox 1602 2749 1682 2788; x_wconf 87' lang='lat' dir='ltr'>est.</span> <span class='ocrx_word' id='word_1_363' title='bbox 1734 2746 1863 2788; x_wconf 88' lang='lat' dir='ltr'>Hunc</span> <span class='ocrx_word' id='word_1_364' title='bbox 1893 2757 1948 2787; x_wconf 78' lang='lat' dir='ltr'>ex</span> <span class='ocrx_word' id='word_1_365' title='bbox 1973 2745 2236 2787; x_wconf 84' lang='lat' dir='ltr'>hominibus</span> 
     </span>
     <span class='ocr_line' id='line_1_36' title="bbox 254 2817 2292 2874; baseline 0 -16"><span class='ocrx_word' id='word_1_366' title='bbox 254 2817 549 2858; x_wconf 88' lang='lat' dir='ltr'>nobilissimis</span> <span class='ocrx_word' id='word_1_367' title='bbox 580 2817 708 2857; x_wconf 89' lang='lat' dir='ltr'>aulae</span> <span class='ocrx_word' id='word_1_368' title='bbox 738 2818 885 2868; x_wconf 84' lang='lat' dir='ltr'>regiae</span> <span class='ocrx_word' id='word_1_369' title='bbox 915 2817 1109 2858; x_wconf 91' lang='lat' dir='ltr'>electum</span> <span class='ocrx_word' id='word_1_370' title='bbox 1141 2828 1240 2858; x_wconf 90' lang='lat' dir='ltr'>esse</span> <span class='ocrx_word' id='word_1_371' title='bbox 1271 2820 1452 2871; x_wconf 91' lang='lat' dir='ltr'>praeter</span> <span class='ocrx_word' id='word_1_372' title='bbox 1477 2818 1599 2859; x_wconf 91' lang='lat' dir='ltr'>hunc</span> <span class='ocrx_word' id='word_1_373' title='bbox 1628 2819 1812 2859; x_wconf 91' lang='lat' dir='ltr'>titulum</span> <span class='ocrx_word' id='word_1_374' title='bbox 1845 2830 1885 2859; x_wconf 93' lang='lat' dir='ltr'>n.</span> <span class='ocrx_word' id='word_1_375' title='bbox 1909 2821 2006 2871; x_wconf 82' lang='grc'>404,</span> <span class='ocrx_word' id='word_1_376' title='bbox 2031 2820 2054 2858; x_wconf 91' lang='grc'>4</span> <span class='ocrx_word' id='word_1_377' title='bbox 2086 2817 2237 2868; x_wconf 83' lang='lat' dir='ltr'>docet;</span> <span class='ocrx_word' id='word_1_378' title='bbox 2290 2872 2292 2874; x_wconf 21' lang='grc' dir='ltr'>Ι</span> 
     </span>
     <span class='ocr_line' id='line_1_37' title="bbox 253 2885 2291 2945; baseline 0 -15"><span class='ocrx_word' id='word_1_379' title='bbox 253 2901 357 2930; x_wconf 88' lang='lat' dir='ltr'>nam</span> <span class='ocrx_word' id='word_1_380' title='bbox 385 2888 511 2940; x_wconf 89' lang='lat' dir='ltr'>quod</span> <span class='ocrx_word' id='word_1_381' title='bbox 532 2888 622 2928; x_wconf 90' lang='lat' dir='ltr'>illic</span> <span class='ocrx_word' id='word_1_382' title='bbox 652 2885 882 2942; x_wconf 79' lang='grc' dir='ltr'>ἐπιστάτην</span> <span class='ocrx_word' id='word_1_383' title='bbox 913 2891 988 2930; x_wconf 80' lang='grc' dir='ltr'>τοῦ</span> <span class='ocrx_word' id='word_1_384' title='bbox 1010 2885 1226 2930; x_wconf 88' lang='grc' dir='ltr'>Μουσείου</span> <span class='ocrx_word' id='word_1_385' title='bbox 1259 2889 1438 2942; x_wconf 91' lang='lat' dir='ltr'>dicitur,</span> <span class='ocrx_word' id='word_1_386' title='bbox 1470 2890 1724 2931; x_wconf 90' lang='lat' dir='ltr'>sacerdotio</span> <span class='ocrx_word' id='word_1_387' title='bbox 1746 2901 1836 2930; x_wconf 92' lang='lat' dir='ltr'>non</span> <span class='ocrx_word' id='word_1_388' title='bbox 1863 2890 2235 2945; x_wconf 87' lang='lat' dir='ltr'>commemorato,</span> <span class='ocrx_word' id='word_1_389' title='bbox 2290 2894 2291 2922; x_wconf 75' lang='grc' dir='ltr'>ἲ</span> 
     </span>
     <span class='ocr_line' id='line_1_38' title="bbox 252 2957 2289 3014; baseline 0 -13"><span class='ocrx_word' id='word_1_390' title='bbox 252 2962 328 3001; x_wconf 93' lang='lat' dir='ltr'>hic</span> <span class='ocrx_word' id='word_1_391' title='bbox 347 2961 448 3001; x_wconf 86' lang='lat' dir='ltr'>vice</span> <span class='ocrx_word' id='word_1_392' title='bbox 478 2971 612 3000; x_wconf 85' lang='lat' dir='ltr'>versa</span> <span class='ocrx_word' id='word_1_393' title='bbox 643 2957 865 3001; x_wconf 81' lang='grc' dir='ltr'>ἐπιστάτου</span> <span class='ocrx_word' id='word_1_394' title='bbox 898 2959 1098 3001; x_wconf 87' lang='lat' dir='ltr'>officium</span> <span class='ocrx_word' id='word_1_395' title='bbox 1120 2972 1211 3002; x_wconf 90' lang='lat' dir='ltr'>non</span> <span class='ocrx_word' id='word_1_396' title='bbox 1231 2961 1412 3002; x_wconf 87' lang='lat' dir='ltr'>definite</span> <span class='ocrx_word' id='word_1_397' title='bbox 1434 2961 1671 3014; x_wconf 89' lang='lat' dir='ltr'>indicatur,</span> <span class='ocrx_word' id='word_1_398' title='bbox 1703 2961 1749 3002; x_wconf 93' lang='lat' dir='ltr'>id</span> <span class='ocrx_word' id='word_1_399' title='bbox 1771 2962 1881 3002; x_wconf 86' lang='lat' dir='ltr'>mihi</span> <span class='ocrx_word' id='word_1_400' title='bbox 1907 2961 2128 3014; x_wconf 90' lang='lat' dir='ltr'>impedire</span> <span class='ocrx_word' id='word_1_401' title='bbox 2149 2968 2236 3002; x_wconf 82' lang='lat' dir='ltr'>non</span> <span class='ocrx_word' id='word_1_402' title='bbox 2287 2974 2289 3011; x_wconf 57' lang='grc' dir='ltr'>ξ</span> 
     </span>
     <span class='ocr_line' id='line_1_39' title="bbox 252 3032 2288 3091; baseline 0 -18"><span class='ocrx_word' id='word_1_403' title='bbox 252 3033 435 3074; x_wconf 81' lang='lat' dir='ltr'>videtur</span> <span class='ocrx_word' id='word_1_404' title='bbox 473 3033 717 3084; x_wconf 89' lang='lat' dir='ltr'>quominus</span> <span class='ocrx_word' id='word_1_405' title='bbox 755 3032 996 3084; x_wconf 88' lang='lat' dir='ltr'>utriusque</span> <span class='ocrx_word' id='word_1_406' title='bbox 1035 3032 1231 3073; x_wconf 91' lang='lat' dir='ltr'>hominis</span> <span class='ocrx_word' id='word_1_407' title='bbox 1273 3033 1586 3074; x_wconf 91' lang='lat' dir='ltr'>condicionem</span> <span class='ocrx_word' id='word_1_408' title='bbox 1627 3033 1815 3074; x_wconf 91' lang='lat' dir='ltr'>eandem</span> <span class='ocrx_word' id='word_1_409' title='bbox 1856 3032 1994 3074; x_wconf 86' lang='lat' dir='ltr'>fuisse</span> <span class='ocrx_word' id='word_1_410' title='bbox 2025 3034 2237 3091; x_wconf 71' lang='lat' dir='ltr'>statuam,</span> <span class='ocrx_word' id='word_1_411' title='bbox 2286 3032 2288 3054; x_wconf 68' lang='lat' dir='ltr'>e</span> 
     </span>
     <span class='ocr_line' id='line_1_40' title="bbox 252 3103 2235 3158; baseline 0 -13"><span class='ocrx_word' id='word_1_412' title='bbox 252 3104 521 3158; x_wconf 89' lang='lat' dir='ltr'>praesertim</span> <span class='ocrx_word' id='word_1_413' title='bbox 560 3115 664 3144; x_wconf 90' lang='lat' dir='ltr'>cum</span> <span class='ocrx_word' id='word_1_414' title='bbox 702 3104 837 3144; x_wconf 91' lang='lat' dir='ltr'>etiam</span> <span class='ocrx_word' id='word_1_415' title='bbox 877 3106 1068 3156; x_wconf 89' lang='lat' dir='ltr'>uterque</span> <span class='ocrx_word' id='word_1_416' title='bbox 1106 3115 1250 3144; x_wconf 93' lang='lat' dir='ltr'>unum</span> <span class='ocrx_word' id='word_1_417' title='bbox 1292 3116 1347 3145; x_wconf 82' lang='lat' dir='ltr'>ex</span> <span class='ocrx_word' id='word_1_418' title='bbox 1387 3106 1578 3146; x_wconf 90' lang='lat' dir='ltr'>summis</span> <span class='ocrx_word' id='word_1_419' title='bbox 1620 3106 1674 3145; x_wconf 92' lang='lat' dir='ltr'>in</span> <span class='ocrx_word' id='word_1_420' title='bbox 1714 3104 1856 3145; x_wconf 89' lang='lat' dir='ltr'>urbe</span> <span class='ocrx_word' id='word_1_421' title='bbox 1893 3103 2235 3145; x_wconf 68' lang='lat' dir='ltr'>Alexandria</span> 
     </span>
     <span class='ocr_line' id='line_1_41' title="bbox 255 3172 2283 3235; baseline 0 -19"><span class='ocrx_word' id='word_1_422' title='bbox 255 3175 595 3228; x_wconf 87' lang='lat' dir='ltr'>magistratibus</span> <span class='ocrx_word' id='word_1_423' title='bbox 645 3175 846 3227; x_wconf 86' lang='lat' dir='ltr'>gesserit,</span> <span class='ocrx_word' id='word_1_424' title='bbox 897 3175 970 3215; x_wconf 91' lang='lat' dir='ltr'>ille</span> <span class='ocrx_word' id='word_1_425' title='bbox 1021 3172 1244 3231; x_wconf 77' lang='grc' dir='ltr'>ἐξηγητοῦ,</span> <span class='ocrx_word' id='word_1_426' title='bbox 1294 3177 1368 3217; x_wconf 93' lang='lat' dir='ltr'>hic</span> <span class='ocrx_word' id='word_1_427' title='bbox 1417 3173 1881 3235; x_wconf 85' lang='grc' dir='ltr'>υπομνηματογροίφου.</span> <span class='ocrx_word' id='word_1_428' title='bbox 1942 3176 2004 3217; x_wconf 91' lang='lat' dir='ltr'>Cf.</span> <span class='ocrx_word' id='word_1_429' title='bbox 2045 3188 2088 3217; x_wconf 89' lang='lat' dir='ltr'>n.</span> <span class='ocrx_word' id='word_1_430' title='bbox 2111 3172 2233 3230; x_wconf 77' lang='grc'>4044.</span> <span class='ocrx_word' id='word_1_431' title='bbox 2281 3228 2283 3231; x_wconf 14' lang='grc' dir='ltr'><strong>Υ</strong></span> 
     </span>
     <span class='ocr_line' id='line_1_42' title="bbox 255 3245 2282 3300; baseline 0.001 -13.003"><span class='ocrx_word' id='word_1_432' title='bbox 255 3252 277 3287; x_wconf 83' lang='grc'><strong>5</strong></span> <span class='ocrx_word' id='word_1_433' title='bbox 319 3248 563 3300; x_wconf 86' lang='lat' dir='ltr'>Hyperiam</span> <span class='ocrx_word' id='word_1_434' title='bbox 594 3247 763 3288; x_wconf 85' lang='lat' dir='ltr'>fontem</span> <span class='ocrx_word' id='word_1_435' title='bbox 790 3247 945 3287; x_wconf 90' lang='lat' dir='ltr'>Pheris</span> <span class='ocrx_word' id='word_1_436' title='bbox 966 3247 1220 3288; x_wconf 90' lang='lat' dir='ltr'>Thessaliae</span> <span class='ocrx_word' id='word_1_437' title='bbox 1250 3247 1390 3288; x_wconf 89' lang='lat' dir='ltr'>fuisse</span> <span class='ocrx_word' id='word_1_438' title='bbox 1414 3249 1625 3289; x_wconf 89' lang='lat' dir='ltr'>veterum</span> <span class='ocrx_word' id='word_1_439' title='bbox 1657 3248 1935 3300; x_wconf 91' lang='lat' dir='ltr'>scriptorum</span> <span class='ocrx_word' id='word_1_440' title='bbox 1973 3245 2230 3290; x_wconf 81' lang='lat' dir='ltr'>testimonio</span> <span class='ocrx_word' id='word_1_441' title='bbox 2279 3285 2282 3298; x_wconf 32' lang='grc' dir='ltr'>γ</span> 
     </span>
     <span class='ocr_line' id='line_1_43' title="bbox 253 3296 2281 3372; baseline -0.001 -12"><span class='ocrx_word' id='word_1_442' title='bbox 253 3322 442 3360; x_wconf 86' lang='lat' dir='ltr'>constat.</span> <span class='ocrx_word' id='word_1_443' title='bbox 494 3319 555 3360; x_wconf 90' lang='lat' dir='ltr'>Cf.</span> <span class='ocrx_word' id='word_1_444' title='bbox 577 3319 756 3360; x_wconf 89' lang='lat' dir='ltr'>Homer.</span> <span class='ocrx_word' id='word_1_445' title='bbox 778 3315 830 3372; x_wconf 92' lang='lat' dir='ltr'>B,</span> <span class='ocrx_word' id='word_1_446' title='bbox 851 3320 946 3360; x_wconf 85' lang='grc'>734.</span> <span class='ocrx_word' id='word_1_447' title='bbox 978 3315 1030 3372; x_wconf 92' lang='grc' dir='ltr'>Ζ,</span> <span class='ocrx_word' id='word_1_448' title='bbox 1043 3321 1139 3359; x_wconf 86' lang='grc'>457.</span> <span class='ocrx_word' id='word_1_449' title='bbox 1187 3318 1362 3360; x_wconf 91' lang='lat' dir='ltr'>Pindar.</span> <span class='ocrx_word' id='word_1_450' title='bbox 1379 3320 1507 3372; x_wconf 86' lang='lat' dir='ltr'>Pyth.</span> <span class='ocrx_word' id='word_1_451' title='bbox 1532 3319 1603 3372; x_wconf 90' lang='lat' dir='ltr'>IV,</span> <span class='ocrx_word' id='word_1_452' title='bbox 1623 3322 1719 3360; x_wconf 87' lang='grc'>222.</span> <span class='ocrx_word' id='word_1_453' title='bbox 1762 3318 2008 3372; x_wconf 92' lang='lat' dir='ltr'>Sophocles</span> <span class='ocrx_word' id='word_1_454' title='bbox 2034 3319 2086 3359; x_wconf 87' lang='lat' dir='ltr'>fr.</span> <span class='ocrx_word' id='word_1_455' title='bbox 2099 3296 2231 3371; x_wconf 55' lang='grc'><strong>825,2</strong></span> <span class='ocrx_word' id='word_1_456' title='bbox 2277 3312 2281 3367; x_wconf 63' lang='grc'>,’</span> 
     </span>
     <span class='ocr_line' id='line_1_44' title="bbox 252 3383 2278 3447; baseline -0.001 -15"><span class='ocrx_word' id='word_1_457' title='bbox 252 3390 449 3432; x_wconf 89' lang='lat' dir='ltr'>Nauck2.</span> <span class='ocrx_word' id='word_1_458' title='bbox 497 3390 655 3431; x_wconf 88' lang='lat' dir='ltr'>Strabo</span> <span class='ocrx_word' id='word_1_459' title='bbox 677 3391 752 3443; x_wconf 89' lang='lat' dir='ltr'>IX,</span> <span class='ocrx_word' id='word_1_460' title='bbox 768 3394 805 3442; x_wconf 88' lang='grc'>5,</span> <span class='ocrx_word' id='word_1_461' title='bbox 818 3394 842 3431; x_wconf 84' lang='grc'><strong>6</strong></span> <span class='ocrx_word' id='word_1_462' title='bbox 873 3401 918 3443; x_wconf 93' lang='lat' dir='ltr'>p.</span> <span class='ocrx_word' id='word_1_463' title='bbox 934 3393 1027 3431; x_wconf 86' lang='grc'><strong>432.</strong></span> <span class='ocrx_word' id='word_1_464' title='bbox 1060 3393 1113 3431; x_wconf 82' lang='grc'>48</span> <span class='ocrx_word' id='word_1_465' title='bbox 1135 3401 1178 3443; x_wconf 92' lang='lat' dir='ltr'>p.</span> <span class='ocrx_word' id='word_1_466' title='bbox 1195 3392 1274 3430; x_wconf 84' lang='grc'>439</span> <span class='ocrx_word' id='word_1_467' title='bbox 1299 3391 1395 3431; x_wconf 90' lang='lat' dir='ltr'>Cas.</span> <span class='ocrx_word' id='word_1_468' title='bbox 1437 3392 1588 3444; x_wconf 91' lang='lat' dir='ltr'>Steph.</span> <span class='ocrx_word' id='word_1_469' title='bbox 1605 3392 1710 3444; x_wconf 90' lang='lat' dir='ltr'>Byz.</span> <span class='ocrx_word' id='word_1_470' title='bbox 1722 3402 1764 3432; x_wconf 92' lang='lat' dir='ltr'>s.</span> <span class='ocrx_word' id='word_1_471' title='bbox 1769 3402 1810 3431; x_wconf 91' lang='lat' dir='ltr'>v.</span> <span class='ocrx_word' id='word_1_472' title='bbox 1836 3383 2075 3447; x_wconf 86' lang='grc' dir='ltr'>Υπερησία.</span> <span class='ocrx_word' id='word_1_473' title='bbox 2125 3389 2230 3431; x_wconf 69' lang='lat' dir='ltr'>Eius</span> <span class='ocrx_word' id='word_1_474' title='bbox 2274 3429 2278 3440; x_wconf 41' lang='lat'>2</span> 
     </span>
     <span class='ocr_line' id='line_1_45' title="bbox 254 3442 2277 3514; baseline -0.001 -12"><span class='ocrx_word' id='word_1_475' title='bbox 254 3463 505 3514; x_wconf 82' lang='lat' dir='ltr'>nympham</span> <span class='ocrx_word' id='word_1_476' title='bbox 527 3462 710 3502; x_wconf 89' lang='lat' dir='ltr'>Pheraei</span> <span class='ocrx_word' id='word_1_477' title='bbox 740 3463 786 3502; x_wconf 91' lang='lat' dir='ltr'>in</span> <span class='ocrx_word' id='word_1_478' title='bbox 816 3462 1016 3502; x_wconf 90' lang='lat' dir='ltr'>nummis</span> <span class='ocrx_word' id='word_1_479' title='bbox 1049 3462 1143 3502; x_wconf 91' lang='lat' dir='ltr'>suis</span> <span class='ocrx_word' id='word_1_480' title='bbox 1173 3464 1511 3514; x_wconf 89' lang='lat' dir='ltr'>repraesentare</span> <span class='ocrx_word' id='word_1_481' title='bbox 1542 3462 1749 3503; x_wconf 90' lang='lat' dir='ltr'>solebant</span> <span class='ocrx_word' id='word_1_482' title='bbox 1779 3461 1846 3513; x_wconf 92' lang='lat' dir='ltr'>(cf.</span> <span class='ocrx_word' id='word_1_483' title='bbox 1869 3461 2004 3502; x_wconf 90' lang='lat' dir='ltr'>Catal.</span> <span class='ocrx_word' id='word_1_484' title='bbox 2027 3460 2076 3502; x_wconf 85' lang='lat' dir='ltr'>of</span> <span class='ocrx_word' id='word_1_485' title='bbox 2092 3457 2228 3502; x_wconf 81' lang='lat' dir='ltr'>Greek</span> <span class='ocrx_word' id='word_1_486' title='bbox 2272 3442 2277 3511; x_wconf 41' lang='lat' dir='ltr'>f</span> 
     </span>
     <span class='ocr_line' id='line_1_46' title="bbox 254 3532 2227 3586; baseline 0 -13"><span class='ocrx_word' id='word_1_487' title='bbox 254 3534 378 3574; x_wconf 88' lang='lat' dir='ltr'>coins</span> <span class='ocrx_word' id='word_1_488' title='bbox 409 3535 455 3574; x_wconf 92' lang='lat' dir='ltr'>in</span> <span class='ocrx_word' id='word_1_489' title='bbox 484 3534 560 3574; x_wconf 90' lang='lat' dir='ltr'>the</span> <span class='ocrx_word' id='word_1_490' title='bbox 591 3534 758 3574; x_wconf 89' lang='lat' dir='ltr'>British</span> <span class='ocrx_word' id='word_1_491' title='bbox 778 3535 998 3586; x_wconf 89' lang='lat' dir='ltr'>Museum,</span> <span class='ocrx_word' id='word_1_492' title='bbox 1031 3533 1248 3586; x_wconf 83' lang='lat' dir='ltr'>Thessaly</span> <span class='ocrx_word' id='word_1_493' title='bbox 1279 3535 1325 3574; x_wconf 94' lang='lat' dir='ltr'>to</span> <span class='ocrx_word' id='word_1_494' title='bbox 1347 3533 1519 3575; x_wconf 88' lang='lat' dir='ltr'>Aetolia</span> <span class='ocrx_word' id='word_1_495' title='bbox 1551 3545 1593 3586; x_wconf 91' lang='lat' dir='ltr'>p.</span> <span class='ocrx_word' id='word_1_496' title='bbox 1619 3536 1670 3574; x_wconf 91' lang='grc'>48</span> <span class='ocrx_word' id='word_1_497' title='bbox 1704 3546 1745 3574; x_wconf 89' lang='lat' dir='ltr'>n.</span> <span class='ocrx_word' id='word_1_498' title='bbox 1767 3536 1834 3574; x_wconf 79' lang='grc'>24.</span> <span class='ocrx_word' id='word_1_499' title='bbox 1859 3536 1925 3586; x_wconf 85' lang='grc'>22,</span> <span class='ocrx_word' id='word_1_500' title='bbox 1959 3532 2064 3573; x_wconf 90' lang='lat' dir='ltr'>Tab.</span> <span class='ocrx_word' id='word_1_501' title='bbox 2087 3532 2141 3585; x_wconf 91' lang='lat' dir='ltr'>X,</span> <span class='ocrx_word' id='word_1_502' title='bbox 2164 3533 2227 3573; x_wconf 76' lang='lat'>⁴6.</span> 
     </span>
     <span class='ocr_line' id='line_1_47' title="bbox 253 3597 2271 3658; baseline -0.001 -14"><span class='ocrx_word' id='word_1_503' title='bbox 253 3604 288 3644; x_wconf 87' lang='lat' dir='ltr'>J.</span> <span class='ocrx_word' id='word_1_504' title='bbox 312 3605 358 3644; x_wconf 91' lang='grc' dir='ltr'>Β.</span> <span class='ocrx_word' id='word_1_505' title='bbox 379 3605 501 3645; x_wconf 91' lang='lat' dir='ltr'>Head</span> <span class='ocrx_word' id='word_1_506' title='bbox 539 3605 738 3646; x_wconf 89' lang='lat' dir='ltr'>Historia</span> <span class='ocrx_word' id='word_1_507' title='bbox 774 3617 1066 3646; x_wconf 87' lang='lat' dir='ltr'>nummorum</span> <span class='ocrx_word' id='word_1_508' title='bbox 1101 3616 1141 3657; x_wconf 89' lang='lat' dir='ltr'>p.</span> <span class='ocrx_word' id='word_1_509' title='bbox 1167 3607 1264 3657; x_wconf 87' lang='grc'><strong>262,</strong></span> <span class='ocrx_word' id='word_1_510' title='bbox 1303 3605 1359 3645; x_wconf 92' lang='lat' dir='ltr'>ad</span> <span class='ocrx_word' id='word_1_511' title='bbox 1389 3617 1526 3657; x_wconf 88' lang='lat' dir='ltr'>quem</span> <span class='ocrx_word' id='word_1_512' title='bbox 1559 3607 1775 3658; x_wconf 84' lang='lat' dir='ltr'>provocat</span> <span class='ocrx_word' id='word_1_513' title='bbox 1802 3603 1872 3645; x_wconf 91' lang='lat' dir='ltr'>W.</span> <span class='ocrx_word' id='word_1_514' title='bbox 1895 3603 2082 3644; x_wconf 85' lang='lat' dir='ltr'>Drexler</span> <span class='ocrx_word' id='word_1_515' title='bbox 2111 3597 2227 3655; x_wconf 77' lang='lat' dir='ltr'>apud</span> <span class='ocrx_word' id='word_1_516' title='bbox 2268 3604 2271 3650; x_wconf 61' lang='grc' dir='ltr'>ξ</span> 
     </span>
     <span class='ocr_line' id='line_1_48' title="bbox 254 3662 2269 3729; baseline -0.001 -13"><span class='ocrx_word' id='word_1_517' title='bbox 254 3675 533 3716; x_wconf 85' lang='lat' dir='ltr'>Roscherum</span> <span class='ocrx_word' id='word_1_518' title='bbox 564 3677 666 3716; x_wconf 89' lang='lat' dir='ltr'>Lex.</span> <span class='ocrx_word' id='word_1_519' title='bbox 700 3677 780 3717; x_wconf 90' lang='lat' dir='ltr'>der</span> <span class='ocrx_word' id='word_1_520' title='bbox 801 3688 863 3729; x_wconf 89' lang='lat' dir='ltr'>gr.</span> <span class='ocrx_word' id='word_1_521' title='bbox 886 3689 930 3718; x_wconf 91' lang='lat' dir='ltr'>u.</span> <span class='ocrx_word' id='word_1_522' title='bbox 954 3681 1066 3717; x_wconf 79' lang='lat' dir='ltr'>rom.</span> <span class='ocrx_word' id='word_1_523' title='bbox 1089 3672 1369 3728; x_wconf 84' lang='lat' dir='ltr'>Mythologie</span> <span class='ocrx_word' id='word_1_524' title='bbox 1400 3678 1464 3716; x_wconf 91' lang='grc'><strong>12</strong></span> <span class='ocrx_word' id='word_1_525' title='bbox 1495 3688 1538 3728; x_wconf 88' lang='lat' dir='ltr'>p.</span> <span class='ocrx_word' id='word_1_526' title='bbox 1562 3678 1703 3728; x_wconf 77' lang='grc'><strong>2844).</strong></span> <span class='ocrx_word' id='word_1_527' title='bbox 1764 3675 1848 3716; x_wconf 91' lang='lat' dir='ltr'>Sed</span> <span class='ocrx_word' id='word_1_528' title='bbox 1878 3677 2033 3715; x_wconf 90' lang='lat' dir='ltr'>utrum</span> <span class='ocrx_word' id='word_1_529' title='bbox 2065 3674 2137 3714; x_wconf 92' lang='lat' dir='ltr'>hic</span> <span class='ocrx_word' id='word_1_530' title='bbox 2156 3670 2226 3718; x_wconf 74' lang='lat' dir='ltr'>illa</span> <span class='ocrx_word' id='word_1_531' title='bbox 2267 3662 2269 3698; x_wconf 36' lang='grc' dir='ltr'><strong><em>Ψ</em></strong></span> 
     </span>
    </p>
   </div>
   <div class='ocr_carea' id='block_1_5' title="bbox 2261 2286 2314 3970">
    <p class='ocr_par' dir='ltr' id='par_1_5' title="bbox 2261 2286 2314 3970">
     <span class='ocr_line' id='line_1_49' title="bbox 2261 2286 2314 3970; baseline 0 0"><span class='ocrx_word' id='word_1_532' title='bbox 2261 2286 2314 3970; x_wconf 95' lang='lat' dir='ltr'> </span> 
     </span>
    </p>
   </div>
  </div>
 </body>
</html>
