2314 3970
187 219 289 271 310
874 216 944 254 111.
990 214 1137 255 Nubia
1168 217 1212 254 et
1242 214 1490 267 Aethiopia.
2012 214 2170 266 [204.-

337 387 600 456 ἐπόρθησα
646 380 738 441 τὰς
780 383 784 451 Ι
826 383 998 453 χώρας
1056 382 1234 449 αὐτῶν,
1292 382 1463 452 ἐπειδὴ
1519 385 2007 454 ἐφιλονικήσοοσιν31
2065 382 2160 453 μετ’

336 475 472 540 ἐμοῦ.
520 470 524 537 Ι
567 470 612 520 οἱ
653 468 922 536 ὃεσπότ(αι)
963 469 1059 519 τῶν
1108 466 1273 520 ἄλλων
1321 468 1495 534 ἐθνῶν,
1546 466 1595 520 οἳ
1645 472 2008 540 φιλονεικοῦσιν
2063 466 2161 538 μετ’

248 571 302 610 20
338 558 476 625 ἐμοῦ,
514 554 530 624 Η
567 555 657 606 οὐκ
696 554 811 623 ἀφῶ
827 555 871 589 3²
911 552 1089 611 αὐτοὺς
1135 553 1456 622 καθεσθῆναι
1495 554 1565 612 εἰς
1603 554 1690 623 τὴν
1731 554 1896 622 σκιάν,
1946 556 1989 607 εἰ
2040 555 2105 625 μὴ
2126 558 2170 592 33

335 639 425 693 ὑπὸ
477 638 624 708 ἡλίου
674 638 679 707 Ι
720 638 828 707 ἔξω,
879 638 966 692 καὶ
1015 640 1104 691 οὐκ
1148 638 1495 709 ἔ(ὃ)ωκα<ν>34
1540 637 1748 709 νηρὸν35
1793 641 1893 693 ἔσω
1951 642 2020 699 εἰς
2078 641 2166 711 τὴν

334 725 493 778 οἰκίαν
534 725 711 776 αὐτῶν.
762 725 807 776 οἱ
845 721 944 794 γὰρ
988 725 994 794 Ι
1037 723 1277 777 ἀντίδικοί
1317 745 1434 793 μου,
1483 723 1694 795 ἁρπάζω
1731 728 1827 778 τῶν
1866 729 2171 796 γυναικῶν36

332 809 418 863 καὶ
454 806 518 862 τὰ
558 809 737 862 παιδία
777 810 955 863 αὐτῶν.

307 1059 350 1096 34
391 1055 484 1096 Hoc
514 1054 788 1096 barbarismi
817 1056 1077 1107 portentum
1111 1065 1166 1094 ex
1197 1054 1420 1094 sermonis
1449 1053 1622 1107 Coptici
1653 1055 1983 1096 consuetudine
2014 1059 2169 1096 natum

190 1127 420 1179 perspexit
449 1127 651 1179 Lepsius.
702 1126 752 1166 In
782 1125 860 1166 illo
893 1126 1013 1166 enim
1045 1135 1144 1166 esse
1166 1125 1288 1177 quod
1310 1126 1594 1177 grammatici
1612 1127 1828 1167 vocarent
1855 1127 2171 1179 imperfectum

188 1199 342 1252 futuri,
385 1209 476 1251 quo
510 1200 719 1250 tempore
752 1197 942 1238 indicari
972 1197 1082 1249 quid
1112 1197 1214 1249 quis
1247 1197 1490 1249 praeterito
1523 1198 1729 1250 tempore
1759 1198 1960 1239 facturus
2000 1199 2171 1251 fuisset,

189 1270 330 1311 veluti
359 1270 405 1310 in
444 1269 675 1321 evangelio
707 1269 854 1309 Lucae
895 1260 1327 1311 ΝΘ-Ο-Νλ-ΜΟΥ
1356 1263 1598 1310 ‘moritwra
1625 1263 1739 1311 erat’
1771 1269 1952 1321 (Graece
1982 1267 2174 1324 ἀπέθνη-

190 1341 315 1392 σκεν).
360 1341 517 1393 Itaque
540 1337 582 1380 οἳ
602 1337 967 1396 ἐφιλονικήσουσιν
999 1350 1098 1380 esse
1118 1334 1211 1392 ‘qui
1232 1340 1503 1380 aemulaturi
1523 1335 1683 1382 erant'.
1816 1344 1868 1381 32
1910 1340 1970 1382 Cf.
1994 1343 2088 1382 not.
2103 1345 2171 1382 22.

191 1416 242 1452 33
285 1413 462 1464 Insigne
493 1413 752 1452 structurae
784 1411 841 1452 ad
870 1422 1077 1451 normam
1109 1413 1354 1463 syntaxeos
1386 1411 1599 1464 Copticae
1640 1422 1881 1465 expressae
1911 1413 2171 1465 exemplum

188 1485 262 1524 hic
292 1483 495 1524 invenire
522 1482 610 1523 sibi
629 1483 757 1523 visus
787 1483 856 1523 est
877 1482 1079 1534 Lepsius,
1111 1480 1148 1522 εἰ
1181 1481 1241 1538 μή
1273 1493 1358 1535 pro
1389 1480 1513 1524 ἀλλά.
1565 1483 1662 1531 Qua
1691 1484 1737 1524 in
1767 1485 1816 1524 re
1846 1483 2035 1536 fallitur3
2066 1495 2172 1525 nam

189 1557 277 1596 hoc
308 1556 529 1596 Graecum
569 1564 669 1595 esse
708 1554 1019 1594 demonstrant
1049 1554 1137 1594 loci
1166 1553 1483 1606 Aristophanis
1514 1554 1593 1606 Eq.
1617 1558 1699 1595 ⁴86
1739 1560 1831 1610 μῶν
1871 1553 1922 1596 ἐκ
1957 1553 2102 1597 καλῶν
2134 1553 2175 1597 εἷ

188 1624 410 1684 κάγαθῶν;
445 1625 505 1682 μὰ
532 1623 632 1671 τοὺς
662 1622 804 1678 θεούς,
844 1623 880 1665 εἰ
913 1623 974 1680 μή
1000 1619 1045 1665 ’κ
1075 1630 1272 1682 πονηρῶν
1303 1619 1360 1681 γ’.
1411 1626 1597 1678 Lysistr.
1619 1628 1702 1666 942
1735 1623 1818 1684 οὐχ
1846 1623 1928 1680 ἡδὺ
1958 1625 2005 1668 τὸ
2039 1624 2172 1683 μύρον

192 1698 253 1754 μὰ
281 1698 353 1740 τὸν
373 1693 564 1741 Ἀπόλλω
594 1694 778 1753 τουτογί,
809 1695 847 1738 εἰ
878 1695 938 1752 μὴ
963 1694 1248 1753 διατριπτικόν
1269 1711 1316 1753 γε
1336 1694 1446 1738 κούκ
1466 1694 1562 1744 ὄζον
1587 1695 1752 1754 γάμων.
1795 1698 2070 1751 Thesmoph.
2089 1702 2170 1740 897

193 1767 300 1825 αὕτη
342 1766 503 1825 Θεονόη
534 1765 758 1824 Πρωτέως.
807 1766 866 1823 μὰ
902 1769 963 1810 τὼ
1000 1765 1102 1821 θεώ,
1141 1766 1179 1809 εἰ
1221 1767 1281 1824 μὴ
1313 1764 1532 1823 Κρίτυλλά
1569 1785 1595 1826 γ
1624 1763 1833 1812 Ἀντιθέου
1864 1765 2172 1827 Γαργηττόθεν.

190 1837 391 1883 ‘Minime
421 1852 545 1894 vero,
586 1840 682 1881 sed
713 1840 899 1894 Critylla
927 1839 1128 1880 Antithei
1158 1840 1185 1881 f.
1218 1835 1476 1892 Gargettia'.
1537 1840 1618 1882 Av.
1651 1844 1760 1882 4680
1805 1838 1865 1895 μὰ
1900 1839 1971 1882 τὸν
2002 1836 2070 1883 Δί’
2092 1840 2173 1898 οὐχ

192 1911 314 1959 οὗτός
344 1926 390 1969 γε
420 1909 682 1967 παραδοῦναι
710 1909 837 1967 λέγει,
869 1910 906 1952 εἰ
939 1909 999 1966 μὴ
1029 1908 1226 1966 τιτυβίζει
1255 1905 1287 1967 γ’
1323 1910 1462 1969 ὥσπερ
1495 1910 1539 1952 αἱ
1567 1909 1798 1969 χελιδόνες.
1858 1913 1922 1953 Ac
1952 1914 2175 1954 mansisse

192 1986 313 2026 hunc
340 1984 562 2025 sermonis
582 1994 719 2024 usum
741 1983 977 2024 etiamtum
999 1984 1047 2023 in
1066 1983 1196 2025 Novo
1219 1983 1519 2036 Testamento,
1550 1995 1605 2024 ex
1626 1995 1718 2036 quo
1740 1984 1943 2036 profecto
1967 1981 2172 2025 omnium

193 2057 390 2098 maxime
423 2056 588 2095 Graece
618 2053 853 2095 discebant
882 2055 1092 2094 homines
1122 2054 1332 2106 Aegyptii
1363 2054 1603 2095 Christiani
1641 2056 1768 2095 sexto
1800 2066 1839 2096 a.
1870 2055 1971 2096 Chr.
2001 2067 2042 2096 n.
2075 2066 2175 2096 sae·

193 2129 310 2180 culo,
342 2127 622 2167 demonstrat
652 2126 776 2166 Pauli
807 2125 936 2177 epist.
969 2125 1026 2166 ad
1058 2125 1235 2166 Galatas
1258 2128 1297 2178 4,
1320 2128 1343 2165 ’1
1388 2124 1410 2166 ὃ
1449 2124 1528 2166 οὐκ
1566 2123 1676 2166 ἔστιν
1716 2122 1837 2178 ἄλλο,
1879 2125 1917 2167 εἰ
1960 2124 2021 2182 μή
2063 2125 2172 2172 τινες

194 2197 294 2239 εἰσιν
326 2197 366 2239 οἱ
395 2194 673 2252 ταράσσοντες
703 2194 827 2251 ὑμᾶς,
859 2196 983 2249 quod
1013 2196 1272 2249 exemplum
1303 2206 1409 2236 cum
1439 2196 1537 2237 aliis
1565 2196 1716 2237 attulit
1735 2197 1927 2249 Blaydes
1959 2197 2016 2238 ad
2036 2197 2175 2249 Equi-

193 2273 291 2310 tum
323 2255 483 2310 locum*
509 2279 649 2320 supra
678 2269 1102 2309 commemoratum.
1260 2269 1312 2307 34
1355 2268 1612 2309 ΕΠωΚΑΝ.
1672 2267 1942 2308 Emendavit
1970 2269 2172 2321 Lepsius.

192 2342 399 2382 Priorum
434 2340 669 2392 opiniones
701 2339 756 2380 de
785 2340 873 2380 hoc
903 2339 1004 2380 loco
1037 2349 1143 2379 sane
1174 2337 1344 2379 difficili
1373 2340 1578 2391 repetere
1602 2350 1692 2380 non
1713 2340 1883 2380 attinet.
1942 2340 2175 2392 Captivo3,

195 2424 300 2454 cum
337 2423 418 2452 rex
456 2412 605 2452 victor
640 2412 926 2464 triumphans
965 2410 1185 2451 assideret
1222 2411 1269 2450 in
1309 2410 1436 2463 solio,
1479 2411 1690 2451 assistere
1727 2413 1909 2452 coactos
1947 2422 2047 2453 esse
2077 2413 2175 2453 sine

195 2486 314 2525 tecto
356 2485 402 2524 et
442 2482 605 2523 umbra
641 2483 748 2524 solis
787 2482 984 2523 Africani
1024 2481 1161 2522 radiis
1202 2481 1424 2535 fatigatos,
1465 2482 1728 2534 eisdemque
1767 2494 1931 2534 aquam
1962 2483 2019 2524 ad
2049 2483 2173 2523 sitim

195 2556 439 2597 sedandam
471 2554 721 2607 praebitam
754 2565 844 2595 non
875 2564 975 2594 esse
1005 2554 1227 2594 sententia
1255 2554 1325 2594 est
1355 2554 1603 2605 aptissima.
1653 2553 1703 2594 Id
1731 2565 1876 2594 unum
1897 2555 2050 2596 minus
2070 2566 2174 2607 pro-

195 2627 345 2668 babile
374 2627 539 2679 iudico,
578 2626 741 2678 plurali
771 2622 936 2666 ἔδωκαν
966 2626 1036 2665 uti
1074 2635 1228 2677 regem
1266 2624 1496 2666 indefinite
1533 2625 1588 2666 de
1619 2625 1770 2666 nescio
1807 2637 1898 2678 qua
1933 2626 2173 2667 hominum

196 2698 498 2750 multitudine,
538 2707 644 2738 cum
674 2697 818 2737 multo
850 2697 1240 2737 accommodatius
1270 2696 1588 2737 enuntiaturus
1618 2696 1765 2750 fuerit,
1805 2708 1861 2738 se
1889 2697 1976 2738 illis
2008 2709 2173 2750 aquam

196 2781 288 2810 non
319 2768 510 2810 dedisse.
561 2769 656 2808 Iam
687 2779 790 2808 cum
823 2780 844 2809 ν
876 2769 1012 2808 etiam
1045 2767 1150 2808 alibi
1180 2768 1226 2807 in
1246 2767 1389 2808 titulis
1421 2779 1748 2820 nonnunquam
1778 2769 1896 2809 inter
1917 2769 2097 2810 vocales
2128 2770 2174 2810 in

197 2840 390 2882 confinio
412 2840 607 2881 duorum
628 2838 960 2880 vocabulorum
982 2840 1236 2890 geminetur
1258 2838 1312 2891 (n.
1338 2841 1405 2891 46,
1429 2843 1452 2880 5
1487 2833 1547 2895 ἐφ’
1573 2837 1683 2894 ὧνζν)
1712 2837 1775 2880 ἂν.
1824 2843 1920 2892 332,
1943 2843 1966 2879 2
2000 2837 2176 2894 ὑμεῖν(ν)

197 2907 257 2968 ἐφ’
289 2903 351 2968 ᾧ),
373 2912 570 2964 primam
591 2910 831 2962 singularis
852 2920 1090 2962 personam
1115 2907 1258 2951 ἔδωκα
1277 2910 1351 2950 hic
1371 2920 1614 2962 agnoscere
1636 2913 1850 2963 praestat.
1977 2914 2028 2952 35
2060 2911 2174 2952 Cum
2246 2901 2253 2929 ἶ

196 2981 322 3039 νᾶρός
354 2983 630 3024 adiectivum
660 2981 886 3034 liquidum
916 2980 1170 3032 significans
1206 2982 1296 3022 iam
1328 2981 1451 3034 apud
1481 2982 1676 3034 tragicos
1715 2984 1939 3035 occurrat,
1978 2981 2174 3023 formam

196 3053 326 3111 νηρός
356 3054 639 3107 Phrynichus
659 3052 868 3094 Atticista
897 3053 1025 3094 novit
1048 3053 1247 3105 quidem,
1279 3053 1359 3093 sed
1388 3055 1439 3094 ut
1457 3054 1684 3094 noviciam
1713 3054 1842 3094 reicit
1869 3065 1913 3106 p.
1938 3056 2013 3094 42:
2045 3053 2174 3109 νηρὸν

201 3123 313 3183 ὕδωρ
346 3125 406 3182 μὴ
439 3123 575 3180 εἴπῃς,
606 3122 718 3166 ἀλλὰ
747 3122 1004 3181 πρόσφατον,
1036 3121 1276 3181 ἀκραιφνές.
1327 3124 1414 3165 Sed
1444 3135 1663 3177 perquam
1690 3124 1985 3166 memorabile
2016 3127 2097 3177 est,
2128 3124 2175 3165 id
2243 3157 2247 3161 .

200 3199 274 3239 hic
312 3198 404 3238 iam
442 3196 726 3238 substantive
764 3196 937 3237 dictum
979 3206 1144 3248 aquam
1183 3194 1446 3247 significare.
1506 3196 1682 3237 Etenim
1726 3198 1772 3237 in
1810 3197 1970 3249 volgus
2011 3198 2173 3237 notum
2241 3230 2244 3235 .

201 3273 282 3322 est,
336 3269 382 3309 in
427 3268 650 3310 hodierno
694 3268 970 3309 Graecorum
1015 3277 1223 3308 sermone
1273 3268 1361 3308 hoc
1399 3267 1675 3309 vocabulum
1715 3266 1837 3325 (νερό)
1879 3267 1990 3309 adeo
2030 3269 2175 3309 incre-

202 3341 392 3393 bruisse‚
438 3342 490 3379 ut
532 3340 769 3391 antiquum
811 3349 976 3380 nomen
1022 3334 1135 3394 ὕδωρ
1184 3338 1360 3390 pridem
1403 3339 1535 3391 plane
1577 3338 1813 3392 expulerit.
2017 3342 2070 3378 36
2108 3340 2174 3379 De

203 3411 410 3462 genetivo
445 3421 550 3451 cum
589 3411 849 3452 accusativo
881 3408 1066 3450 confuso
1099 3409 1152 3450 cf.
1184 3411 1278 3450 not.
1302 3412 1369 3462 43,
1413 3410 1467 3451 de
1497 3411 1776 3452 nominativo
1808 3409 2014 3451 absolute
2044 3420 2173 3462 prae-

205 3482 343 3523 misso
375 3484 465 3522 not.
489 3485 556 3522 30.
