2314 3970
136 236 233 289 499]
785 237 1123 276 Monumentum
1156 236 1457 278 Adulitanum.
2000 239 2103 289 293

229 405 580 479 Ἀρραβίτας49
676 407 762 461 καὶ
859 406 1245 463 Κιναιδοκολπί-
1297 405 1634 482 Ἰ-ῙΞἈραβίτας
1707 411 1963 482 ἐντ[αΰθα]
2035 411 2149 472 τοὺς

234 492 449 559 τας5()·ὶ·ΙΙ
506 497 791 568 στράτευμα
855 495 1097 565 ναυτιΙκὸν
1160 495 1245 548 καὶ
1365 492 1637 567 Ὁμηρίτας
1652 499 1696 532 ⁵¹
1804 497 2024 567 [κα]λεῖ;
2063 499 2149 551 καὶ

231 579 432 640 πεζικὸν
502 583 910 655 διαπεμψάμενος
979 582 1064 636 καὶ
1128 582 1247 634 ὑπο·
1376 580 1865 652 Κιναιὸοκ[ολπί]τας
1889 582 2004 644 τοὺς
2031 582 2142 654 παρ’

233 666 384 727 τάξας
442 669 603 722 αὐτῶν
665 670 779 731 τοὺς
843 671 1078 742 βασιλέας
1141 667 1247 738 φόΙ-
1378 667 1585 737 ἄλ[λοις]
1612 665 1924 730 Ἀδανίτας*52
1948 670 2151 739 καλ[ου-

234 775 346 826 ρους
426 761 514 826 τῆς
595 762 688 827 γῆς
762 759 921 810 τελεῖν
1006 755 1246 808 ἐκέλευσα
1379 755 1574 825 μένους]
1602 755 1692 806 F.*
1744 753 2034 828 Ἀρραβίτας
2064 755 2149 809 καὶ

1378 837 1829 901 Κιναιδοκολπίτας
1845 841 1959 903 τοὺς
1976 845 2046 903 εἰς
2065 842 2147 896 τὸν

130 974 451 1014 transmarinas
473 974 550 1014 vix
582 975 678 1015 sine
698 975 1009 1015 Romanorum
1042 972 1343 1026 permissione
1365 973 1500 1024 atque
1522 972 1632 1012 adeo
1656 973 1915 1014 adiumento
1938 975 2109 1027 suscipi

130 1046 337 1097 potuisse
368 1046 611 1100 existimat,
650 1048 756 1099 quia
787 1045 1002 1087 credibile
1039 1056 1130 1086 non
1171 1046 1290 1085 esset
1330 1054 1482 1096 regem
1524 1044 1634 1084 satis
1675 1055 1884 1096 magnam
1922 1047 2108 1087 navium

130 1117 187 1158 ad
216 1118 338 1158 hunc
368 1129 503 1159 usum
534 1119 799 1161 idonearum
830 1118 1008 1171 copiam
1029 1117 1256 1158 habuisse.
1306 1115 1465 1169 Neque
1493 1116 1796 1169 improbabile
1828 1128 1927 1158 esse
1949 1118 2109 1159 Roma-

130 1200 212 1230 nos
233 1191 273 1230 ei
300 1202 475 1231 morem
506 1192 712 1244 gessisse,
744 1191 852 1244 quia
881 1201 1040 1231 eorum
1072 1201 1165 1230 non
1195 1189 1347 1230 minus
1371 1199 1508 1241 quam
1540 1189 1685 1241 ipsius
1715 1190 1955 1230 interesset
1984 1191 2109 1231 navi-

129 1262 355 1314 gationem
386 1262 444 1304 ab
463 1263 663 1304 Arabum
686 1263 969 1315 aliorumque
999 1261 1299 1302 barbarorum
1321 1261 1569 1302 latrociniis
1591 1262 1741 1302 tutari.
1862 1265 1914 1302 49
1947 1262 2110 1303 Gentes

128 1334 343 1376 Arabicas
383 1336 429 1375 in
459 1337 724 1376 universum
762 1336 1086 1387 interpretatur
1115 1334 1360 1386 Dillmann;
1400 1333 1527 1386 quod
1564 1334 1610 1374 ni
1641 1333 1769 1375 fallor
1809 1337 1997 1387 propter
2035 1335 2111 1376 ad-

129 1407 334 1448 iunctum
365 1406 437 1448 καὶ
468 1402 864 1460 Κιναιδοκολπίτας,
905 1407 986 1459 qui
1017 1407 1103 1459 ipsi
1142 1417 1325 1459 quoque
1356 1405 1528 1447 Arabes
1558 1407 1678 1459 sunt,
1715 1406 1901 1459 probari
1940 1408 2108 1459 nequit.

129 1479 243 1520 Cum
274 1491 316 1520 v.
339 1483 392 1520 29
425 1492 450 1521 a
481 1480 787 1533 septentrione
818 1479 875 1520 ad
905 1478 1142 1520 meridiem
1173 1478 1401 1519 describat
1439 1479 1639 1531 spatium
1671 1490 1777 1519 orae
1820 1479 2110 1520 occidentalis

129 1563 155 1593 a
186 1562 234 1592 se
264 1554 463 1605 pacatae,
502 1553 639 1594 etiam
678 1553 752 1593 hic
780 1551 989 1593 Arabitas
1035 1552 1178 1603 magis
1218 1551 1275 1592 ad
1315 1551 1683 1604 septentrionem,
1723 1551 2111 1605 Cinaedocolpitas

130 1624 186 1664 ad
229 1624 464 1665 meridiem
504 1636 690 1677 vergere
721 1626 1074 1666 consentaneum
1106 1626 1187 1665 est.
1248 1625 1404 1676 Itaque
1446 1625 1568 1664 recte
1606 1623 1705 1664 illos
1749 1635 1840 1664 non
1882 1625 2014 1676 longe
2055 1624 2112 1665 ab

129 1697 275 1737 Leuce
295 1707 427 1737 come
448 1696 693 1738 incoluisse
721 1697 880 1738 statuit
900 1696 1111 1749 Lagarde.
1259 1699 1310 1737 50
1352 1695 1412 1736 Cf.
1443 1695 1728 1737 Ptolemaeus
1757 1696 1914 1749 Geogr.
1938 1696 2010 1749 Vl,
2029 1700 2068 1749 7,
2088 1700 2110 1736 5

131 1764 524 1810 Κιναιδοκολπιτῶν
544 1769 708 1827 χώρας·
741 1764 895 1824 Κόπαρ
916 1769 1066 1824 κώμη·
1087 1791 1145 1798 --
1175 1763 1301 1825 ''Ap-m
1321 1769 1474 1824 κώμη·
1504 1791 1562 1797 -—
1591 1765 1778 1823 Ζαβρὰμ
1803 1765 2034 1822 βασίλειον·
2056 1791 2112 1797 -

44 1831 50 1854 ²
136 1835 298 1887 Κέντος
327 1841 480 1897 κώμη·
510 1863 569 1870 —
607 1838 748 1897 Θῆβαι
775 1839 917 1887 πόλις·
949 1864 1006 1870 -
1043 1837 1220 1883 Βαιτίου
1251 1842 1446 1895 ποταμοῦ
1478 1838 1671 1895 ἐκβολαί·
1704 1863 1762 1870 -
1802 1838 1847 1882 αἱ
1876 1839 2009 1897 πηγαὶ
2039 1843 2113 1882 τοῦ

46 1899 53 1955 ,θ
133 1915 341 1967 ποταμοῦ.
394 1915 431 1962 7,
455 1916 522 1966 20,
546 1916 620 1954 47;
659 1911 730 1955 καὶ
767 1910 878 1955 ἄλλα
916 1911 1118 1967 ἀνώνυμα
1158 1910 1319 1965 (ὕδατα)
1357 1909 1464 1967 ὑπέρ
1501 1925 1547 1952 τε
1585 1910 1684 1958 τοὺς
1725 1907 2113 1959 Κιναιὸοκολπίτας

46 2001 48 2018 2
131 1983 203 2026 καὶ
235 1981 341 2042 ὑπὲρ
380 1983 478 2031 τοὺς
509 1979 763 2031 Κατανίτας.
817 1989 854 2039 ’1,
878 1988 946 2039 23,
972 1989 1044 2026 40;
1086 1983 1158 2026 καὶ
1199 1983 1313 2040 παρὰ
1350 1982 1449 2030 τοὺς
1480 1979 1869 2030 Κιναιὸοκολπίτας
1899 1980 2112 2043 Μαλῖχαι.

133 2057 320 2098 Gentem
350 2057 541 2099 Arabice
572 2053 768 2100 Kim‘ina
797 2059 1007 2099 vocatam
1050 2058 1267 2109 intellegit
1297 2056 1533 2098 Dillmann.
1585 2057 1785 2110 Apparet
1816 2057 2009 2098 Graecos
2048 2059 2114 2098 in-

132 2129 396 2182 digenarum
441 2130 789 2183 appellationem
835 2131 898 2171 ita
935 2130 991 2172 ad
1037 2141 1166 2171 suam
1207 2130 1408 2182 linguam
1441 2130 1698 2182 detorsisse,
1737 2132 1790 2170 ut
1829 2141 1932 2171 orae
1973 2131 2113 2171 mari-

132 2203 269 2243 timae
301 2203 475 2255 partem
508 2202 587 2242 ubi
618 2203 680 2243 illi
711 2203 958 2244 incolerent
989 2198 1202 2244 Κιναὶδων
1232 2200 1395 2244 κόλπον
1427 2204 1624 2254 vocaret,
1666 2202 1786 2243 unde
1824 2203 1935 2243 illud
1970 2204 2115 2243 ethni-

134 2285 221 2315 con
252 2275 450 2326 legitime
479 2274 722 2316 derivatur.
775 2275 861 2316 Eos
894 2286 998 2316 orae
1030 2275 1322 2316 occidentalis
1361 2286 1461 2316 eam
1491 2277 1668 2327 partem
1699 2275 1957 2328 incoluisse,
1999 2287 2115 2327 quae

133 2347 331 2387 maxime
362 2347 419 2388 ad
449 2347 685 2388 meridiem
706 2349 864 2401 vergit,
897 2351 1085 2401 propter
1115 2359 1165 2388 ea
1197 2359 1312 2400 quae
1343 2349 1433 2388 not.
1460 2350 1510 2387 49
1543 2347 1734 2399 exposui
1766 2347 2001 2399 probabile
2033 2350 2114 2389 est.

56 2470 58 2474 ἱ
135 2422 180 2460 54
227 2418 485 2476 Homeritae
516 2430 571 2460 ex
602 2419 812 2471 gentibus
841 2421 1005 2460 littoris
1027 2419 1333 2460 meridionalis
1364 2430 1428 2472 ea,
1461 2430 1577 2471 quae
1600 2419 1796 2460 maxime
1828 2419 1884 2460 ad
1909 2420 2116 2461 occiden-

52 2512 54 2514 ·
134 2493 227 2531 tem
258 2491 417 2544 vergit,
458 2491 503 2531 in
541 2492 642 2544 ipso
683 2493 859 2544 angulo,
899 2492 956 2533 ab
997 2492 1331 2544 antiquioribus
1373 2491 1673 2544 scriptoribus
1715 2503 1804 2532 non
1836 2503 2116 2533 commemo-

60 2568 61 2571 ’
133 2565 305 2615 rantur,
345 2574 401 2604 ne
433 2575 457 2604 a
488 2563 708 2605 Strabone
746 2567 791 2605 et
820 2565 932 2606 Mela
963 2564 1159 2616 quidem.
1216 2565 1396 2604 Primus
1428 2564 1550 2617 apud
1580 2575 1716 2616 quem
1749 2575 1907 2604 eorum
1946 2565 2115 2606 mentio

56 2639 62 2682 ἒ,
135 2635 213 2676 fiat
252 2635 421 2676 Plinius
459 2635 510 2676 N.
542 2636 645 2676 hist.
674 2635 746 2689 VI,
780 2639 876 2678 458.
907 2639 983 2676 464
1032 2639 1112 2677 est.
1175 2637 1407 2677 Praeterea
1448 2636 1500 2677 cf.
1545 2636 1704 2689 Peripl.
1735 2648 1845 2677 mar.
1878 2636 2116 2689 Erythraei

59 2720 61 2723 ’
136 2718 174 2748 c.
192 2711 245 2748 23
278 2718 319 2760 p.
337 2709 433 2760 274,
456 2710 522 2747 40.
573 2708 827 2749 Marcianus
849 2709 1008 2761 Peripl.
1031 2721 1140 2749 mar.
1165 2711 1253 2749 ext.
1276 2712 1329 2749 48
1352 2720 1393 2761 p.
1408 2711 1503 2760 527,
1529 2712 1594 2749 48.
1647 2709 1932 2749 Ptolemaeus
1955 2709 2115 2761 Geogr,

66 2774 71 2818 3
135 2780 208 2833 VI,
233 2783 270 2832 7,
294 2783 332 2820 9.
357 2783 424 2820 25.
476 2781 626 2833 Steph.
649 2781 753 2834 Byz.
777 2791 810 2822 s.
834 2793 876 2822 v.
928 2780 1061 2829 Quod
1093 2781 1220 2822 facile
1257 2781 1360 2822 inde
1390 2781 1654 2834 explicatur,
1695 2781 1818 2833 quod
1860 2792 1966 2833 gens
2005 2783 2117 2822 anti-

63 2843 69 2856 ”
137 2853 358 2905 quissima
387 2862 534 2904 usque
564 2852 620 2893 ad
652 2853 852 2894 medium
885 2854 1115 2894 saeculum
1138 2865 1180 2906 p.
1205 2853 1305 2895 Chr.
1328 2865 1369 2894 n.
1403 2854 1603 2906 primum
1636 2853 1722 2894 sub
1752 2853 1930 2894 dicione
1952 2853 2118 2895 Sabae-

139 2935 270 2965 orum
302 2924 601 2965 finitimorum
634 2924 701 2976 (cf.
732 2925 892 2978 Peripl.
926 2937 1035 2967 mar.
1066 2926 1246 2979 Erythr.
1276 2925 1303 2966 l.
1335 2926 1361 2966 l.
1400 2922 1641 2981 Χαριβαήλ,
1684 2922 1888 2980 ἔνθεσμος
1922 2923 2117 2981 βασιλεὺς

71 2989 77 2994 ’“
140 2993 276 3038 ἐθνῶν
314 2994 403 3049 δύο,
443 2999 517 3036 τοῦ
554 3010 600 3037 τε
635 2989 861 3052 Ὁμηρίτου
903 2996 978 3039 καὶ
1011 3001 1086 3039 τοῦ
1125 2995 1442 3054 παρακειμένου
1487 2995 1721 3053 λεγομένου
1763 2993 1987 3053 Σαβαΐτου)
2034 2997 2119 3037 fuit

32 3063 36 3119 ζ
67 3060 74 3114 ἶ
138 3068 333 3121 ideoque
360 3068 494 3120 volgo
525 3069 708 3109 illorum
737 3070 922 3110 nomine
952 3082 1042 3111 una
1070 3070 1557 3123 comprehendebatur,
1596 3071 1648 3110 ut
1678 3070 1752 3110 hic
1779 3081 1966 3122 quoque
1996 3082 2038 3110 v.
2063 3072 2116 3110 29

35 3131 37 3143 '
68 3130 78 3190 s}
141 3140 201 3181 fit.
253 3140 358 3181 Inde
388 3142 525 3182 etiam
557 3141 841 3194 intellegitur,
879 3153 971 3195 quo
1005 3144 1139 3195 pacto
1173 3143 1341 3182 Plinius
1373 3142 1557 3194 quidem
1594 3153 1649 3182 ex
1679 3142 1791 3182 Aelii
1822 3142 1933 3182 Galli
1963 3153 2117 3182 narra-

141 3213 263 3254 tione
293 3213 550 3254 Homeritas
581 3215 1001 3256 numerosissimam
1032 3215 1211 3256 illarum
1250 3215 1480 3267 regionem
1519 3215 1698 3266 gentem
1741 3214 1914 3267 apellet,
1957 3213 2117 3255 Strabo

37 3330 39 3340 ¹
73 3287 84 3304 ³
142 3296 264 3337 vero,
295 3286 374 3338 qui
405 3285 516 3326 Galli
547 3286 681 3326 amici
712 3285 1030 3328 infortunatam
1062 3287 1396 3340 expeditionem
1423 3286 1663 3327 Arabicam
1688 3286 1861 3338 prolixe
1887 3286 2117 3339 describit,

37 3342 40 3355 ¹
144 3357 198 3398 de
236 3357 417 3399 Sabaeis
458 3358 642 3411 quidem
680 3358 820 3400 verba
856 3359 1001 3413 faciat,
1048 3361 1302 3401 Homeritas
1340 3370 1451 3400 vero
1499 3369 1726 3411 nusquam
1773 3360 2116 3399 commemoret.

145 3429 356 3471 Cosmam
387 3441 496 3472 suae
535 3431 693 3475 aetatis
731 3442 866 3472 usum
897 3434 1103 3473 secutum
1136 3431 1525 3483 Cinaedocolpitas
1556 3431 1636 3482 qui
1674 3430 1894 3481 attingant
1924 3429 2119 3471 Sabaeos

145 3512 228 3553 pro
259 3501 501 3543 Homeritis
532 3502 699 3543 habere
729 3515 818 3544 non
857 3504 1023 3545 mirum
1053 3507 1135 3558 est,
1177 3505 1253 3545 sed
1296 3514 1402 3543 cum
1434 3502 1478 3542 hi
1517 3503 1616 3554 ipso
1657 3502 1810 3554 potius
1841 3501 2117 3543 Sabaeorum

62 3579 64 3581 ’
147 3574 326 3614 nomine
357 3576 685 3627 contineantur,
716 3575 817 3616 illos
847 3575 904 3617 ab
926 3578 1231 3630 septentrione
1252 3577 1297 3616 in
1323 3576 1473 3615 littore
1495 3573 1760 3614 occidentali
1782 3573 2117 3615 Homeritarum

146 3644 362 3686 finitimos
407 3657 507 3688 esse
555 3647 790 3699 probabile
841 3651 922 3690 est.
998 3649 1126 3690 Certe
1175 3647 1384 3689 Arabitae
1434 3647 1778 3698 perversissime
1827 3647 1964 3688 iidem
2014 3658 2117 3688 eum

149 3716 390 3758 Homeritis
435 3718 659 3760 dicuntur.
720 3719 780 3760 Cf.
827 3723 921 3762 not.
955 3723 1020 3762 49.
1197 3723 1249 3761 52
1290 3719 1467 3760 Incolae
1512 3719 1666 3772 oppidi
1711 3719 1863 3760 Adana
1909 3719 2119 3771 (Athenae
