2314 3970
197 226 213 263 4
227 222 293 274 98]
878 223 1159 264 Ptolemaeus
1191 222 1326 265 Iubae
1356 223 1488 265 filius.
2059 227 2163 279 283

193 394 264 448 VI,
301 396 339 448 4,
372 398 396 435 2
438 406 481 448 p.
504 398 600 436 288.
649 395 782 450 XVII,
807 400 844 450 3,
868 400 891 438 7
932 407 974 450 p.
1000 400 1080 439 828
1113 397 1210 439 Cas.
1262 397 1442 439 Tacitus
1471 397 1582 439 Ann.
1611 397 1681 452 IV,
1712 396 1765 450 5).
1827 399 1970 440 Senex
2008 403 2165 442 exacta

193 468 338 508 aetate
370 478 486 508 anno
519 470 572 507 23
602 479 646 521 p.
668 469 769 511 Chr.
794 481 835 510 n.
867 469 1061 511 decessit
1092 469 1159 523 (cf.
1192 471 1282 511 not.
1308 469 1360 522 4).
1421 471 1622 523 Scriptor
1659 470 1781 512 haud
1820 471 2041 524 ignobilis.
2105 474 2165 515 Cf.

192 539 581 593 Prosopographia
601 541 708 595 imp.
726 542 851 583 Rom.
874 542 912 582 II
933 545 1072 595 p.456
1096 554 1137 583 n.
1157 544 1223 582 48.
1275 542 1319 582 C.
1340 542 1500 583 Miiller
1530 543 1596 584 Fr.
1613 543 1717 585 hist.
1735 543 1806 585 Gr.
1823 544 1879 584 ΙΙΙ
1911 556 1953 598 p.
1975 547 2164 598 465sqq.

193 614 216 651 3
262 610 386 653 Avus
430 613 647 665 paternus
692 614 933 656 Ptolemaei
977 614 1061 655 fuit
1099 613 1208 655 luha
1240 615 1258 653 I
1296 612 1535 656 Numidiae
1579 626 1658 656 rex
1703 616 1810 667 (not.
1836 616 1889 670 4),
1935 619 2167 660 maternus

192 683 237 724 C.
257 682 492 739 Antonius,
525 685 626 727 avia
656 688 860 728 materna
880 687 1115 740 Cleopatra
1135 685 1329 739 Aegypti
1360 687 1523 738 regina.
1575 687 1690 729 Nam
1721 689 1857 731 huius
1877 689 2015 732 filiam
2037 691 2167 733 Cleo-

190 757 367 808 patram
398 756 583 799 Selenen
614 758 726 800 Iuba
755 760 800 799 in
830 759 1171 800 matrimonium
1203 758 1334 799 duxit
1373 770 1465 800 non
1503 761 1609 811 post
1639 772 1806 802 annum
1838 765 1890 803 20
1923 774 1960 804 a.
1986 764 2086 805 Chr.
2110 776 2167 817 n.,

189 829 241 868 ut
263 828 593 871 demonstravit
622 830 700 871 Th.
716 831 972 873 Mommsen
1002 830 1188 884 Ephem.
1216 831 1356 883 epigr.
1378 831 1396 870 I
1426 841 1470 883 p.
1494 834 1590 872 276.
1641 832 1707 873 Ex
1729 845 1819 886 quo
1840 835 1992 887 priore
2013 837 2168 877 matri-

191 901 342 943 monio
378 902 498 955 regis
528 902 835 945 Ptolemaeum
866 905 1022 945 natum
1059 913 1159 944 esse
1189 903 1381 943 constat.
1442 901 1558 944 Nam
1589 904 1715 956 quod
1745 906 1999 949 Boeckhius
2030 909 2168 950 huius

188 973 309 1014 tituli
338 974 646 1017 Ptolemaeum
677 976 962 1029 abnepotem,
1001 986 1091 1017 non
1131 976 1341 1028 nepotem
1387 975 1509 1016 illius
1548 976 1685 1018 Iubae
1722 979 1803 1030 qui
1843 979 1898 1021 ad
1937 980 2165 1034 Thapsum

192 1045 409 1087 occiderit
439 1057 538 1088 esse
569 1048 723 1101 sumit,
765 1048 826 1089 ita
854 1049 908 1088 ut
943 1047 1017 1087 hic
1047 1048 1157 1088 natu
1186 1047 1333 1087 maior
1363 1046 1650 1089 Ptolemaeus
1679 1049 1816 1090 huius
1847 1062 2003 1106 nepos,
2046 1053 2166 1095 illius

188 1130 297 1161 vero
329 1130 443 1161 avus
475 1121 546 1173 sit,
588 1121 626 1162 is
657 1121 922 1163 manifestus
953 1130 1083 1160 error
1112 1120 1193 1160 est.
1253 1118 1411 1172 Neque
1449 1119 1570 1160 enim
1607 1120 1699 1162 ulla
1729 1133 1785 1163 ex
1814 1125 1943 1175 parte
1975 1125 2166 1167 dubium

187 1193 257 1233 est
292 1192 403 1245 quin
439 1191 553 1234 Iuba
594 1193 673 1245 qui
713 1205 751 1234 a.
783 1195 834 1234 46
866 1204 904 1234 a.
925 1192 1025 1233 Chr.
1049 1204 1090 1233 n.
1122 1192 1342 1245 puerulus
1372 1192 1419 1232 in
1454 1193 1689 1246 triumpho
1721 1194 1887 1237 ductus
1925 1197 1985 1238 sit
2015 1199 2059 1238 et
2088 1200 2166 1251 qui

188 1266 241 1305 23
263 1275 309 1317 p.
330 1263 431 1306 Chr.
462 1264 660 1306 moriens
690 1265 781 1306 filio
803 1265 1059 1306 Ptolemaeo
1080 1265 1383 1306 Mauretaniae
1404 1276 1594 1318 regnum
1625 1266 1859 1319 reliquerit
1883 1280 2003 1311 unus
2024 1270 2166 1312 idem-

187 1347 276 1389 que
313 1337 454 1378 homo
492 1337 564 1379 sit.
623 1337 773 1379 Avum
812 1338 1066 1391 paternum,
1108 1337 1213 1390 quia
1253 1337 1431 1379 Caesari
1470 1339 1515 1379 et
1555 1339 1724 1392 populo
1756 1340 1956 1383 Romano
1994 1341 2165 1384 bellum

186 1408 353 1463 fecerit,
390 1411 646 1451 maternum
678 1410 785 1462 quia
825 1420 907 1451 nec
944 1410 1065 1451 iusto
1108 1410 1400 1451 matrimonio
1433 1410 1715 1464 Cleopatram
1759 1412 1846 1454 sibi
1883 1414 2083 1457 iunxerit
2122 1419 2167 1458 et

186 1482 283 1522 eius
315 1482 538 1523 memoria
568 1493 594 1523 a
620 1483 780 1523 senatu
802 1481 1012 1525 damnata
1042 1482 1112 1535 sit,
1146 1483 1191 1523 in
1222 1483 1406 1535 originis
1437 1482 1764 1535 significatione
1793 1487 1933 1527 taceri
1964 1491 2164 1541 apparet.

185 1553 270 1594 Sed
301 1565 411 1594 num
442 1564 678 1595 sumemus
707 1565 868 1596 eorum
897 1555 996 1596 loco
1028 1554 1103 1595 hic
1133 1554 1264 1607 plane
1291 1554 1476 1596 ficticim
1507 1567 1643 1597 avum
1674 1567 1826 1609 regem
1853 1559 2163 1602 Ptolemaeum

185 1623 440 1667 recenseri?
514 1626 697 1667 Minime
741 1637 872 1681 vero3
927 1627 1094 1668 etenim
1141 1623 1313 1683 ἔκγονος
1359 1637 1585 1680 nusquam
1625 1639 1764 1670 avum
1805 1629 2039 1686 significat,
2085 1633 2166 1674 sed

186 1699 265 1738 aut
294 1698 490 1751 aliquem
521 1709 578 1739 ex
598 1698 849 1740 maioribus
871 1699 917 1739 in
937 1699 1204 1740 universum
1226 1701 1303 1740 aut
1331 1700 1515 1752 proprie
1536 1711 1761 1753 proavum
1793 1701 1861 1752 (cf.
1883 1702 2012 1755 Syll.2
2028 1704 2164 1756 3736).

184 1767 329 1823 Atqui
359 1769 620 1823 Cleopatrae
651 1771 779 1824 pater
808 1770 895 1812 fuit
924 1771 1206 1812 Ptolemaeus
1237 1771 1337 1811 XIII
1367 1771 1565 1826 Auletes,
1604 1773 1682 1825 qui
1713 1773 1788 1815 hic
1817 1774 1936 1815 inter
1965 1777 2164 1818 maiores

186 1841 430 1884 Ptolemaei
450 1843 750 1884 Mauretaniae
780 1844 898 1896 regis
929 1855 1019 1884 non
1043 1843 1178 1885 modo
1199 1846 1441 1897 propterea
1461 1847 1733 1899 recensetur,
1767 1847 1873 1899 quia
1902 1849 1975 1890 avi
1995 1850 2164 1892 utrius-

186 1924 275 1967 que
306 1915 491 1956 nomina
511 1915 766 1956 necessario
797 1915 975 1956 silentio
1002 1915 1249 1969 premenda
1270 1918 1410 1970 erant,
1442 1917 1522 1958 sed
1542 1918 1679 1959 etiam
1700 1919 1806 1971 quia
1829 1921 1946 1973 regis
1968 1922 2165 1963 maxime

187 1985 403 2028 intererat
441 1986 630 2029 indicari
667 1988 820 2041 ipsum
851 1998 955 2029 cum
988 1989 1170 2029 nomine
1201 1989 1337 2030 etiam
1375 1989 1595 2043 originem
1635 2002 1660 2032 a
1691 1990 1987 2035 nobiliSSImis
2018 2006 2165 2048 quon-

187 2057 292 2100 dam
322 2058 515 2113 Aegypti
544 2058 728 2113 regibus
759 2062 977 2114 repetere.

297 2294 410 2352 198
477 2300 667 2351 Xanthi
726 2302 911 2367 Lyciae
978 2302 1029 2351 in
1099 2302 1441 2353 fundamentis
1504 2304 1683 2354 domus
1746 2307 1999 2358 Turcicae.
2088 2309 2164 2358 Ex

187 2383 554 2436 Schoenbornii
591 2387 891 2454 apographo
930 2389 1005 2438 ed.
1046 2389 1087 2438 J.
1118 2390 1280 2439 Franz
1308 2389 1359 2440 C.
1382 2391 1416 2440 I.
1447 2390 1503 2440 G.
1535 2392 1671 2443 4269
1687 2389 1732 2458 b,
1774 2408 1839 2443 ex
1868 2395 1973 2444 suis
2008 2395 2163 2446 Bailie

186 2472 339 2522 Insor.
369 2472 490 2523 fasc.
519 2474 585 2523 HI
620 2489 671 2540 p.
703 2475 787 2525 93.
851 2475 1387 2542 Lebas-Waddington
1424 2478 1577 2528 Inscr.
1607 2479 1686 2544 III,
1720 2480 1872 2531 4250.

330 2613 594 2684 [Βα]σιλέα
633 2614 1017 2688 Πτολεμαῖ[ον1,
1061 2617 1069 2690 Ι
1113 2619 1377 2690 βασι]λέως
1402 2615 1578 2692 ’Ἰόβαῖ
1622 2621 1763 2693 [υἱόν,
1805 2620 1811 2692 Ι
1853 2622 2066 2693 Λυκίων]
2103 2624 2158 2678 τὸ

327 2703 507 2755 κοινόν.

300 2862 492 2904 Litterae
536 2863 742 2916 volgares
784 2866 964 2918 praeter
1011 2866 1110 2907 ΠΣ.
1287 2870 1303 2906 4
1344 2866 1404 2908 Cf.
1445 2879 1488 2908 n.
1514 2867 1632 2909 4971.
1811 2873 1834 2910 2
1875 2871 1936 2913 Cf.
1969 2883 2010 2913 n.
2034 2875 2115 2913 497
2128 2872 2158 2914 2.

187 2934 359 2976 ΙΟΒΑΣ
391 2934 692 2989 Schoenborn,
724 2947 840 2989 quae
870 2937 1004 2978 flexio
1026 2938 1220 2980 nominis
1251 2938 1297 2979 in
1327 2953 1398 2985 -ας
1428 2939 1627 2981 cadentis
1658 2941 1841 2983 insolita
1862 2944 2046 2996 quidem
2077 2946 2159 2998 est,

185 3006 266 3047 sed
295 3007 562 3060 neutiquam
591 3007 804 3050 inaudita.
856 3008 917 3051 Cf.
938 3010 1075 3051 Inscr.
1099 3011 1170 3052 Gr.
1194 3011 1312 3064 Sept.
1334 3011 1405 3065 III,
1430 3014 1526 3066 Ιι23,
1550 3015 1588 3053 2.
1622 3015 1718 3067 456,
1744 3017 1780 3055 3.
1814 3017 1909 3068 484,
1934 3018 1970 3056 4.
2004 3018 2100 3069 524,
2119 3020 2157 3057 4.

185 3077 314 3131 Syll.2
334 3078 456 3121 4528.
518 3080 574 3120 At
612 3091 720 3121 cum
758 3082 804 3122 in
841 3081 1016 3123 Lebasii
1055 3084 1317 3137 apographo
1351 3086 1385 3126 Σ
1425 3096 1517 3126 non
1557 3086 1629 3140 sit,
1669 3086 1764 3127 veri
1802 3088 1995 3128 similius
2037 3090 2159 3129 certe

183 3152 253 3191 est
283 3151 357 3192 hic
387 3163 570 3205 quoque
600 3153 829 3205 volgarem
860 3155 1054 3207 genetivi
1085 3155 1278 3198 formam
1307 3155 1459 3198 fuisse.
