2314 3970
204 194 270 243 56
876 191 925 230 11.
971 190 1171 241 Regnum
1202 187 1482 240 Lagidarum.
2049 188 2178 242 [28—

309 362 380 416 28
430 365 620 415 Tabula
665 364 847 427 exigua
893 363 1161 411 marmoris
1208 361 1422 411 candidi.
1497 362 1639 411 Anno
1690 362 1825 411 4896
1885 367 1995 412 erat
2041 364 2179 429 apud

202 454 535 501 mercatorem
585 465 755 499 rerum
800 449 1124 513 antiquarum
1170 448 1249 497 cui
1294 461 1480 497 nomen
1525 447 1602 496 Ali
1654 448 1706 496 in
1753 449 1942 514 oppido
1997 445 2175 499 Gixeh.

201 538 289 587 Ed.
331 538 386 587 P.
414 538 630 601 Jouguet
667 535 789 584 Bull.
821 535 882 583 de
916 548 1045 584 corr.
1085 534 1208 583 Hell.
1238 533 1330 583 XX
1367 531 1543 600 (1896)
1580 549 1630 599 p.
1662 534 1764 583 398
1806 534 1883 601 (Μ.
1915 536 1967 583 L.
1999 535 2180 586 Strack

199 623 386 673 Archiv
424 623 505 672 fiir
542 619 1058 687 Papyrusforschung
1093 620 1115 669 Ι
1156 620 1291 669 4900
1331 614 1381 686 p.
1414 619 1515 670 200
1556 634 1604 668 n.
1635 618 1701 687 2).

334 760 488 833 Ὑπὲρ
532 763 780 832 βασιλέως
821 761 1139 831 Πτολεμαίου
1181 759 1186 830 Ι
1227 764 1314 812 τοῦ
1356 759 1674 829 Πτολεμαίου
1712 759 1797 813 καὶ
1837 761 2129 832 βασιλίσσης
2171 761 2178 832 Ι

342 846 627 919 Ἀρσινόης1
690 846 899 919 Μόσχος
962 850 988 899 ὁ
1056 846 1215 918 ἱερὲυς
1275 846 1281 917 Ι
1340 844 1421 899 τὸν
1486 844 1604 899 ναὸν
1660 845 1747 899 καὶ
1802 845 1857 899 τὸ
1914 847 2115 916 τέμενος
2163 847 2180 918 Ι]

290 950 313 989 5
340 930 613 1004 Ἀγδίστει2
650 935 874 1004 ἐπηκόωι
914 934 919 1004 Ι
964 933 1211 1004 ἱδρύσατο.

315 1110 507 1150 Litterae
552 1109 761 1161 volgares
807 1110 985 1161 praeter
1016 1109 1077 1160 Σ;
1125 1109 1165 1148 0
1204 1109 1247 1147 et
1288 1108 1328 1147 Ω
1375 1107 1564 1159 reliquis
1609 1108 1823 1148 minores.
1972 1111 1987 1148 4
2037 1109 2181 1150 Ptole-

202 1192 382 1223 maeum
421 1182 458 1221 11
506 1181 846 1233 Philadelphum
891 1182 936 1220 et
979 1181 1076 1220 eius
1120 1190 1313 1220 uxorem
1354 1178 1575 1221 Arsinoen
1615 1182 1867 1231 agnoscunt
1906 1179 2099 1232 Jouguet
2138 1184 2183 1221 et

201 1254 356 1295 Strack
388 1255 575 1306 propter
604 1253 915 1293 litteraturam.
977 1251 1040 1292 Ac
1071 1251 1300 1291 Strackius
1322 1250 1505 1303 quidem
1538 1261 1586 1292 se
1617 1251 1745 1292 initio
1776 1251 1831 1292 de
1852 1252 2044 1304 genuina
2063 1252 2183 1293 tituli

202 1326 372 1377 origine
410 1324 642 1366 dubitasse
684 1323 939 1377 confitetur,
988 1323 1068 1364 sed
1104 1322 1154 1364 A.
1185 1322 1562 1363 Wiedemannum
1608 1325 1771 1364 testem
1818 1323 2049 1365 oculatum
2095 1323 2181 1365 sibi

201 1397 505 1449 confirmasse,
537 1397 790 1449 scripturae
821 1406 962 1448 genus
994 1395 1163 1436 nullam
1194 1395 1443 1447 suspicioni
1474 1405 1629 1436 ansam
1661 1394 1892 1448 praebere.
2056 1399 2081 1436 2
2119 1397 2184 1437 De

201 1470 336 1510 huius
375 1469 574 1509 numinis
608 1469 790 1521 Phrygii
827 1468 990 1509 fabulis
1033 1467 1086 1508 cf.
1118 1467 1316 1508 Roscher
1346 1467 1545 1508 Lexikon
1578 1467 1658 1508 der
1687 1478 1751 1519 gr.
1783 1479 1827 1508 u.
1860 1472 1974 1509 rom.
2002 1469 2183 1521 Mytho·

201 1542 367 1594 logiel
406 1553 449 1594 p.
481 1544 577 1581 400.
646 1540 825 1581 Knaack
864 1551 933 1593 ap.
975 1539 1370 1592 Pauly-Wissowa
1403 1539 1838 1592 Realencyklopadie
1881 1540 1912 1593 Ι,
1947 1544 1963 1580 4
2009 1552 2052 1594 p.
2087 1542 2182 1581 767.

202 1613 405 1661 Quorum
444 1614 637 1665 uterque
677 1613 804 1653 initio
843 1623 1095 1664 cognomen
1136 1611 1327 1664 Cybeles
1368 1611 1507 1652 fuisse
1545 1612 1704 1652 statuit
1743 1611 1884 1652 fretus
1913 1613 2184 1654 testimoniis

202 1685 434 1727 Strabonis
464 1685 518 1738 X,
545 1688 582 1738 3,
606 1687 658 1725 ⁴2
691 1696 733 1738 p.
760 1687 839 1725 469
864 1684 982 1725 Cas.:
1025 1682 1064 1725 οἱ
1096 1682 1142 1724 δὲ
1171 1679 1446 1739 Βερέκυντες,
1479 1679 1657 1740 Φρυγῶν
1688 1696 1728 1723 τι
1759 1681 1905 1740 φῦλον,
1935 1682 2009 1725 καὶ
2038 1682 2186 1730 ἁπλῶς

203 1756 243 1799 οἱ
273 1754 436 1814 Φρύγες
466 1755 538 1798 ’καὶ
573 1762 657 1797 τῶν
688 1753 849 1811 Τρώων
889 1755 928 1797 οἱ
970 1754 1064 1814 περὶ
1099 1755 1177 1812 τὴν
1204 1746 1318 1812 ’Ίδην
1357 1758 1655 1802 ’κατοικοῦντες
1687 1748 1811 1797 Ῥέαν
1851 1755 1927 1811 μὲν
1965 1755 2037 1797 καὶ
2069 1754 2187 1798 αὐτοὶ

199 1834 354 1884 τιμῶσι
382 1827 454 1870 καὶ
485 1826 727 1886 ὀργιάζουσι
756 1827 903 1884 ταύτῃ,
942 1823 1123 1884 Μητέρα
1152 1825 1383 1874 καλοῦντες
1414 1825 1526 1870 θεῶν
1557 1825 1630 1869 καὶ
1659 1822 1864 1885 Ἄγδιστιν
1894 1826 1967 1869 ’καὶ
1997 1824 2184 1886 Φρυγίαν

200 1899 302 1944 θεὸν
349 1898 552 1958 μεγάλην,
598 1898 682 1941 ἀπὸ
725 1899 772 1942 δὲ
814 1906 898 1941 τῶν
943 1898 1085 1941 τόπων
1116 1896 1268 1941 Ἰδαίαν
1306 1897 1380 1941 καὶ
1410 1895 1682 1957 Δινδυμήνην
1723 1898 1797 1941 καὶ
1829 1896 2073 1957 Σιπυλήνην
2113 1899 2186 1942 καὶ

201 1969 525 2015 Πεσσινουντίδα
563 1971 636 2014 καὶ
666 1968 882 2029 Κυβέλην.
942 1972 1036 2025 XII,
1060 1977 1098 2025 5,
1123 1976 1144 2013 3
1178 1984 1222 2025 p.
1246 1976 1349 2013 567:
1392 1968 1620 2018 Πεσσινοῦς
1659 1969 1695 2012 δ’
1725 1970 1836 2013 ἐστὶν
1868 1971 2070 2029 ἐμπόριον
2100 1978 2185 2014 τῶν

202 2043 335 2102 ταύτῃ
370 2043 579 2102 μέγιστον,
625 2043 733 2101 ἱερὸν
767 2043 866 2102 ἕχον
897 2048 974 2101 τῆς
1006 2040 1182 2100 Μητρὸς
1211 2049 1295 2085 τῶν
1336 2042 1451 2086 θεῶν
1483 2042 1695 2100 σεβασμοῦ
1736 2042 1922 2101 μεγάλου
1952 2043 2183 2104 τυγχάνον·

200 2113 376 2158 καλοῦσι
409 2110 437 2156 δ’
467 2114 597 2171 αὐτὴν
620 2107 855 2172 ”Αγδιστιν.
906 2116 1121 2169 Hesychii
1143 2104 1354 2173 Ἀγδιστις
1385 2114 1414 2171 ἡ
1445 2113 1552 2173 αὐτῇ
1583 2115 1636 2174 τῇ
1671 2114 1799 2174 μητρὶ
1829 2121 1912 2157 τῶν
1944 2114 2070 2159 θεῶν.
2122 2118 2185 2158 Ao

202 2199 309 2229 sane
339 2188 385 2228 in
415 2187 547 2228 titulo
580 2187 623 2228 C.
646 2188 676 2228 1.
702 2188 748 2228 G.
774 2191 897 2241 6837,
924 2192 937 2225 4
976 2183 1120 2245 Μητρὶ
1151 2185 1262 2230 θεῶν
1293 2182 1492 2243 Ἀγγίστει
1523 2187 1760 2229 manifesto
1789 2189 1879 2229 hoc
1900 2200 2066 2230 nomen
2096 2186 2186 2230 ἐπι-

203 2257 399 2314 κλήσεως
430 2260 524 2300 vim
558 2259 707 2312 habet,
740 2271 844 2300 cum
867 2260 911 2300 C.
934 2261 964 2300 Ι.
984 2260 1031 2300 G.
1057 2263 1180 2313 3886,
1206 2262 1227 2300 Ιι
1261 2271 1353 2300 non
1383 2255 1591 2315 [Μητρὸς]
1623 2258 1734 2301 θεῶν
1765 2254 2074 2317 Ἀνγδίστεω[ς],
2106 2261 2185 2303 sed

202 2329 313 2373 θεῶν
345 2325 613 2387 Ἀγγδίστεων
645 2332 704 2372 sit
735 2331 802 2383 (cf.
835 2331 945 2372 Add.
979 2331 1066 2373 vol.
1096 2332 1153 2371 III
1184 2343 1227 2384 p.
1253 2331 1391 2383 4403).
1453 2331 1685 2373 Strabonis
1723 2343 1834 2373 vero
1874 2332 2000 2374 locus
2042 2335 2185 2375 mani-

202 2402 315 2444 festo
347 2414 438 2443 non
471 2400 715 2458 ἐπικλήσεις
753 2403 934 2456 indicat,
974 2403 1052 2445 sed
1091 2404 1277 2456 propria
1317 2403 1427 2444 deae
1465 2404 1649 2444 nomina
1685 2415 1802 2457 quae
1841 2405 1929 2445 alio
1970 2405 2070 2446 loco
2099 2405 2186 2447 alia

201 2475 379 2528 fuerint,
413 2486 519 2515 cum
542 2477 703 2516 natura
724 2475 822 2516 eius
843 2475 1015 2527 ubique
1036 2476 1215 2516 illarum
1238 2475 1368 2516 Asiae
1390 2475 1581 2516 minoris
1612 2477 1848 2528 regionum
1870 2477 2026 2518 eadem
2051 2480 2184 2520 esset.

204 2545 350 2594 Quare
380 2547 532 2587 nescio
565 2558 621 2587 an
652 2550 912 2599 temporum
947 2548 1060 2588 ratio
1093 2547 1273 2588 diversa
1304 2547 1438 2588 fuerit
1468 2547 1525 2588 ab
1565 2558 1618 2588 ea
1648 2559 1786 2600 quam
1823 2549 2032 2590 homines
2063 2550 2185 2591 docti

204 2619 471 2670 statuerunt,
502 2619 564 2659 ita
594 2620 646 2658 ut
675 2619 932 2671 antiquiore
963 2621 1167 2671 tempore
1196 2618 1394 2671 Agdistis
1432 2631 1599 2660 numen
1639 2620 1786 2660 simile
1816 2620 1998 2673 quidem
2031 2622 2184 2663 Matris

204 2689 397 2730 deorum
429 2689 508 2729 sed
539 2690 690 2729 tamen
720 2690 820 2731 loco
852 2691 973 2730 certe
1003 2690 1083 2731 ubi
1115 2690 1351 2731 colebatur
1382 2690 1439 2731 ab
1470 2702 1522 2732 ea
1553 2691 1818 2732 distinctum
1851 2696 1982 2746 esset,
2023 2696 2185 2747 postea

204 2760 389 2801 demum
421 2771 530 2801 cumr
558 2772 610 2801 ea
640 2761 770 2813 plane
801 2762 1075 2802 coalesceret
1105 2763 1168 2803 ita
1197 2764 1249 2802 ut
1270 2773 1434 2804 nomen
1454 2763 1693 2816 proprium
1723 2764 1767 2804 in
1790 2766 2071 2816 cognominis
2091 2767 2182 2807 vim

204 2832 361 2873 abiret.
422 2833 505 2873 Sed
537 2835 640 2873 utut
670 2834 756 2874 hoc
787 2844 835 2874 se
866 2833 1015 2887 habet,
1047 2836 1168 2874 certe
1199 2834 1273 2874 hic
1302 2834 1486 2887 quidem
1519 2845 1609 2875 non
1639 2836 1708 2875 est
1728 2845 1810 2875 cur
1831 2847 1938 2876 cum
1958 2837 2182 2890 Jougueto

205 2903 395 2956 Cybeles
427 2915 677 2956 cognomen
708 2905 1061 2957 interpretemur
1080 2905 1296 2957 Agdistin.
1348 2907 1450 2946 Sine
1481 2905 1619 2946 dubio
1642 2907 1854 2947 Moschus
1885 2909 2098 2950 sacerdos
2129 2921 2184 2951 ex

204 2976 291 3017 illis
321 2975 452 3017 Asiae
483 2977 673 3017 minoris
704 2977 978 3030 regionibus,
1010 2977 1129 3018 unde
1149 2977 1393 3030 Agdistidis
1415 2988 1544 3020 sacra
1575 2979 1620 3018 in
1642 2978 1750 3020 alias
1772 2981 1915 3021 terras
1937 2983 2185 3034 propagata

206 3050 324 3101 sunt,
357 3048 576 3089 oriundus
607 3050 715 3090 erat.

315 3274 386 3327 29
436 3279 794 3342 Fragmentum
833 3281 987 3330 stelae
1036 3282 1308 3331 marmoris
1353 3282 1454 3330 albi
1499 3297 1613 3331 cum
1658 3284 1926 3349 aetomate,
1971 3285 2023 3332 in
2069 3286 2180 3335 vico

206 3359 453 3428 Mytilini
488 3365 678 3415 insulae
717 3366 854 3416 Sami
891 3367 943 3414 in
989 3367 1280 3417 deversorio
1321 3365 1543 3436 (καφήνι)
1581 3368 1823 3419 Demetrii
1861 3369 2177 3420 Constantae.

207 3448 567 3512 Fragmentum
607 3453 761 3500 stelae
787 3453 1055 3502 marmoris
1081 3453 1180 3502 albi
1208 3467 1322 3502 cum
1348 3456 1612 3503 aetomate.
1678 3455 1803 3504 Edd.
1839 3455 1893 3504 E.
1921 3455 2180 3506 Fabricius

209 3533 367 3583 Mitth.
410 3535 497 3583 des
536 3536 671 3584 arch.
702 3538 819 3587 Inst.
849 3538 900 3586 in
933 3538 1097 3588 Athen
1121 3538 1189 3587 IX
1227 3535 1402 3605 (1894)
1440 3555 1490 3604 p.
1524 3540 1623 3589 496
1664 3555 1710 3589 n.
1741 3541 1771 3590 2
1814 3541 1892 3606 (Μ.
1917 3541 1970 3590 L.
2000 3541 2182 3592 Strack
2271 3551 2274 3555 ’
2312 3540 2314 3564 2

210 3620 297 3668 Die
337 3620 577 3684 Dynastie
616 3622 704 3671 der
742 3623 1026 3675 Ptolemaer
1062 3641 1110 3690 p.
1142 3624 1244 3675 222
1283 3639 1330 3673 n.
1367 3624 1464 3689 ⁴8).

2300 2041 2314 2210 ..finnt-‘22-
2303 1993 2314 2024 fl:
2304 1974 2314 1982 ι
2303 1912 2314 1942 ‘m
2308 1850 2314 1901 -..-.
2308 1827 2314 1838 -

2299 2487 2307 2495 ³
2295 2395 2314 2479 *RQ‘
