<?xml version="1.0" encoding="UTF-8"?>
<!DOCTYPE html PUBLIC "-//W3C//DTD XHTML 1.0 Transitional//EN"
    "http://www.w3.org/TR/xhtml1/DTD/xhtml1-transitional.dtd">
<html xmlns="http://www.w3.org/1999/xhtml" xml:lang="en" lang="en">
 <head>
  <title>
</title>
<meta http-equiv="Content-Type" content="text/html;charset=utf-8" />
  <meta name='ocr-system' content='tesseract 3.04.00' />
  <meta name='ocr-capabilities' content='ocr_page ocr_carea ocr_par ocr_line ocrx_word'/>
</head>
<body>
  <div class='ocr_page' id='page_1' title='image "./orientisgraeciin01dittuoft_0045.png"; bbox 0 0 2314 3970; ppageno 0'>
   <div class='ocr_carea' id='block_1_1' title="bbox 121 227 2097 286">
    <p class='ocr_par' dir='ltr' id='par_1_1' title="bbox 121 227 2097 286">
     <span class='ocr_line' id='line_1_1' title="bbox 121 227 2097 286; baseline -0.003 -14"><span class='ocrx_word' id='word_1_1' title='bbox 121 233 160 286; x_wconf 88' lang='lat'>9]</span> <span class='ocrx_word' id='word_1_2' title='bbox 468 231 787 285; x_wconf 21' lang='lat' dir='ltr'>*Ephesiorum</span> <span class='ocrx_word' id='word_1_3' title='bbox 819 229 1052 270; x_wconf 86' lang='lat' dir='ltr'>decretum</span> <span class='ocrx_word' id='word_1_4' title='bbox 1085 229 1138 269; x_wconf 88' lang='lat' dir='ltr'>de</span> <span class='ocrx_word' id='word_1_5' title='bbox 1171 228 1446 268; x_wconf 74' lang='lat' dir='ltr'>Arche-strati</span> <span class='ocrx_word' id='word_1_6' title='bbox 1477 227 1739 267; x_wconf 86' lang='lat' dir='ltr'>honoribus.</span> <span class='ocrx_word' id='word_1_7' title='bbox 2036 228 2097 277; x_wconf 83' lang='lat'>31</span> 
     </span>
    </p>
   </div>
   <div class='ocr_carea' id='block_1_2' title="bbox 211 397 2113 2027">
    <p class='ocr_par' dir='ltr' id='par_1_2' title="bbox 211 397 2113 2027">
     <span class='ocr_line' id='line_1_2' title="bbox 252 397 2101 472; baseline -0.003 -17"><span class='ocrx_word' id='word_1_8' title='bbox 252 397 460 462; x_wconf 60' lang='lat' dir='ltr'>&#39;&#39;Eooec-:v</span> <span class='ocrx_word' id='word_1_9' title='bbox 520 406 604 471; x_wconf 86' lang='grc' dir='ltr'>τῆι</span> <span class='ocrx_word' id='word_1_10' title='bbox 663 403 844 472; x_wconf 82' lang='grc' dir='ltr'>βουλῆι</span> <span class='ocrx_word' id='word_1_11' title='bbox 897 398 981 453; x_wconf 86' lang='grc' dir='ltr'>καὶ</span> <span class='ocrx_word' id='word_1_12' title='bbox 1036 403 1128 453; x_wconf 90' lang='grc' dir='ltr'>τῶι</span> <span class='ocrx_word' id='word_1_13' title='bbox 1174 401 1360 470; x_wconf 86' lang='grc' dir='ltr'>δήμωι·</span> <span class='ocrx_word' id='word_1_14' title='bbox 1418 398 1664 470; x_wconf 84' lang='grc' dir='ltr'>Μητρᾶ[ς]</span> <span class='ocrx_word' id='word_1_15' title='bbox 1714 397 1872 451; x_wconf 79' lang='grc' dir='ltr'>εἶπεν·</span> <span class='ocrx_word' id='word_1_16' title='bbox 1928 398 2101 469; x_wconf 84' lang='grc' dir='ltr'>ἐπειδὴ</span> 
     </span>
     <span class='ocr_line' id='line_1_3' title="bbox 258 485 2106 559; baseline -0.003 -18"><span class='ocrx_word' id='word_1_17' title='bbox 258 485 614 559; x_wconf 84' lang='grc' dir='ltr'>Ἀρχέστρατος</span> <span class='ocrx_word' id='word_1_18' title='bbox 680 486 907 547; x_wconf 85' lang='grc' dir='ltr'>Νίκωνος</span> <span class='ocrx_word' id='word_1_19' title='bbox 965 485 1216 539; x_wconf 83' lang='grc' dir='ltr'>Μακεδών</span> <span class='ocrx_word' id='word_1_20' title='bbox 1234 489 1265 554; x_wconf 80' lang='lat'>1,</span> <span class='ocrx_word' id='word_1_21' title='bbox 1339 486 1522 544; x_wconf 81' lang='grc' dir='ltr'>οἰκεῖος</span> <span class='ocrx_word' id='word_1_22' title='bbox 1585 488 1652 537; x_wconf 78' lang='grc' dir='ltr'>ὢν</span> <span class='ocrx_word' id='word_1_23' title='bbox 1716 488 1803 536; x_wconf 79' lang='grc' dir='ltr'>τοῦ</span> <span class='ocrx_word' id='word_1_24' title='bbox 1861 485 2106 554; x_wconf 83' lang='grc' dir='ltr'>βασιλέως</span> 
     </span>
     <span class='ocr_line' id='line_1_4' title="bbox 264 574 2106 644; baseline -0.002 -17"><span class='ocrx_word' id='word_1_25' title='bbox 264 574 572 644; x_wconf 88' lang='grc' dir='ltr'>Δ[ημητρίου</span> <span class='ocrx_word' id='word_1_26' title='bbox 607 601 2106 612; x_wconf 86' lang='lat'><em>--------------------------------------------</em></span> 
     </span>
     <span class='ocr_line' id='line_1_5' title="bbox 260 655 2107 728; baseline -0.002 -15"><span class='ocrx_word' id='word_1_27' title='bbox 260 689 1515 700; x_wconf 88' lang='lat'><em>-------------------------------------</em></span> <span class='ocrx_word' id='word_1_28' title='bbox 1558 657 1645 710; x_wconf 82' lang='grc' dir='ltr'>καὶ</span> <span class='ocrx_word' id='word_1_29' title='bbox 1681 656 1962 728; x_wconf 83' lang='grc' dir='ltr'>γενόμενος]</span> <span class='ocrx_word' id='word_1_30' title='bbox 2003 655 2010 728; x_wconf 77' lang='grc' dir='ltr'>Ι</span> <span class='ocrx_word' id='word_1_31' title='bbox 2051 658 2107 726; x_wconf 88' lang='grc' dir='ltr'>ἐγ</span> 
     </span>
     <span class='ocr_line' id='line_1_6' title="bbox 263 741 2104 818; baseline -0.002 -19"><span class='ocrx_word' id='word_1_32' title='bbox 263 746 612 816; x_wconf 76' lang='grc' dir='ltr'>Κλαζομεναῖς</span> <span class='ocrx_word' id='word_1_33' title='bbox 664 742 986 818; x_wconf 68' lang='grc' dir='ltr'>στρατηγόςῖ,</span> <span class='ocrx_word' id='word_1_34' title='bbox 1037 741 1208 797; x_wconf 85' lang='grc' dir='ltr'>πιστόν</span> <span class='ocrx_word' id='word_1_35' title='bbox 1258 765 1311 796; x_wconf 89' lang='grc' dir='ltr'>τε</span> <span class='ocrx_word' id='word_1_36' title='bbox 1361 744 1522 814; x_wconf 75' lang='grc' dir='ltr'>αὑτὸμ</span> <span class='ocrx_word' id='word_1_37' title='bbox 1567 746 1885 816; x_wconf 76' lang='grc' dir='ltr'>παρέσχηται</span> <span class='ocrx_word' id='word_1_38' title='bbox 1933 745 2005 802; x_wconf 85' lang='grc' dir='ltr'>εἰς</span> <span class='ocrx_word' id='word_1_39' title='bbox 2042 741 2104 796; x_wconf 81' lang='grc' dir='ltr'>τὰ</span> 
     </span>
     <span class='ocr_line' id='line_1_7' title="bbox 263 827 2106 904; baseline -0.002 -19"><span class='ocrx_word' id='word_1_40' title='bbox 263 837 349 886; x_wconf 79' lang='grc' dir='ltr'>τοῦ</span> <span class='ocrx_word' id='word_1_41' title='bbox 389 834 633 904; x_wconf 87' lang='grc' dir='ltr'>βασιλέως</span> <span class='ocrx_word' id='word_1_42' title='bbox 670 831 981 904; x_wconf 82' lang='grc' dir='ltr'>πράγματα3</span> <span class='ocrx_word' id='word_1_43' title='bbox 1017 831 1103 884; x_wconf 85' lang='grc' dir='ltr'>καὶ</span> <span class='ocrx_word' id='word_1_44' title='bbox 1141 836 1224 901; x_wconf 82' lang='grc' dir='ltr'>τῆι</span> <span class='ocrx_word' id='word_1_45' title='bbox 1261 831 1407 884; x_wconf 77' lang='grc' dir='ltr'>πόλει</span> <span class='ocrx_word' id='word_1_46' title='bbox 1443 828 1506 882; x_wconf 84' lang='grc' dir='ltr'>τὰ</span> <span class='ocrx_word' id='word_1_47' title='bbox 1548 832 1699 883; x_wconf 78' lang='grc' dir='ltr'>πλοῖα</span> <span class='ocrx_word' id='word_1_48' title='bbox 1737 828 1799 883; x_wconf 80' lang='grc' dir='ltr'>τὰ</span> <span class='ocrx_word' id='word_1_49' title='bbox 1830 827 2106 901; x_wconf 85' lang='grc' dir='ltr'>σιτ[αγωγά</span> 
     </span>
     <span class='ocr_line' id='line_1_8' title="bbox 264 916 2106 990; baseline -0.002 -19"><span class='ocrx_word' id='word_1_50' title='bbox 264 921 492 987; x_wconf 81' lang='grc' dir='ltr'>διέσωσε,</span> <span class='ocrx_word' id='word_1_51' title='bbox 541 918 788 990; x_wconf 79' lang='grc' dir='ltr'>δεδόχθαι</span> <span class='ocrx_word' id='word_1_52' title='bbox 835 924 919 988; x_wconf 80' lang='grc' dir='ltr'>τῆι</span> <span class='ocrx_word' id='word_1_53' title='bbox 957 920 1134 989; x_wconf 81' lang='grc' dir='ltr'>βουλῆι</span> <span class='ocrx_word' id='word_1_54' title='bbox 1172 917 1258 970; x_wconf 86' lang='grc' dir='ltr'>καὶ</span> <span class='ocrx_word' id='word_1_55' title='bbox 1295 922 1387 970; x_wconf 85' lang='grc' dir='ltr'>τῶι</span> <span class='ocrx_word' id='word_1_56' title='bbox 1425 920 1607 987; x_wconf 81' lang='grc' dir='ltr'>δήμωι,</span> <span class='ocrx_word' id='word_1_57' title='bbox 1658 918 1921 970; x_wconf 80' lang='grc' dir='ltr'>ἐπαινέσαι</span> <span class='ocrx_word' id='word_1_58' title='bbox 1959 916 2106 969; x_wconf 81' lang='grc' dir='ltr'>αὐτὸν</span> 
     </span>
     <span class='ocr_line' id='line_1_9' title="bbox 267 1002 2107 1076; baseline -0.002 -17"><span class='ocrx_word' id='word_1_59' title='bbox 267 1008 445 1076; x_wconf 81' lang='grc' dir='ltr'>ἀρετῆς</span> <span class='ocrx_word' id='word_1_60' title='bbox 485 1007 651 1059; x_wconf 85' lang='grc' dir='ltr'>ἕνεκεν</span> <span class='ocrx_word' id='word_1_61' title='bbox 691 1004 776 1058; x_wconf 91' lang='grc' dir='ltr'>καὶ</span> <span class='ocrx_word' id='word_1_62' title='bbox 815 1005 1011 1064; x_wconf 79' lang='grc' dir='ltr'>εὐνοίας</span> <span class='ocrx_word' id='word_1_63' title='bbox 1048 1006 1109 1075; x_wconf 81' lang='grc' dir='ltr'>ἢν</span> <span class='ocrx_word' id='word_1_64' title='bbox 1149 1003 1260 1074; x_wconf 85' lang='grc' dir='ltr'>ἔχει</span> <span class='ocrx_word' id='word_1_65' title='bbox 1296 1002 1419 1074; x_wconf 82' lang='grc' dir='ltr'>πρὸς</span> <span class='ocrx_word' id='word_1_66' title='bbox 1457 1002 1538 1055; x_wconf 78' lang='grc' dir='ltr'>τὸν</span> <span class='ocrx_word' id='word_1_67' title='bbox 1583 1005 1811 1074; x_wconf 83' lang='grc' dir='ltr'>βασιλέα]</span> <span class='ocrx_word' id='word_1_68' title='bbox 1854 1002 1860 1075; x_wconf 74' lang='grc' dir='ltr'>Ι</span> <span class='ocrx_word' id='word_1_69' title='bbox 1902 1003 1986 1056; x_wconf 86' lang='grc' dir='ltr'>καὶ</span> <span class='ocrx_word' id='word_1_70' title='bbox 2025 1002 2107 1055; x_wconf 82' lang='grc' dir='ltr'>τὸν</span> 
     </span>
     <span class='ocr_line' id='line_1_10' title="bbox 265 1087 2108 1163; baseline -0.002 -19"><span class='ocrx_word' id='word_1_71' title='bbox 265 1094 421 1162; x_wconf 82' lang='grc' dir='ltr'>δῆμον</span> <span class='ocrx_word' id='word_1_72' title='bbox 476 1091 559 1144; x_wconf 86' lang='grc' dir='ltr'>τὸν</span> <span class='ocrx_word' id='word_1_73' title='bbox 601 1088 847 1163; x_wconf 85' lang='grc' dir='ltr'>Ἐφεσίων</span> <span class='ocrx_word' id='word_1_74' title='bbox 867 1093 902 1158; x_wconf 84' lang='lat'>4,</span> <span class='ocrx_word' id='word_1_75' title='bbox 952 1089 1038 1142; x_wconf 86' lang='grc' dir='ltr'>καὶ</span> <span class='ocrx_word' id='word_1_76' title='bbox 1088 1093 1410 1160; x_wconf 84' lang='grc' dir='ltr'>στεφανῶσαι</span> <span class='ocrx_word' id='word_1_77' title='bbox 1454 1090 1678 1160; x_wconf 83' lang='grc' dir='ltr'>χρυσέωι</span> <span class='ocrx_word' id='word_1_78' title='bbox 1730 1088 1986 1160; x_wconf 76' lang='grc' dir='ltr'>στεφάνωι</span> <span class='ocrx_word' id='word_1_79' title='bbox 2022 1087 2108 1141; x_wconf 83' lang='grc' dir='ltr'>καὶ</span> 
     </span>
     <span class='ocr_line' id='line_1_11' title="bbox 266 1173 2109 1249; baseline -0.002 -18"><span class='ocrx_word' id='word_1_80' title='bbox 266 1179 561 1249; x_wconf 86' lang='grc' dir='ltr'>ἀναγγεῖλαι</span> <span class='ocrx_word' id='word_1_81' title='bbox 598 1179 698 1238; x_wconf 86' lang='grc' dir='ltr'>τοῖς</span> <span class='ocrx_word' id='word_1_82' title='bbox 738 1177 1017 1236; x_wconf 82' lang='grc' dir='ltr'>Διονυσίοις</span> <span class='ocrx_word' id='word_1_83' title='bbox 1056 1179 1106 1229; x_wconf 85' lang='grc' dir='ltr'>ἐν</span> <span class='ocrx_word' id='word_1_84' title='bbox 1145 1178 1237 1229; x_wconf 86' lang='grc' dir='ltr'>τῶι</span> <span class='ocrx_word' id='word_1_85' title='bbox 1275 1173 1527 1246; x_wconf 81' lang='grc' dir='ltr'>θεάτρωι·</span> <span class='ocrx_word' id='word_1_86' title='bbox 1565 1181 1654 1245; x_wconf 83' lang='grc' dir='ltr'>τῆς</span> <span class='ocrx_word' id='word_1_87' title='bbox 1695 1175 1768 1244; x_wconf 82' lang='grc' dir='ltr'>[δὲ</span> <span class='ocrx_word' id='word_1_88' title='bbox 1809 1176 2109 1245; x_wconf 87' lang='grc' dir='ltr'>ἀναγγελίας</span> 
     </span>
     <span class='ocr_line' id='line_1_12' title="bbox 263 1261 2110 1336; baseline -0.001 -19"><span class='ocrx_word' id='word_1_89' title='bbox 263 1268 350 1317; x_wconf 79' lang='grc' dir='ltr'>τοῦ</span> <span class='ocrx_word' id='word_1_90' title='bbox 397 1263 649 1336; x_wconf 87' lang='grc' dir='ltr'>στεφάνου</span> <span class='ocrx_word' id='word_1_91' title='bbox 698 1265 1052 1334; x_wconf 85' lang='grc' dir='ltr'>ἐπιμελεῖσθαι</span> <span class='ocrx_word' id='word_1_92' title='bbox 1097 1262 1179 1316; x_wconf 83' lang='grc' dir='ltr'>τὸν</span> <span class='ocrx_word' id='word_1_93' title='bbox 1231 1263 1565 1333; x_wconf 77' lang='grc' dir='ltr'>ἀγωνοθέτην.</span> <span class='ocrx_word' id='word_1_94' title='bbox 1646 1264 1818 1315; x_wconf 79' lang='grc' dir='ltr'>δοῦναι</span> <span class='ocrx_word' id='word_1_95' title='bbox 1859 1261 1913 1314; x_wconf 82' lang='grc' dir='ltr'>δὲ</span> <span class='ocrx_word' id='word_1_96' title='bbox 1954 1264 2110 1315; x_wconf 78' lang='grc' dir='ltr'>αὖτῶι</span> 
     </span>
     <span class='ocr_line' id='line_1_13' title="bbox 263 1347 2109 1422; baseline -0.002 -18"><span class='ocrx_word' id='word_1_97' title='bbox 263 1351 349 1404; x_wconf 88' lang='grc' dir='ltr'>καὶ</span> <span class='ocrx_word' id='word_1_98' title='bbox 387 1352 640 1406; x_wconf 88' lang='grc' dir='ltr'>πολιτείαν</span> <span class='ocrx_word' id='word_1_99' title='bbox 680 1347 761 1422; x_wconf 84' lang='grc' dir='ltr'>ἐφ’</span> <span class='ocrx_word' id='word_1_100' title='bbox 812 1349 920 1420; x_wconf 83' lang='grc' dir='ltr'>ῗσηι</span> <span class='ocrx_word' id='word_1_101' title='bbox 968 1349 1053 1403; x_wconf 89' lang='grc' dir='ltr'>καὶ</span> <span class='ocrx_word' id='word_1_102' title='bbox 1103 1349 1289 1419; x_wconf 83' lang='grc' dir='ltr'>ὁμοίαι.</span> <span class='ocrx_word' id='word_1_103' title='bbox 1368 1351 1714 1420; x_wconf 80' lang='grc' dir='ltr'>ἐπικληρῶσαι</span> <span class='ocrx_word' id='word_1_104' title='bbox 1753 1349 1826 1418; x_wconf 78' lang='grc' dir='ltr'>δὲ]</span> <span class='ocrx_word' id='word_1_105' title='bbox 1867 1348 1872 1419; x_wconf 80' lang='grc' dir='ltr'>Ι</span> <span class='ocrx_word' id='word_1_106' title='bbox 1914 1347 1999 1401; x_wconf 84' lang='grc' dir='ltr'>καὶ</span> <span class='ocrx_word' id='word_1_107' title='bbox 2039 1350 2109 1409; x_wconf 85' lang='grc' dir='ltr'>εἰς</span> 
     </span>
     <span class='ocr_line' id='line_1_14' title="bbox 265 1435 2108 1509; baseline -0.002 -18"><span class='ocrx_word' id='word_1_108' title='bbox 265 1438 433 1509; x_wconf 84' lang='grc' dir='ltr'>φυλὴγ</span> <span class='ocrx_word' id='word_1_109' title='bbox 483 1436 570 1491; x_wconf 87' lang='grc' dir='ltr'>καὶ</span> <span class='ocrx_word' id='word_1_110' title='bbox 613 1438 893 1509; x_wconf 82' lang='grc' dir='ltr'>χιλιαστύν.</span> <span class='ocrx_word' id='word_1_111' title='bbox 970 1435 1101 1490; x_wconf 81' lang='grc' dir='ltr'>εἶναι</span> <span class='ocrx_word' id='word_1_112' title='bbox 1151 1435 1205 1488; x_wconf 85' lang='grc' dir='ltr'>δὲ</span> <span class='ocrx_word' id='word_1_113' title='bbox 1255 1436 1413 1489; x_wconf 80' lang='grc' dir='ltr'>αὖτῶι</span> <span class='ocrx_word' id='word_1_114' title='bbox 1462 1435 1548 1488; x_wconf 84' lang='grc' dir='ltr'>καὶ</span> <span class='ocrx_word' id='word_1_115' title='bbox 1594 1436 1863 1506; x_wconf 84' lang='grc' dir='ltr'>προεδρίαν</span> <span class='ocrx_word' id='word_1_116' title='bbox 1913 1437 1963 1487; x_wconf 86' lang='grc' dir='ltr'>ἐν</span> <span class='ocrx_word' id='word_1_117' title='bbox 2003 1436 2108 1494; x_wconf 82' lang='grc' dir='ltr'>τοῖς</span> 
     </span>
     <span class='ocr_line' id='line_1_15' title="bbox 266 1520 2108 1594; baseline -0.001 -19"><span class='ocrx_word' id='word_1_118' title='bbox 266 1525 428 1594; x_wconf 91' lang='grc' dir='ltr'>ἀγῶσι</span> <span class='ocrx_word' id='word_1_119' title='bbox 471 1523 558 1576; x_wconf 88' lang='grc' dir='ltr'>καὶ</span> <span class='ocrx_word' id='word_1_120' title='bbox 597 1525 826 1577; x_wconf 82' lang='grc' dir='ltr'>ἀτέλειαν</span> <span class='ocrx_word' id='word_1_121' title='bbox 866 1526 934 1576; x_wconf 85' lang='grc' dir='ltr'>ὧν</span> <span class='ocrx_word' id='word_1_122' title='bbox 975 1522 1034 1576; x_wconf 78' lang='grc' dir='ltr'>ἂν</span> <span class='ocrx_word' id='word_1_123' title='bbox 1075 1521 1343 1593; x_wconf 74' lang='grc' dir='ltr'>εἰσάγηται</span> <span class='ocrx_word' id='word_1_124' title='bbox 1379 1526 1412 1592; x_wconf 80' lang='grc' dir='ltr'>ἢ</span> <span class='ocrx_word' id='word_1_125' title='bbox 1453 1520 1714 1593; x_wconf 79' lang='grc' dir='ltr'>ἐξάγητ[αι</span> <span class='ocrx_word' id='word_1_126' title='bbox 1751 1524 1823 1581; x_wconf 87' lang='grc' dir='ltr'>εἰς</span> <span class='ocrx_word' id='word_1_127' title='bbox 1860 1520 1942 1574; x_wconf 80' lang='grc' dir='ltr'>τὸν</span> <span class='ocrx_word' id='word_1_128' title='bbox 1982 1520 2108 1574; x_wconf 73' lang='grc' dir='ltr'>ἰ’διον</span> 
     </span>
     <span class='ocr_line' id='line_1_16' title="bbox 267 1605 2108 1680; baseline -0.002 -18"><span class='ocrx_word' id='word_1_129' title='bbox 267 1609 436 1663; x_wconf 76' lang='grc' dir='ltr'>οἷκον5</span> <span class='ocrx_word' id='word_1_130' title='bbox 480 1607 566 1663; x_wconf 86' lang='grc' dir='ltr'>καὶ</span> <span class='ocrx_word' id='word_1_131' title='bbox 613 1613 664 1664; x_wconf 85' lang='grc' dir='ltr'>ἐν</span> <span class='ocrx_word' id='word_1_132' title='bbox 713 1611 939 1679; x_wconf 86' lang='grc' dir='ltr'>πολέμωι</span> <span class='ocrx_word' id='word_1_133' title='bbox 975 1608 1062 1662; x_wconf 87' lang='grc' dir='ltr'>καὶ</span> <span class='ocrx_word' id='word_1_134' title='bbox 1101 1611 1151 1661; x_wconf 84' lang='grc' dir='ltr'>ἐν</span> <span class='ocrx_word' id='word_1_135' title='bbox 1192 1611 1390 1680; x_wconf 87' lang='grc' dir='ltr'>εἰρήνηι</span> <span class='ocrx_word' id='word_1_136' title='bbox 1428 1608 1514 1661; x_wconf 86' lang='grc' dir='ltr'>καὶ</span> <span class='ocrx_word' id='word_1_137' title='bbox 1552 1605 1683 1661; x_wconf 85' lang='grc' dir='ltr'>κατὰ</span> <span class='ocrx_word' id='word_1_138' title='bbox 1722 1612 1814 1678; x_wconf 86' lang='grc' dir='ltr'>γῆν</span> <span class='ocrx_word' id='word_1_139' title='bbox 1853 1607 1939 1660; x_wconf 86' lang='grc' dir='ltr'>καὶ</span> <span class='ocrx_word' id='word_1_140' title='bbox 1977 1606 2108 1660; x_wconf 84' lang='grc' dir='ltr'>κατὰ</span> 
     </span>
     <span class='ocr_line' id='line_1_17' title="bbox 211 1692 2113 1768; baseline -0.003 -18"><span class='ocrx_word' id='word_1_141' title='bbox 211 1711 235 1750; x_wconf 88' lang='grc'>5</span> <span class='ocrx_word' id='word_1_142' title='bbox 269 1692 550 1750; x_wconf 79' lang='grc' dir='ltr'>θάλασσαν.</span> <span class='ocrx_word' id='word_1_143' title='bbox 629 1693 920 1768; x_wconf 78' lang='grc' dir='ltr'>ἀναγράψαι</span> <span class='ocrx_word' id='word_1_144' title='bbox 966 1695 1020 1748; x_wconf 84' lang='grc' dir='ltr'>δὲ</span> <span class='ocrx_word' id='word_1_145' title='bbox 1058 1692 1172 1749; x_wconf 86' lang='grc' dir='ltr'>τόδε</span> <span class='ocrx_word' id='word_1_146' title='bbox 1210 1694 1263 1748; x_wconf 87' lang='grc' dir='ltr'>τὸ</span> <span class='ocrx_word' id='word_1_147' title='bbox 1304 1696 1557 1767; x_wconf 75' lang='grc' dir='ltr'>ψήφισμα]</span> <span class='ocrx_word' id='word_1_148' title='bbox 1595 1694 1611 1765; x_wconf 85' lang='grc' dir='ltr'>ΙΙ</span> <span class='ocrx_word' id='word_1_149' title='bbox 1647 1693 1762 1754; x_wconf 81' lang='grc' dir='ltr'>τοὺς</span> <span class='ocrx_word' id='word_1_150' title='bbox 1800 1693 2113 1762; x_wconf 81' lang='grc' dir='ltr'>νεωποί(α)ς6</span> 
     </span>
     <span class='ocr_line' id='line_1_18' title="bbox 267 1779 2113 1854; baseline -0.002 -18"><span class='ocrx_word' id='word_1_151' title='bbox 267 1784 338 1843; x_wconf 83' lang='grc' dir='ltr'>εἰς</span> <span class='ocrx_word' id='word_1_152' title='bbox 400 1782 454 1836; x_wconf 85' lang='grc' dir='ltr'>τὸ</span> <span class='ocrx_word' id='word_1_153' title='bbox 521 1782 650 1854; x_wconf 82' lang='grc' dir='ltr'>ἱερὸν</span> <span class='ocrx_word' id='word_1_154' title='bbox 708 1789 797 1853; x_wconf 86' lang='grc' dir='ltr'>τῆς</span> <span class='ocrx_word' id='word_1_155' title='bbox 854 1779 1138 1854; x_wconf 82' lang='grc' dir='ltr'>Ἀρτέμιδος</span> <span class='ocrx_word' id='word_1_156' title='bbox 1195 1785 1320 1835; x_wconf 85' lang='grc' dir='ltr'>ὅπου</span> <span class='ocrx_word' id='word_1_157' title='bbox 1382 1780 1468 1833; x_wconf 89' lang='grc' dir='ltr'>καὶ</span> <span class='ocrx_word' id='word_1_158' title='bbox 1527 1782 1579 1833; x_wconf 88' lang='grc' dir='ltr'>αἱ</span> <span class='ocrx_word' id='word_1_159' title='bbox 1635 1779 1808 1834; x_wconf 86' lang='grc' dir='ltr'>λοιπαὶ</span> <span class='ocrx_word' id='word_1_160' title='bbox 1862 1782 2113 1834; x_wconf 83' lang='grc' dir='ltr'>πολιτεῖαι</span> 
     </span>
     <span class='ocr_line' id='line_1_19' title="bbox 269 1868 2113 1940; baseline -0.001 -18"><span class='ocrx_word' id='word_1_161' title='bbox 269 1870 707 1940; x_wconf 84' lang='grc' dir='ltr'>ἀναγεγραμμέναι</span> <span class='ocrx_word' id='word_1_162' title='bbox 745 1870 858 1938; x_wconf 89' lang='grc' dir='ltr'>εἰσί,</span> <span class='ocrx_word' id='word_1_163' title='bbox 910 1871 1045 1929; x_wconf 82' lang='grc' dir='ltr'>ὅπως</span> <span class='ocrx_word' id='word_1_164' title='bbox 1083 1868 1316 1938; x_wconf 84' lang='grc' dir='ltr'>ἅπαντ[ες</span> <span class='ocrx_word' id='word_1_165' title='bbox 1356 1870 1554 1921; x_wconf 85' lang='grc' dir='ltr'>εἰδῶσιν</span> <span class='ocrx_word' id='word_1_166' title='bbox 1594 1870 1672 1920; x_wconf 82' lang='grc' dir='ltr'>ὅτι</span> <span class='ocrx_word' id='word_1_167' title='bbox 1709 1869 1734 1920; x_wconf 87' lang='grc' dir='ltr'><strong>ὁ</strong></span> <span class='ocrx_word' id='word_1_168' title='bbox 1777 1869 1933 1938; x_wconf 78' lang='grc' dir='ltr'>δῆμος</span> <span class='ocrx_word' id='word_1_169' title='bbox 1970 1871 2113 1937; x_wconf 84' lang='grc' dir='ltr'>τιμᾶι</span> 
     </span>
     <span class='ocr_line' id='line_1_20' title="bbox 266 1953 2111 2027; baseline -0.001 -19"><span class='ocrx_word' id='word_1_170' title='bbox 266 1953 380 2015; x_wconf 88' lang='grc' dir='ltr'>τοὺς</span> <span class='ocrx_word' id='word_1_171' title='bbox 433 1956 814 2027; x_wconf 77' lang='grc' dir='ltr'>εὐεργετοῦντας</span> <span class='ocrx_word' id='word_1_172' title='bbox 873 1954 1020 2008; x_wconf 81' lang='grc' dir='ltr'>αὑτὸν</span> <span class='ocrx_word' id='word_1_173' title='bbox 1070 1956 1283 2025; x_wconf 84' lang='grc' dir='ltr'>δωρεαῖς</span> <span class='ocrx_word' id='word_1_174' title='bbox 1331 1956 1441 2015; x_wconf 84' lang='grc' dir='ltr'>ταῖς</span> <span class='ocrx_word' id='word_1_175' title='bbox 1489 1954 1877 2026; x_wconf 83' lang='grc' dir='ltr'>προσηκούσαις.</span> <span class='ocrx_word' id='word_1_176' title='bbox 1955 1953 2111 2024; x_wconf 82' lang='grc' dir='ltr'>ἔλαχε</span> 
     </span>
    </p>
   </div>
   <div class='ocr_carea' id='block_1_3' title="bbox 268 2041 1350 2114">
    <p class='ocr_par' dir='ltr' id='par_1_3' title="bbox 268 2041 1350 2114">
     <span class='ocr_line' id='line_1_21' title="bbox 268 2041 1350 2114; baseline -0.01 -13"><span class='ocrx_word' id='word_1_177' title='bbox 268 2042 430 2113; x_wconf 79' lang='grc' dir='ltr'>φυλὴν</span> <span class='ocrx_word' id='word_1_178' title='bbox 468 2073 663 2082; x_wconf 88' lang='lat'><em>------</em></span> <span class='ocrx_word' id='word_1_179' title='bbox 666 2084 678 2112; x_wconf 85' lang='lat'>,</span> <span class='ocrx_word' id='word_1_180' title='bbox 717 2041 984 2114; x_wconf 83' lang='grc' dir='ltr'>χιλιαστὺν</span> <span class='ocrx_word' id='word_1_181' title='bbox 1031 2073 1334 2081; x_wconf 88' lang='lat'><em>---------</em></span> <span class='ocrx_word' id='word_1_182' title='bbox 1333 2042 1350 2110; x_wconf 90' lang='lat'>]</span> 
     </span>
    </p>
   </div>
   <div class='ocr_carea' id='block_1_4' title="bbox 124 2275 2117 2902">
    <p class='ocr_par' dir='ltr' id='par_1_4' title="bbox 124 2275 2117 2902">
     <span class='ocr_line' id='line_1_22' title="bbox 243 2275 2117 2328; baseline -0.001 -12"><span class='ocrx_word' id='word_1_183' title='bbox 243 2279 259 2316; x_wconf 89' lang='grc'><strong>4</strong></span> <span class='ocrx_word' id='word_1_184' title='bbox 306 2275 449 2316; x_wconf 89' lang='lat' dir='ltr'>Homo</span> <span class='ocrx_word' id='word_1_185' title='bbox 472 2275 735 2328; x_wconf 83' lang='lat' dir='ltr'>ceteroquin</span> <span class='ocrx_word' id='word_1_186' title='bbox 757 2275 955 2326; x_wconf 81' lang='lat' dir='ltr'>ignotus.</span> <span class='ocrx_word' id='word_1_187' title='bbox 1077 2278 1100 2314; x_wconf 77' lang='lat'>2</span> <span class='ocrx_word' id='word_1_188' title='bbox 1141 2275 1269 2315; x_wconf 90' lang='lat' dir='ltr'>Anno</span> <span class='ocrx_word' id='word_1_189' title='bbox 1296 2278 1376 2314; x_wconf 75' lang='lat'>302</span> <span class='ocrx_word' id='word_1_190' title='bbox 1401 2287 1438 2316; x_wconf 89' lang='lat' dir='ltr'>a.</span> <span class='ocrx_word' id='word_1_191' title='bbox 1462 2275 1563 2315; x_wconf 87' lang='lat' dir='ltr'>Chr.</span> <span class='ocrx_word' id='word_1_192' title='bbox 1596 2275 1836 2327; x_wconf 89' lang='lat' dir='ltr'>Prepelaus</span> <span class='ocrx_word' id='word_1_193' title='bbox 1858 2275 2117 2327; x_wconf 84' lang='lat' dir='ltr'><strong>Lysimachi</strong></span> 
     </span>
     <span class='ocr_line' id='line_1_23' title="bbox 126 2346 2114 2399; baseline -0.001 -11"><span class='ocrx_word' id='word_1_194' title='bbox 126 2348 351 2388; x_wconf 85' lang='lat' dir='ltr'>exercitus</span> <span class='ocrx_word' id='word_1_195' title='bbox 404 2347 495 2387; x_wconf 85' lang='lat' dir='ltr'>dux</span> <span class='ocrx_word' id='word_1_196' title='bbox 548 2347 604 2388; x_wconf 90' lang='lat' dir='ltr'>ad</span> <span class='ocrx_word' id='word_1_197' title='bbox 643 2347 839 2388; x_wconf 85' lang='lat' dir='ltr'>Aeolidis</span> <span class='ocrx_word' id='word_1_198' title='bbox 892 2349 937 2387; x_wconf 90' lang='lat' dir='ltr'>et</span> <span class='ocrx_word' id='word_1_199' title='bbox 985 2347 1133 2387; x_wconf 88' lang='lat' dir='ltr'>Ioniae</span> <span class='ocrx_word' id='word_1_200' title='bbox 1179 2347 1348 2399; x_wconf 89' lang='lat' dir='ltr'>oppida</span> <span class='ocrx_word' id='word_1_201' title='bbox 1396 2347 1625 2387; x_wconf 84' lang='lat' dir='ltr'>Demetrio</span> <span class='ocrx_word' id='word_1_202' title='bbox 1671 2346 1901 2398; x_wconf 87' lang='lat' dir='ltr'>eripienda</span> <span class='ocrx_word' id='word_1_203' title='bbox 1947 2347 2114 2387; x_wconf 89' lang='lat' dir='ltr'>missus</span> 
     </span>
     <span class='ocr_line' id='line_1_24' title="bbox 124 2418 2115 2472; baseline -0.001 -12"><span class='ocrx_word' id='word_1_204' title='bbox 124 2419 353 2472; x_wconf 81' lang='lat' dir='ltr'><strong>Ephesum</strong></span> <span class='ocrx_word' id='word_1_205' title='bbox 385 2419 570 2471; x_wconf 91' lang='lat' dir='ltr'>quidem</span> <span class='ocrx_word' id='word_1_206' title='bbox 603 2418 839 2459; x_wconf 82' lang='lat' dir='ltr'>obsidione</span> <span class='ocrx_word' id='word_1_207' title='bbox 871 2419 1004 2470; x_wconf 90' lang='lat' dir='ltr'>cepit,</span> <span class='ocrx_word' id='word_1_208' title='bbox 1044 2429 1099 2458; x_wconf 82' lang='lat' dir='ltr'>ex</span> <span class='ocrx_word' id='word_1_209' title='bbox 1130 2418 1316 2470; x_wconf 86' lang='lat' dir='ltr'>reliquis</span> <span class='ocrx_word' id='word_1_210' title='bbox 1348 2429 1458 2459; x_wconf 89' lang='lat' dir='ltr'>vero</span> <span class='ocrx_word' id='word_1_211' title='bbox 1491 2429 1595 2458; x_wconf 87' lang='lat' dir='ltr'>cum</span> <span class='ocrx_word' id='word_1_212' title='bbox 1627 2419 1747 2458; x_wconf 83' lang='lat' dir='ltr'>Teon</span> <span class='ocrx_word' id='word_1_213' title='bbox 1777 2420 1822 2458; x_wconf 91' lang='lat' dir='ltr'>et</span> <span class='ocrx_word' id='word_1_214' title='bbox 1853 2418 2115 2470; x_wconf 87' lang='lat' dir='ltr'>Colophona</span> 
     </span>
     <span class='ocr_line' id='line_1_25' title="bbox 126 2490 2116 2544; baseline -0.001 -12"><span class='ocrx_word' id='word_1_215' title='bbox 126 2491 182 2532; x_wconf 84' lang='lat' dir='ltr'>ad</span> <span class='ocrx_word' id='word_1_216' title='bbox 198 2493 349 2544; x_wconf 86' lang='lat' dir='ltr'>partes</span> <span class='ocrx_word' id='word_1_217' title='bbox 366 2491 625 2543; x_wconf 79' lang='lat' dir='ltr'>Lysimachi</span> <span class='ocrx_word' id='word_1_218' title='bbox 642 2490 930 2542; x_wconf 81' lang='lat' dir='ltr'>traduxisset,</span> <span class='ocrx_word' id='word_1_219' title='bbox 953 2490 1161 2542; x_wconf 77' lang='lat' dir='ltr'>Erythris</span> <span class='ocrx_word' id='word_1_220' title='bbox 1186 2492 1231 2530; x_wconf 92' lang='lat' dir='ltr'>et</span> <span class='ocrx_word' id='word_1_221' title='bbox 1247 2490 1527 2530; x_wconf 87' lang='lat' dir='ltr'>Clazomenis</span> <span class='ocrx_word' id='word_1_222' title='bbox 1551 2490 1688 2542; x_wconf 90' lang='lat' dir='ltr'>potiri</span> <span class='ocrx_word' id='word_1_223' title='bbox 1713 2501 1802 2530; x_wconf 92' lang='lat' dir='ltr'>non</span> <span class='ocrx_word' id='word_1_224' title='bbox 1823 2490 1986 2543; x_wconf 78' lang='lat' dir='ltr'>potuit,</span> <span class='ocrx_word' id='word_1_225' title='bbox 2009 2491 2116 2542; x_wconf 90' lang='lat' dir='ltr'>quia</span> 
     </span>
     <span class='ocr_line' id='line_1_26' title="bbox 131 2559 2115 2618; baseline 0 -14"><span class='ocrx_word' id='word_1_226' title='bbox 131 2563 245 2604; x_wconf 89' lang='lat' dir='ltr'>mari</span> <span class='ocrx_word' id='word_1_227' title='bbox 276 2563 444 2604; x_wconf 79' lang='lat' dir='ltr'>auxilia</span> <span class='ocrx_word' id='word_1_228' title='bbox 473 2563 581 2603; x_wconf 92' lang='lat' dir='ltr'>illuc</span> <span class='ocrx_word' id='word_1_229' title='bbox 611 2562 929 2614; x_wconf 79' lang='lat' dir='ltr'>mittebantur3</span> <span class='ocrx_word' id='word_1_230' title='bbox 962 2562 1016 2603; x_wconf 85' lang='lat' dir='ltr'>cf.</span> <span class='ocrx_word' id='word_1_231' title='bbox 1047 2562 1229 2603; x_wconf 90' lang='lat' dir='ltr'>Diodor.</span> <span class='ocrx_word' id='word_1_232' title='bbox 1252 2562 1350 2615; x_wconf 89' lang='lat' dir='ltr'>XX,</span> <span class='ocrx_word' id='word_1_233' title='bbox 1374 2565 1470 2615; x_wconf 88' lang='grc'>407,</span> <span class='ocrx_word' id='word_1_234' title='bbox 1495 2566 1540 2603; x_wconf 86' lang='lat'>5:</span> <span class='ocrx_word' id='word_1_235' title='bbox 1582 2559 1688 2616; x_wconf 84' lang='grc' dir='ltr'>μετὰ</span> <span class='ocrx_word' id='word_1_236' title='bbox 1719 2560 1765 2602; x_wconf 86' lang='grc' dir='ltr'>δὲ</span> <span class='ocrx_word' id='word_1_237' title='bbox 1794 2564 1925 2603; x_wconf 81' lang='grc' dir='ltr'>ταῦτα</span> <span class='ocrx_word' id='word_1_238' title='bbox 1954 2559 2115 2618; x_wconf 81' lang='grc' dir='ltr'>Τηΐους</span> 
     </span>
     <span class='ocr_line' id='line_1_27' title="bbox 127 2627 2116 2690; baseline -0.002 -14"><span class='ocrx_word' id='word_1_239' title='bbox 127 2634 202 2690; x_wconf 85' lang='grc' dir='ltr'>μὲν</span> <span class='ocrx_word' id='word_1_240' title='bbox 242 2633 315 2676; x_wconf 83' lang='grc' dir='ltr'>καὶ</span> <span class='ocrx_word' id='word_1_241' title='bbox 353 2629 659 2690; x_wconf 75' lang='grc' dir='ltr'>Κολοφωνίους</span> <span class='ocrx_word' id='word_1_242' title='bbox 696 2631 1004 2690; x_wconf 82' lang='grc' dir='ltr'>προσηγάγετο,</span> <span class='ocrx_word' id='word_1_243' title='bbox 1038 2627 1311 2689; x_wconf 78' lang='grc' dir='ltr'>Ἐρυθραίοις</span> <span class='ocrx_word' id='word_1_244' title='bbox 1361 2631 1408 2674; x_wconf 88' lang='grc' dir='ltr'>δὲ</span> <span class='ocrx_word' id='word_1_245' title='bbox 1447 2632 1519 2674; x_wconf 79' lang='grc' dir='ltr'>καὶ</span> <span class='ocrx_word' id='word_1_246' title='bbox 1559 2629 1865 2689; x_wconf 81' lang='grc' dir='ltr'>Κλαζομενίοις</span> <span class='ocrx_word' id='word_1_247' title='bbox 1904 2631 2116 2689; x_wconf 78' lang='grc' dir='ltr'>ἐλθούσης</span> 
     </span>
     <span class='ocr_line' id='line_1_28' title="bbox 125 2702 2115 2764; baseline -0.001 -16"><span class='ocrx_word' id='word_1_248' title='bbox 125 2705 236 2748; x_wconf 76' lang='grc' dir='ltr'>κατὰ</span> <span class='ocrx_word' id='word_1_249' title='bbox 265 2704 478 2747; x_wconf 85' lang='grc' dir='ltr'>θάλατταν</span> <span class='ocrx_word' id='word_1_250' title='bbox 513 2703 714 2761; x_wconf 86' lang='grc' dir='ltr'>βοηθείας</span> <span class='ocrx_word' id='word_1_251' title='bbox 744 2703 820 2751; x_wconf 83' lang='grc' dir='ltr'>τὰς</span> <span class='ocrx_word' id='word_1_252' title='bbox 852 2704 928 2761; x_wconf 85' lang='grc' dir='ltr'>μὲν</span> <span class='ocrx_word' id='word_1_253' title='bbox 959 2703 1104 2751; x_wconf 84' lang='grc' dir='ltr'>πόλεις</span> <span class='ocrx_word' id='word_1_254' title='bbox 1136 2702 1250 2747; x_wconf 80' lang='grc' dir='ltr'>ἑλεῖν</span> <span class='ocrx_word' id='word_1_255' title='bbox 1283 2703 1361 2746; x_wconf 83' lang='grc' dir='ltr'>οὐκ</span> <span class='ocrx_word' id='word_1_256' title='bbox 1380 2703 1593 2761; x_wconf 82' lang='grc' dir='ltr'>ἠδυνήθη,</span> <span class='ocrx_word' id='word_1_257' title='bbox 1624 2704 1701 2760; x_wconf 78' lang='grc' dir='ltr'>τὴν</span> <span class='ocrx_word' id='word_1_258' title='bbox 1734 2703 1779 2746; x_wconf 86' lang='grc' dir='ltr'>δὲ</span> <span class='ocrx_word' id='word_1_259' title='bbox 1807 2706 1953 2764; x_wconf 84' lang='grc' dir='ltr'>χώραν</span> <span class='ocrx_word' id='word_1_260' title='bbox 1978 2703 2115 2747; x_wconf 81' lang='grc' dir='ltr'>αὐτῶν</span> 
     </span>
     <span class='ocr_line' id='line_1_29' title="bbox 127 2773 2116 2833; baseline -0.001 -14"><span class='ocrx_word' id='word_1_261' title='bbox 127 2775 348 2833; x_wconf 86' lang='grc' dir='ltr'>πορθήσας</span> <span class='ocrx_word' id='word_1_262' title='bbox 387 2775 602 2827; x_wconf 78' lang='grc' dir='ltr'>ἀνέζευξεν</span> <span class='ocrx_word' id='word_1_263' title='bbox 641 2775 710 2819; x_wconf 84' lang='grc' dir='ltr'>ἐπὶ</span> <span class='ocrx_word' id='word_1_264' title='bbox 751 2773 940 2832; x_wconf 83' lang='grc' dir='ltr'>Σάρδεις.</span> <span class='ocrx_word' id='word_1_265' title='bbox 1003 2778 1117 2817; x_wconf 92' lang='lat' dir='ltr'>Tum</span> <span class='ocrx_word' id='word_1_266' title='bbox 1158 2777 1385 2830; x_wconf 87' lang='lat' dir='ltr'>praesidio</span> <span class='ocrx_word' id='word_1_267' title='bbox 1427 2778 1645 2818; x_wconf 83' lang='lat' dir='ltr'>Demetrii</span> <span class='ocrx_word' id='word_1_268' title='bbox 1691 2789 1781 2830; x_wconf 90' lang='lat' dir='ltr'>quo</span> <span class='ocrx_word' id='word_1_269' title='bbox 1825 2778 2116 2819; x_wconf 88' lang='lat' dir='ltr'>Clazomenae</span> 
     </span>
     <span class='ocr_line' id='line_1_30' title="bbox 128 2848 2116 2902; baseline -0.001 -12"><span class='ocrx_word' id='word_1_270' title='bbox 128 2849 483 2890; x_wconf 81' lang='lat' dir='ltr'>defendebantur</span> <span class='ocrx_word' id='word_1_271' title='bbox 511 2850 854 2890; x_wconf 88' lang='lat' dir='ltr'>Archestratum</span> <span class='ocrx_word' id='word_1_272' title='bbox 885 2848 1139 2902; x_wconf 81' lang='lat' dir='ltr'>praefuisse</span> <span class='ocrx_word' id='word_1_273' title='bbox 1171 2850 1403 2902; x_wconf 84' lang='lat' dir='ltr'>perspexit</span> <span class='ocrx_word' id='word_1_274' title='bbox 1434 2849 1581 2890; x_wconf 89' lang='lat' dir='ltr'>Hicks.</span> <span class='ocrx_word' id='word_1_275' title='bbox 1732 2853 1753 2888; x_wconf 85' lang='lat'><strong>3</strong></span> <span class='ocrx_word' id='word_1_276' title='bbox 1793 2849 1921 2890; x_wconf 89' lang='lat' dir='ltr'>Fides</span> <span class='ocrx_word' id='word_1_277' title='bbox 1951 2850 2116 2890; x_wconf 90' lang='lat' dir='ltr'>Arche-</span> 
     </span>
    </p>
   </div>
   <div class='ocr_carea' id='block_1_5' title="bbox 47 2921 2116 2974">
    <p class='ocr_par' dir='ltr' id='par_1_5' title="bbox 47 2921 2116 2974">
     <span class='ocr_line' id='line_1_31' title="bbox 47 2921 2116 2974; baseline 0.001 -15"><span class='ocrx_word' id='word_1_278' title='bbox 47 2948 55 2959; x_wconf 71' lang='lat'>.</span> <span class='ocrx_word' id='word_1_279' title='bbox 128 2922 257 2962; x_wconf 89' lang='lat' dir='ltr'>strati</span> <span class='ocrx_word' id='word_1_280' title='bbox 288 2924 528 2974; x_wconf 86' lang='lat' dir='ltr'>propterea</span> <span class='ocrx_word' id='word_1_281' title='bbox 558 2923 793 2973; x_wconf 85' lang='lat' dir='ltr'>tantopere</span> <span class='ocrx_word' id='word_1_282' title='bbox 824 2921 1126 2974; x_wconf 87' lang='lat' dir='ltr'>praedicatur,</span> <span class='ocrx_word' id='word_1_283' title='bbox 1158 2923 1263 2974; x_wconf 85' lang='lat' dir='ltr'>quia</span> <span class='ocrx_word' id='word_1_284' title='bbox 1296 2933 1377 2974; x_wconf 90' lang='lat' dir='ltr'>per</span> <span class='ocrx_word' id='word_1_285' title='bbox 1399 2922 1518 2962; x_wconf 90' lang='lat' dir='ltr'>idem</span> <span class='ocrx_word' id='word_1_286' title='bbox 1549 2924 1731 2974; x_wconf 87' lang='lat' dir='ltr'>tempus</span> <span class='ocrx_word' id='word_1_287' title='bbox 1763 2921 1851 2962; x_wconf 92' lang='lat' dir='ltr'>duo</span> <span class='ocrx_word' id='word_1_288' title='bbox 1882 2922 1955 2962; x_wconf 89' lang='lat' dir='ltr'>alii</span> <span class='ocrx_word' id='word_1_289' title='bbox 1978 2921 2116 2961; x_wconf 89' lang='lat' dir='ltr'>duces</span> 
     </span>
    </p>
   </div>
   <div class='ocr_carea' id='block_1_6' title="bbox 128 2992 2116 3620">
    <p class='ocr_par' dir='ltr' id='par_1_6' title="bbox 128 2992 2116 3620">
     <span class='ocr_line' id='line_1_32' title="bbox 128 2992 2115 3046; baseline -0.001 -12"><span class='ocrx_word' id='word_1_290' title='bbox 128 2992 185 3034; x_wconf 80' lang='lat' dir='ltr'>ab</span> <span class='ocrx_word' id='word_1_291' title='bbox 206 2994 428 3045; x_wconf 84' lang='lat' dir='ltr'>Antigono</span> <span class='ocrx_word' id='word_1_292' title='bbox 451 2994 507 3034; x_wconf 91' lang='lat' dir='ltr'>ad</span> <span class='ocrx_word' id='word_1_293' title='bbox 527 2994 850 3045; x_wconf 82' lang='lat' dir='ltr'>Lysimachum</span> <span class='ocrx_word' id='word_1_294' title='bbox 873 2993 1146 3046; x_wconf 88' lang='lat' dir='ltr'>defecerunt,</span> <span class='ocrx_word' id='word_1_295' title='bbox 1178 2995 1395 3034; x_wconf 85' lang='lat' dir='ltr'>Docimus</span> <span class='ocrx_word' id='word_1_296' title='bbox 1420 2995 1464 3034; x_wconf 89' lang='lat' dir='ltr'>et</span> <span class='ocrx_word' id='word_1_297' title='bbox 1485 2994 1700 3034; x_wconf 86' lang='lat' dir='ltr'>Phoenix.</span> <span class='ocrx_word' id='word_1_298' title='bbox 1753 2993 1812 3033; x_wconf 87' lang='lat' dir='ltr'>Cf.</span> <span class='ocrx_word' id='word_1_299' title='bbox 1836 2993 2016 3033; x_wconf 91' lang='lat' dir='ltr'>Diodor.</span> <span class='ocrx_word' id='word_1_300' title='bbox 2039 2993 2065 3033; x_wconf 92' lang='lat' dir='ltr'>l.</span> <span class='ocrx_word' id='word_1_301' title='bbox 2088 2993 2115 3032; x_wconf 94' lang='lat' dir='ltr'>l.</span> 
     </span>
     <span class='ocr_line' id='line_1_33' title="bbox 130 3065 2115 3118; baseline 0 -13"><span class='ocrx_word' id='word_1_302' title='bbox 130 3067 152 3104; x_wconf 69' lang='lat'>4</span> <span class='ocrx_word' id='word_1_303' title='bbox 194 3065 312 3106; x_wconf 90' lang='lat' dir='ltr'>Haec</span> <span class='ocrx_word' id='word_1_304' title='bbox 343 3067 441 3106; x_wconf 92' lang='lat' dir='ltr'>tum</span> <span class='ocrx_word' id='word_1_305' title='bbox 473 3066 658 3106; x_wconf 90' lang='lat' dir='ltr'>demum</span> <span class='ocrx_word' id='word_1_306' title='bbox 689 3065 870 3106; x_wconf 86' lang='lat' dir='ltr'>decreta</span> <span class='ocrx_word' id='word_1_307' title='bbox 901 3076 1016 3118; x_wconf 89' lang='lat' dir='ltr'>esse,</span> <span class='ocrx_word' id='word_1_308' title='bbox 1049 3077 1153 3106; x_wconf 92' lang='lat' dir='ltr'>cum</span> <span class='ocrx_word' id='word_1_309' title='bbox 1176 3066 1383 3118; x_wconf 89' lang='lat' dir='ltr'>Ephesus</span> <span class='ocrx_word' id='word_1_310' title='bbox 1415 3077 1575 3106; x_wconf 90' lang='lat' dir='ltr'>rursus</span> <span class='ocrx_word' id='word_1_311' title='bbox 1606 3066 1651 3105; x_wconf 93' lang='lat' dir='ltr'>in</span> <span class='ocrx_word' id='word_1_312' title='bbox 1672 3065 1888 3105; x_wconf 89' lang='lat' dir='ltr'>Demetrii</span> <span class='ocrx_word' id='word_1_313' title='bbox 1918 3066 2115 3116; x_wconf 86' lang='lat' dir='ltr'>potesta-</span> 
     </span>
     <span class='ocr_line' id='line_1_34' title="bbox 128 3133 2116 3190; baseline -0.001 -13"><span class='ocrx_word' id='word_1_314' title='bbox 128 3137 221 3176; x_wconf 86' lang='lat' dir='ltr'>tem</span> <span class='ocrx_word' id='word_1_315' title='bbox 265 3138 477 3190; x_wconf 75' lang='lat' dir='ltr'>venisset‚</span> <span class='ocrx_word' id='word_1_316' title='bbox 523 3137 814 3178; x_wconf 88' lang='lat' dir='ltr'>manifestum</span> <span class='ocrx_word' id='word_1_317' title='bbox 854 3139 942 3189; x_wconf 92' lang='lat' dir='ltr'>est;</span> <span class='ocrx_word' id='word_1_318' title='bbox 987 3137 1034 3178; x_wconf 95' lang='lat' dir='ltr'>id</span> <span class='ocrx_word' id='word_1_319' title='bbox 1071 3148 1182 3179; x_wconf 88' lang='lat' dir='ltr'>vero</span> <span class='ocrx_word' id='word_1_320' title='bbox 1225 3139 1463 3178; x_wconf 88' lang='lat' dir='ltr'>etiamtum</span> <span class='ocrx_word' id='word_1_321' title='bbox 1505 3149 1620 3178; x_wconf 86' lang='lat' dir='ltr'>anno</span> <span class='ocrx_word' id='word_1_322' title='bbox 1663 3133 1782 3190; x_wconf 77' lang='lat' dir='ltr'><em>302l⁴</em></span> <span class='ocrx_word' id='word_1_323' title='bbox 1824 3148 1861 3176; x_wconf 91' lang='lat' dir='ltr'>a.</span> <span class='ocrx_word' id='word_1_324' title='bbox 1885 3136 1984 3176; x_wconf 92' lang='lat' dir='ltr'>Chr.</span> <span class='ocrx_word' id='word_1_325' title='bbox 2027 3146 2116 3176; x_wconf 90' lang='lat' dir='ltr'>usu</span> 
     </span>
     <span class='ocr_line' id='line_1_35' title="bbox 129 3196 2114 3266; baseline 0 -18"><span class='ocrx_word' id='word_1_326' title='bbox 129 3209 307 3249; x_wconf 83' lang='lat' dir='ltr'>venisse</span> <span class='ocrx_word' id='word_1_327' title='bbox 348 3208 481 3249; x_wconf 78' lang='lat' dir='ltr'>docet</span> <span class='ocrx_word' id='word_1_328' title='bbox 509 3208 735 3249; x_wconf 86' lang='lat' dir='ltr'>Diodorus</span> <span class='ocrx_word' id='word_1_329' title='bbox 763 3209 860 3262; x_wconf 89' lang='lat' dir='ltr'>XX,</span> <span class='ocrx_word' id='word_1_330' title='bbox 884 3212 981 3262; x_wconf 86' lang='grc'>444,</span> <span class='ocrx_word' id='word_1_331' title='bbox 1006 3212 1050 3250; x_wconf 89' lang='lat'>3:</span> <span class='ocrx_word' id='word_1_332' title='bbox 1099 3206 1121 3249; x_wconf 89' lang='grc' dir='ltr'>ὁ</span> <span class='ocrx_word' id='word_1_333' title='bbox 1153 3206 1397 3266; x_wconf 87' lang='grc' dir='ltr'>Δημήτριος</span> <span class='ocrx_word' id='word_1_334' title='bbox 1426 3231 1484 3238; x_wconf 88' lang='lat'>—-</span> <span class='ocrx_word' id='word_1_335' title='bbox 1513 3206 1800 3250; x_wconf 82' lang='grc' dir='ltr'>κατέπλευσεν</span> <span class='ocrx_word' id='word_1_336' title='bbox 1832 3204 1892 3253; x_wconf 86' lang='grc' dir='ltr'>εἰς</span> <span class='ocrx_word' id='word_1_337' title='bbox 1912 3196 2114 3264; x_wconf 75' lang='grc' dir='ltr'>”Εφεσον.</span> 
     </span>
     <span class='ocr_line' id='line_1_36' title="bbox 130 3277 2115 3338; baseline -0.001 -18"><span class='ocrx_word' id='word_1_338' title='bbox 130 3277 357 3335; x_wconf 71' lang='grc' dir='ltr'>ἐκβιβάσας</span> <span class='ocrx_word' id='word_1_339' title='bbox 388 3278 436 3322; x_wconf 85' lang='grc' dir='ltr'>δὲ</span> <span class='ocrx_word' id='word_1_340' title='bbox 463 3279 541 3335; x_wconf 82' lang='grc' dir='ltr'>τὴν</span> <span class='ocrx_word' id='word_1_341' title='bbox 573 3278 748 3336; x_wconf 77' lang='grc' dir='ltr'>δύναμιν</span> <span class='ocrx_word' id='word_1_342' title='bbox 779 3279 854 3322; x_wconf 84' lang='grc' dir='ltr'>καὶ</span> <span class='ocrx_word' id='word_1_343' title='bbox 884 3278 1246 3336; x_wconf 80' lang='grc' dir='ltr'>στρατοπεδεύσας</span> <span class='ocrx_word' id='word_1_344' title='bbox 1277 3279 1456 3338; x_wconf 88' lang='grc' dir='ltr'>πλησίον</span> <span class='ocrx_word' id='word_1_345' title='bbox 1494 3286 1577 3321; x_wconf 85' lang='grc' dir='ltr'>τῶν</span> <span class='ocrx_word' id='word_1_346' title='bbox 1609 3285 1763 3337; x_wconf 80' lang='grc' dir='ltr'>τειχῶν</span> <span class='ocrx_word' id='word_1_347' title='bbox 1793 3277 2007 3334; x_wconf 78' lang='grc' dir='ltr'>ἠνάγκασε</span> <span class='ocrx_word' id='word_1_348' title='bbox 2037 3277 2115 3334; x_wconf 82' lang='grc' dir='ltr'>τὴν</span> 
     </span>
     <span class='ocr_line' id='line_1_37' title="bbox 129 3347 2114 3411; baseline 0 -20"><span class='ocrx_word' id='word_1_349' title='bbox 129 3348 251 3392; x_wconf 88' lang='grc' dir='ltr'>πόλιν</span> <span class='ocrx_word' id='word_1_350' title='bbox 283 3349 344 3398; x_wconf 80' lang='grc' dir='ltr'>εἰς</span> <span class='ocrx_word' id='word_1_351' title='bbox 373 3351 452 3408; x_wconf 83' lang='grc' dir='ltr'>τὴν</span> <span class='ocrx_word' id='word_1_352' title='bbox 483 3350 841 3411; x_wconf 73' lang='grc' dir='ltr'>προϋπάρχουσαν</span> <span class='ocrx_word' id='word_1_353' title='bbox 878 3350 1224 3408; x_wconf 81' lang='grc' dir='ltr'>ἀποκαταστῆναι</span> <span class='ocrx_word' id='word_1_354' title='bbox 1253 3351 1381 3406; x_wconf 80' lang='grc' dir='ltr'>τάξιν,</span> <span class='ocrx_word' id='word_1_355' title='bbox 1419 3350 1492 3393; x_wconf 78' lang='grc' dir='ltr'>καὶ</span> <span class='ocrx_word' id='word_1_356' title='bbox 1521 3350 1598 3407; x_wconf 79' lang='grc' dir='ltr'>τήν</span> <span class='ocrx_word' id='word_1_357' title='bbox 1640 3349 1717 3406; x_wconf 86' lang='grc' dir='ltr'>μὲν</span> <span class='ocrx_word' id='word_1_358' title='bbox 1751 3347 1832 3391; x_wconf 77' lang='grc' dir='ltr'>ὑπὸ</span> <span class='ocrx_word' id='word_1_359' title='bbox 1864 3347 2114 3407; x_wconf 78' lang='grc' dir='ltr'>Πρεπελάου</span> 
     </span>
     <span class='ocr_line' id='line_1_38' title="bbox 129 3419 2116 3482; baseline 0 -19"><span class='ocrx_word' id='word_1_360' title='bbox 129 3425 204 3463; x_wconf 83' lang='grc' dir='ltr'>τοῦ</span> <span class='ocrx_word' id='word_1_361' title='bbox 234 3419 490 3480; x_wconf 87' lang='grc' dir='ltr'>Λυσιμάχου</span> <span class='ocrx_word' id='word_1_362' title='bbox 523 3427 759 3481; x_wconf 85' lang='grc' dir='ltr'>στρατηγοῦ</span> <span class='ocrx_word' id='word_1_363' title='bbox 790 3422 1154 3482; x_wconf 80' lang='grc' dir='ltr'>παρεισαχθεῖσαν</span> <span class='ocrx_word' id='word_1_364' title='bbox 1189 3423 1376 3480; x_wconf 81' lang='grc' dir='ltr'>φρουρὰν</span> <span class='ocrx_word' id='word_1_365' title='bbox 1415 3421 1579 3479; x_wconf 78' lang='grc' dir='ltr'>ἀφῆκεν</span> <span class='ocrx_word' id='word_1_366' title='bbox 1613 3419 1890 3476; x_wconf 69' lang='grc' dir='ltr'>ὑπόσπονδον,</span> <span class='ocrx_word' id='word_1_367' title='bbox 1931 3421 2036 3464; x_wconf 86' lang='grc' dir='ltr'>ἰδίαν</span> <span class='ocrx_word' id='word_1_368' title='bbox 2070 3422 2116 3463; x_wconf 84' lang='grc' dir='ltr'>δὲ</span> 
     </span>
     <span class='ocr_line' id='line_1_39' title="bbox 133 3489 2114 3551; baseline 0.001 -18"><span class='ocrx_word' id='word_1_369' title='bbox 133 3491 327 3549; x_wconf 81' lang='grc' dir='ltr'>φυλακὴν</span> <span class='ocrx_word' id='word_1_370' title='bbox 351 3492 410 3540; x_wconf 80' lang='grc' dir='ltr'>εἰς</span> <span class='ocrx_word' id='word_1_371' title='bbox 430 3494 508 3548; x_wconf 84' lang='grc' dir='ltr'>τὴν</span> <span class='ocrx_word' id='word_1_372' title='bbox 529 3492 661 3549; x_wconf 82' lang='grc' dir='ltr'>ἄκραν</span> <span class='ocrx_word' id='word_1_373' title='bbox 681 3495 952 3551; x_wconf 79' lang='grc' dir='ltr'>καταστήσας</span> <span class='ocrx_word' id='word_1_374' title='bbox 973 3494 1193 3551; x_wconf 81' lang='grc' dir='ltr'>παρῆλθεν</span> <span class='ocrx_word' id='word_1_375' title='bbox 1218 3494 1276 3541; x_wconf 83' lang='grc' dir='ltr'>εἰς</span> <span class='ocrx_word' id='word_1_376' title='bbox 1300 3489 1628 3548; x_wconf 83' lang='grc' dir='ltr'>Ἑλλήσποντον.</span> <span class='ocrx_word' id='word_1_377' title='bbox 1748 3498 1770 3534; x_wconf 85' lang='grc'><strong>5</strong></span> <span class='ocrx_word' id='word_1_378' title='bbox 1804 3494 1865 3535; x_wconf 88' lang='lat' dir='ltr'>Cf.</span> <span class='ocrx_word' id='word_1_379' title='bbox 1899 3506 1940 3535; x_wconf 89' lang='lat' dir='ltr'>n.</span> <span class='ocrx_word' id='word_1_380' title='bbox 1960 3498 2028 3547; x_wconf 88' lang='grc'>40,</span> <span class='ocrx_word' id='word_1_381' title='bbox 2048 3498 2114 3534; x_wconf 86' lang='grc'>43.</span> 
     </span>
     <span class='ocr_line' id='line_1_40' title="bbox 134 3565 1525 3620; baseline 0.001 -15"><span class='ocrx_word' id='word_1_382' title='bbox 134 3567 179 3604; x_wconf 76' lang='grc'>24</span> <span class='ocrx_word' id='word_1_383' title='bbox 193 3569 231 3619; x_wconf 86' lang='grc'>5,</span> <span class='ocrx_word' id='word_1_384' title='bbox 255 3569 292 3606; x_wconf 86' lang='lat'>5.</span> <span class='ocrx_word' id='word_1_385' title='bbox 344 3565 472 3618; x_wconf 84' lang='lat' dir='ltr'>Syll.2</span> <span class='ocrx_word' id='word_1_386' title='bbox 501 3578 543 3606; x_wconf 94' lang='lat' dir='ltr'>n.</span> <span class='ocrx_word' id='word_1_387' title='bbox 569 3568 663 3620; x_wconf 74' lang='lat'><strong>480,</strong></span> <span class='ocrx_word' id='word_1_388' title='bbox 687 3569 709 3607; x_wconf 71' lang='lat'>4</span> <span class='ocrx_word' id='word_1_389' title='bbox 743 3578 847 3608; x_wconf 91' lang='lat' dir='ltr'>cum</span> <span class='ocrx_word' id='word_1_390' title='bbox 879 3569 971 3608; x_wconf 91' lang='lat' dir='ltr'>not.</span> <span class='ocrx_word' id='word_1_391' title='bbox 997 3571 1034 3609; x_wconf 86' lang='lat'>3.</span> <span class='ocrx_word' id='word_1_392' title='bbox 1184 3571 1206 3607; x_wconf 89' lang='lat'><strong>6</strong></span> <span class='ocrx_word' id='word_1_393' title='bbox 1249 3567 1525 3608; x_wconf 81' lang='grc' dir='ltr'>ΝΕΩΠοΙΛΣ.</span> 
     </span>
    </p>
   </div>
  </div>
 </body>
</html>
