2314 3970
58 266 157 318 430]
396 265 677 305 Ptolemaeus
698 264 797 304 VIII
827 264 1069 316 Euergetes
1101 264 1136 304 ΙΙ
1171 263 1200 315 (4
1216 266 1375 304 46-44
1390 266 1413 304 6
1437 275 1475 304 a.
1498 262 1599 303 Chr.
1622 261 1693 313 n.).
1929 260 2034 314 209

199 434 355 489 Σάτει
402 441 486 507 τῆι
522 435 608 488 καὶ
631 429 865 507 ‘'Hpmss,
911 436 918 508 Ι
952 433 1175 489 Ἀνοόκει
1220 440 1303 506 τῆι
1349 434 1436 488 καὶ
1463 431 1731 502 ἙστίαιῙῗ,
1772 432 2040 503 Πετεμπα-

201 523 366 592 μέντει
382 525 422 559 ¹3
459 526 552 575 τῶι
601 522 687 575 καὶ
729 523 735 593 fl
777 524 1026 576 Διονύσωι
1042 526 1097 590 ¹4,
1152 522 1509 591 Πετενσήτει15
1559 524 1651 575 τῶι
1695 519 1781 574 καὶ
1819 518 2036 592 Κρόνωι,

119 622 170 664 10
203 609 542 680 Πετενσήνε[ι]
556 612 599 646 16
646 608 663 676 ΙΙ
715 613 808 662 τῶι
861 609 947 663 καὶ
975 605 1151 680 Ἑρμεῖ
1168 612 1226 678 ¹⁷,
1283 609 1422 669 θεοῖς
1481 607 1736 679 μεγάλοις,
1793 606 1881 661 καὶ
1936 609 2041 667 τοῖς

56 773 187 812 notos
218 781 317 812 esse
342 770 557 812 observat
577 771 637 824 L.,
669 771 857 823 collegia
876 770 1085 811 instituta
1106 769 1163 812 ad
1193 769 1454 822 exemplum
1486 781 1644 811 eorum
1676 780 1792 822 quae
1823 770 2037 822 antiquos

57 844 332 885 Graecorum
372 843 481 884 deos
521 843 723 884 colerent
760 845 813 884 ut
852 839 1160 894 Διονυσιασταί,
1202 834 1520 899 Ἡρακληϊσταί,
1560 838 1907 898 Παναθηναϊσταί
1951 842 2038 883 alii.

56 915 141 956 Sed
173 916 248 956 vix
277 917 399 956 recte
430 915 618 957 eandem
651 915 791 957 fuisse
823 916 1038 969 opinatur
1057 914 1362 955 technitarum
1382 914 1765 966 Dionysiacorum
1797 914 2040 967 synodum.

55 987 169 1029 Nam
206 988 420 1029 ludorum
459 989 773 1030 scaenicorum
811 988 987 1028 nullum
1026 987 1100 1028 hic
1138 986 1521 1039 deprehendimus
1560 987 1818 1038 vestigium.
1891 987 2040 1039 Longe

56 1060 187 1101 aliam
218 1061 341 1102 viam
372 1061 624 1114 ingreditur
655 1062 704 1102 G.
726 1060 978 1102 Lumbroso
1018 1059 1296 1101 Recherches
1329 1070 1408 1099 sur
1438 1055 1704 1100 l'economie
1735 1059 1955 1112 politique
1987 1059 2042 1099 de

56 1121 260 1186 I'Egypte
291 1144 333 1187 p.
358 1137 439 1174 406
473 1136 563 1175 not.
587 1137 610 1174 8
652 1135 697 1174 et
734 1144 776 1186 p.
803 1135 881 1172 227
898 1143 1011 1184 sqq.‚
1057 1132 1137 1184 qui
1183 1129 1424 1186 βασιλιστάς
1471 1141 1640 1183 corpus
1681 1131 1752 1171 vel
1799 1142 2042 1172 numerum

56 1203 345 1260 (wmpaynie)
379 1206 576 1247 militum
616 1217 716 1247 esse
749 1206 974 1258 opinatur.
1035 1204 1092 1244 At
1129 1203 1253 1256 quod
1295 1204 1341 1244 in
1382 1214 1559 1257 papyro
1592 1203 1857 1244 Taurinensi
1894 1204 2043 1256 primo

56 1278 219 1330 legitur
246 1273 457 1325 Σεσώσιος
489 1279 514 1335 ᾗ
545 1279 585 1332 (i.
609 1290 646 1320 e.
668 1275 833 1330 ἑκατὸν)
866 1274 1223 1333 φιλοβασιλιστῶν
1254 1272 1503 1331 προθύμων,
1534 1275 1581 1318 id
1602 1277 1755 1329 ipsum
1777 1275 2045 1328 ambiguum

56 1352 137 1403 est,
176 1361 322 1404 neque
354 1351 568 1405 probavit
598 1352 643 1393 L.
674 1350 740 1391 ibi
778 1350 975 1391 militum
1014 1361 1182 1403 corpus
1224 1348 1478 1402 significari,
1518 1349 1599 1390 sed
1641 1350 1866 1403 sumpsitr
1911 1348 2045 1403 Apud

56 1421 394 1464 AthenaeumV
419 1427 537 1465 ⁴97a
567 1435 691 1476 vero,
729 1423 785 1465 ad
827 1435 965 1478 quem
1006 1423 1080 1464 ille
1121 1424 1356 1475 praeterea
1386 1422 1670 1476 provocavit,
1710 1422 1895 1464 omnino
1934 1421 2046 1462 nihil

56 1494 279 1536 eiusmodi
324 1496 500 1549 legitur.
560 1496 685 1538 Adde
729 1496 858 1549 quod
903 1493 1152 1551 συνάγοντες
1203 1495 1258 1536 ad
1305 1495 1593 1536 sodalitatem
1640 1494 1804 1538 melius
1850 1494 2046 1549 quadrat

56 1579 193 1620 quam
225 1568 280 1609 ad
311 1579 556 1609 numerum
587 1569 843 1610 militarem.
905 1568 1116 1609 Ceterum
1148 1567 1227 1620 qui
1258 1567 1381 1608 illam
1412 1567 1676 1608 societatem
1709 1566 1916 1619 habeant,
1960 1566 2043 1606 mi-

0 1635 1 1639 ’
55 1639 156 1680 lites
197 1651 296 1682 esse
334 1653 424 1682 non
461 1641 762 1695 improbabile
804 1642 885 1681 est.
1037 1644 1085 1680 40
1129 1640 1400 1680 Ammonem
1439 1650 1544 1680 cum
1585 1640 1754 1680 Iunone
1791 1638 2041 1693 principem

54 1711 207 1753 locum
234 1714 386 1754 tenere
415 1715 533 1754 inter
553 1714 740 1754 numina
761 1712 929 1766 quibus
955 1713 1172 1754 sodalitas
1196 1712 1526 1753 dedicationem
1556 1711 1662 1752 facit
1690 1713 2041 1752 consentaneum

56 1786 138 1838 est,
177 1786 401 1838 siquidem
438 1786 609 1828 eisdem
650 1787 762 1827 stela
792 1787 1032 1839 Syenensis
1071 1785 1193 1838 apud
1234 1785 1527 1827 Letronnium
1562 1784 1652 1825 tab.
1674 1784 1776 1824 XIII
1807 1796 1848 1825 n.
1873 1788 1896 1824 9
1938 1795 2042 1825 cum

0 1904 1 1914 γ
57 1857 189 1898 titulo
235 1859 457 1900 ΑΜΜΟΝΙ
480 1879 490 1889 ·
511 1858 792 1901 CHNVBIDI
814 1879 824 1890 ·
847 1860 917 1901 ΕΤ
936 1879 947 1889 ·
970 1860 1160 1900 ΝΝΟΝΙ
1184 1879 1193 1889 ·
1221 1858 1453 1900 ΒΕΘΙΝΑΕ
1502 1857 1706 1898 dedicata
1748 1858 1829 1898 est.
1899 1857 2046 1898 Tertia

58 1929 232 1971 accedit
248 1930 415 1972 Anucis
442 1943 558 1985 quae
585 1934 630 1972 et
645 1931 795 1973 Vesta.
847 1931 966 1972 Haec
995 1932 1121 1984 prior
1139 1931 1250 1972 trias
1275 1931 1460 1972 maioris
1487 1930 1717 1983 dignitatis
1750 1941 1803 1972 eo
1829 1929 2047 1971 discerni-

58 2003 134 2043 tur
153 2001 210 2044 ab
232 2003 383 2057 altera,
415 2004 537 2056 quod
558 2005 745 2057 propria
775 2005 959 2045 nomina
979 2003 1203 2057 Aegyptia
1225 2003 1414 2045 deorum
1438 2003 1620 2045 Graecis
1642 2003 1908 2056 praemittit,
1940 2014 2045 2044 cum

56 2073 148 2115 illic
179 2075 345 2117 Graece
376 2076 512 2117 modo
544 2087 705 2117 verum
747 2087 926 2130 nomen,
965 2076 1240 2130 Aegyptiace
1280 2087 1390 2117 vero
1431 2076 1779 2117 circumlocutio
1821 2075 2046 2129 quaedam

57 2146 276 2200 incipiens
314 2160 340 2189 a
371 2150 516 2203 peten,
559 2149 682 2201 quod
724 2151 792 2190 est
822 2145 916 2202 ‘qui
947 2149 1143 2202 pertinet
1174 2143 1251 2190 ad'
1280 2149 1502 2202 incipiens
1540 2150 1750 2202 ponatur.
1811 2148 1914 2189 Illos
1952 2150 2046 2189 tres

57 2221 329 2275 principales
369 2232 476 2264 vero
518 2221 778 2274 frequenter
816 2222 1091 2274 imaginibus
1136 2232 1378 2275 expressos
1416 2222 1611 2263 inveniri
1649 2222 1695 2262 in
1738 2221 2047 2263 monumentis

58 2304 200 2348 prope
253 2295 428 2347 Syenen
482 2295 675 2347 repertis
728 2297 922 2336 testatur
968 2295 1016 2336 G.
1050 2294 1305 2336 Wilkinson
1361 2295 1568 2336 Manners
1615 2294 1703 2335 and
1748 2296 1953 2335 customs
1990 2294 2047 2334 IV

59 2377 102 2420 p.
125 2370 207 2407 266
224 2377 305 2420 sq„
349 2367 406 2407 ad
445 2378 582 2419 quem
617 2369 838 2420 provocat
868 2368 1103 2409 Letronne.
1252 2370 1297 2406 44
1346 2366 1440 2408 Hoc
1481 2378 1683 2419 pugnare
1720 2366 1903 2407 videtur
1942 2377 2046 2407 cum

58 2437 275 2481 Herodoti
304 2440 564 2480 testimonio
603 2439 652 2492 ΙΙ,
684 2443 756 2480 50:
805 2437 867 2481 ὅτι
904 2437 983 2496 γὰρ
1023 2437 1076 2495 δὴ
1120 2438 1182 2495 μὴ
1223 2436 1514 2486 Ποσειδέωνος
1551 2437 1625 2481 ’καὶ
1661 2435 1945 2496 Διοσκούρων,
1988 2439 2047 2486 ὡς

59 2508 131 2552 καὶ
159 2509 362 2567 πρότερόν
395 2525 469 2567 μοι
498 2514 630 2553 ταῦτα
661 2508 842 2568 ε’ίρηται,
881 2512 954 2553 καὶ
976 2502 1144 2568 (Ήρης
1173 2509 1262 2553 καὶ
1293 2504 1490 2568 Ἱστίης
1519 2509 1594 2553 ’καὶ
1625 2508 1783 2567 Θέμιος
1813 2510 1884 2553 καὶ
1912 2509 2048 2567 Χαρί-

59 2595 142 2625 των
171 2580 243 2624 ’καὶ
272 2579 519 2639 Νηρηΐδων,
560 2588 644 2624 τῶν
676 2581 819 2625 ἄλλων
851 2581 964 2626 θεῶν
997 2580 1266 2641 Αἰγυπτίοισι
1297 2581 1380 2625 αἰεί
1408 2597 1508 2625 κοτε
1546 2581 1598 2625 τὰ
1638 2581 1853 2639 οὐνόματα
1885 2582 1971 2625 ἐστὶ
2004 2582 2047 2624 ἐν

61 2653 113 2712 τῇ
137 2655 271 2714 χώρῃ.
333 2655 418 2696 Sed
449 2667 538 2698 non
570 2657 713 2708 magis
745 2667 883 2709 quam
914 2657 1022 2697 huic
1052 2657 1186 2698 titulo
1208 2668 1314 2697 cum
1334 2656 1563 2698 Herodoto
1590 2658 1834 2698 convenire
1856 2658 2047 2710 scripto-

25 2774 28 2788 ι
65 2725 188 2769 rIbus
227 2727 537 2769 Alexandrinis
578 2730 733 2770 monet
772 2729 1008 2770 Letronne.
1070 2729 1130 2770 Cf.
1163 2730 1369 2771 Manetho
1412 2741 1482 2782 ap.
1525 2729 1832 2783 Porphyrium
1874 2729 1930 2770 de
1968 2729 2046 2770 ab·

65 2798 272 2841 stinentia
291 2801 343 2854 ΙΙ,
366 2804 419 2841 55
450 2812 494 2854 p.
514 2804 609 2855 480,
633 2806 656 2842 9
679 2801 856 2844 Nauck:
903 2798 1078 2844 ἐθύοντο
1110 2800 1157 2842 δὲ
1185 2800 1242 2858 τῇ
1259 2793 1391 2860 υΗρᾳ.
1442 2802 1624 2843 Diodor.
1647 2802 1679 2855 1,
1703 2805 1771 2855 43,
1796 2806 1819 2841 2
1849 2800 1968 2848 τινὰς
2002 2800 2047 2843 δὲ

65 2869 158 2924 (τῶν
189 2869 384 2930 ἐπιγείων
416 2869 542 2925 θεῶν)
574 2871 680 2915 ἰδίαν
720 2871 953 2933 ἐσχηκέναι
982 2872 1283 2932 προσηγορίαν,
1312 2866 1470 2916 ’Ήλιον
1500 2888 1546 2916 τε
1575 2872 1647 2916 καὶ
1678 2870 1843 2933 Κρόνον
1874 2873 1967 2916 κτλ.
1992 2897 2047 2904 —

29 2930 31 2942 ‘
63 2941 164 3003 πρὸς
203 2942 250 2987 δὲ
288 2942 453 2992 τούτοις
482 2937 547 2988 <'H
562 2960 651 3003 ραν
689 2945 764 2988 ’καὶ
792 2938 1045 3004 (Ἥφαιστον,
1087 2945 1149 2988 ἔτι
1180 2941 1214 2987 δ’
1238 2942 1448 2989 Ἑστίαν
1485 2945 1560 2989 ’καὶ
1592 2945 1835 2989 τελευταῖον
1871 2940 2045 3003 Ἑρμῆν.

65 3013 198 3058 Vides
227 3018 365 3070 igitur
394 3020 500 3071 post
530 3018 810 3060 Herodotum
841 3021 979 3061 etiam
1012 3019 1209 3072 amplius
1240 3031 1533 3072 progressum
1573 3031 1673 3061 esse
1713 3020 1825 3061 illud
1857 3020 2047 3060 Graeco-

65 3096 165 3129 rum
196 3090 398 3130 studium
431 3101 539 3132 suos
578 3092 686 3132 deos
726 3092 848 3144 apud
876 3093 1125 3145 Aegyptios
1166 3092 1371 3145 aliasque
1409 3092 1629 3134 barbaras
1671 3093 1875 3133 nationes
1914 3102 2047 3144 repe-

64 3158 218 3202 riendi.
365 3165 418 3202 42
458 3162 520 3203 Cf.
553 3165 648 3203 not.
672 3167 739 3204 44.
897 3168 949 3204 43
992 3165 1084 3205 Le.
1117 3164 1200 3206 deo
1223 3166 1302 3217 qui
1335 3166 1531 3217 pertinet
1562 3165 1617 3206 ad
1648 3164 1899 3216 Amentem,
1932 3174 2048 3216 quae

37 3228 133 3279 lest
162 3232 436 3287 Aegyptiaca
467 3235 570 3275 Orci
610 3235 866 3288 appellatio.
914 3237 1151 3278 Letronne.
1328 3239 1381 3276 44
1426 3236 1541 3284 Quia
1572 3237 1718 3277 Osirin
1761 3235 1955 3276 eundem
1995 3247 2046 3276 ac

38 3292 45 3347 ί
68 3301 290 3346 Bacchum
321 3317 420 3348 esse
451 3307 538 3348 sibi
568 3309 889 3359 persuaserant
910 3310 1080 3362 Graeci,
1112 3310 1186 3350 hic
1208 3309 1319 3350 deus
1342 3309 1589 3350 inferorum
1614 3309 1720 3360 (not.
1746 3307 1812 3358 43)
1846 3304 2047 3354 Διόνυσος

70 3375 327 3428 appellatur.
375 3379 420 3419 L.
569 3382 621 3420 ⁴5
661 3373 760 3427 ‘Qui
790 3381 986 3433 pertinet
1025 3381 1081 3422 ad
1113 3376 1261 3432 Setin’3
1305 3382 1374 3421 est
1410 3380 1548 3432 igitur
1587 3379 1699 3420 deus
1738 3379 1944 3420 tutelaris
1982 3381 2047 3420 in-

70 3446 190 3488 sulae
219 3449 264 3489 in
296 3461 385 3502 qua
415 3450 489 3491 hic
519 3451 679 3492 titulus
709 3451 919 3494 inventus
950 3455 1019 3494 est
1050 3453 1105 3504 (v.
1133 3453 1184 3503 5).
1236 3453 1405 3493 Graeco
1436 3452 1621 3492 nomine
1653 3462 1758 3492 sane
1790 3462 1842 3493 ea
1871 3452 2047 3493 Baccho

37 3506 51 3572 J»
69 3519 221 3569 potius
250 3522 518 3575 vindicatur,
551 3523 630 3563 sed
660 3525 907 3577 utrumque
939 3525 1075 3566 deum
1108 3525 1171 3565 ibi
1203 3524 1445 3565 delubrum
1476 3523 1691 3564 habuisse
1723 3523 1797 3565 hic
1821 3524 2046 3566 videmus.

47 3591 124 3645 μδ
159 3584 259 3639 ‘Qui
287 3595 483 3645 pertinet
513 3594 569 3635 ad
600 3590 769 3636 Senen’.
820 3597 1019 3638 Insulam
1050 3598 1247 3637 vicinam
1277 3596 1385 3636 huic
1415 3596 1595 3648 Bacchi,
1634 3595 1771 3636 hodie
1801 3592 1945 3651 Beyek
1975 3598 2047 3638 vel

48 3653 54 3698 ἰ
71 3655 219 3716 Bayeh
241 3667 462 3719 vocatam,
490 3667 534 3706 in
559 3666 912 3720 hieroglyphicis
936 3680 1046 3709 vero
1070 3667 1444 3720 inscriptionibus
1469 3669 1602 3708 Snem
1628 3667 1701 3708 vel
1726 3669 1900 3722 Senem,
1930 3669 2047 3710 inter

52 3729 168 3806 4100a
196 3737 477 3778 sanctissima
506 3739 647 3779 totius
667 3738 861 3792 Aegypti
883 3741 1133 3792 antiquitus
1155 3739 1356 3780 habitam
1379 3750 1478 3781 esse
1500 3739 1715 3781 observat
1736 3740 2048 3794 Champollion

155 3814 505 3864 Dittenberger,
529 3821 686 3855 Orientis
710 3821 769 3855 Gr.
791 3821 897 3856 inser.
934 3823 963 3856 Ι.
1649 3829 1699 3868 14
