2314 3970
868 211 1083 252 Addenda
1114 212 1159 251 et
1190 209 1476 263 Corrigenda.
2060 207 2164 258 655

296 383 471 442 ἐποίησε
509 381 699 436 τοιόνδε),
740 395 795 424 ex
837 384 1005 436 quibus
1036 384 1208 424 flumen
1246 384 1320 424 hic
1350 395 1392 424 v.
1419 386 1470 424 49
1503 385 1636 436 esset,
1679 381 1920 423 delubrum
1958 392 2067 422 vero
2111 393 2167 422 ex

296 457 491 511 simplici
523 468 600 497 ara
632 454 715 508 (τὸν
746 457 820 496 τοῦ
852 451 951 500 Διὸς
984 453 1126 510 βωμόν
1159 468 1200 498 v.
1227 455 1292 507 46)
1325 455 1582 508 posteriore
1607 456 1814 508 tempore
1844 455 2002 495 natum
2033 455 2166 495 esset.

178 528 227 572 P.
254 533 334 570 379
366 541 408 570 n.
433 531 515 569 232
549 530 638 569 not.
664 532 701 568 6.
763 527 887 568 Idem
911 527 1279 579 supplementum
1303 528 1392 568 iam
1415 528 1656 580 proposuit
1676 526 1725 568 Α.
1746 527 1959 568 Wilhelm
1991 526 2169 567 Jahres-

295 601 414 643 hefte
445 601 524 642 des
556 602 714 642 osterr.
738 600 858 640 arch.
883 601 988 639 Inst.
1012 599 1070 639 IV
1104 603 1204 640 4904
1246 599 1439 640 Beiblatt
1469 611 1512 652 p.
1537 603 1604 641 25.

179 675 223 715 P.
250 677 329 714 405
363 685 403 714 n.
430 676 525 715 248.
586 672 913 713 Antiochenam
945 671 1081 712 huius
1111 672 1375 724 populisciti
1406 672 1625 723 originem
1661 673 1819 713 contra
1850 672 2168 713 Holleauxium

295 746 534 788 defendere
573 746 764 786 conatur
804 744 850 784 B.
874 743 1008 784 Niese
1049 743 1206 783 Gesch.
1239 743 1319 783 der
1357 754 1420 794 gr.
1452 754 1496 783 u.
1531 744 1706 787 maked.
1739 745 1919 785 Staaten
1950 744 2008 783 ΙΙΙ
2049 754 2092 796 p.
2115 747 2168 784 95

294 819 438 859 not.5.
491 817 578 858 Sed
608 817 942 869 argumentum,
974 826 1064 867 quo
1086 826 1178 856 uno
1211 815 1384 868 nititur,
1417 816 1505 856 iam
1531 815 1751 857 refutasse
1782 817 1895 857 mihi
1916 816 2074 858 videor
2104 816 2169 856 eis

295 902 412 942 quae
442 891 534 932 not.
559 893 610 930 28
643 889 851 942 exposui.

179 963 223 1003 P.
249 964 330 1003 446
361 975 402 1003 n.
427 966 510 1003 256
543 963 632 1003 not.
658 965 680 1001 7
723 963 928 1014 poteram
971 960 1106 1000 etiam
1141 958 1301 1000 afferre
1342 960 1499 1000 titulos
1531 960 2000 1013 Lebas-Waddington
2031 961 2169 1002 Inscr.

295 1035 364 1088 ΙΙΙ,
388 1035 496 1075 4484
543 1034 727 1086 (Cagnat
762 1034 900 1074 Inscr.
935 1033 1006 1073 Gr.
1040 1031 1096 1073 ad
1128 1042 1200 1072 res
1231 1032 1356 1072 Rom.
1390 1034 1505 1084 pert.
1538 1033 1595 1072 IlI
1626 1044 1668 1085 p.
1694 1037 1746 1073 26
1778 1045 1820 1074 n.
1846 1033 1934 1085 75):
1984 1031 2093 1073 κατὰ
2122 1030 2171 1073 τὸ

298 1104 435 1164 δόγμα
472 1110 552 1162 τῆς
600 1103 758 1161 βουλῆς
795 1102 799 1160 Ι
833 1104 906 1147 καὶ
943 1107 1018 1146 τοῦ
1066 1103 1207 1160 δήμου
1244 1101 1250 1158 Ι
1288 1134 1530 1145 .........
1576 1101 1793 1159 Σεβαστοῦ
1828 1102 1834 1161 Ι
1868 1103 2170 1160 ἀπελεύθερον,

297 1174 521 1235 Εὔφημον,
557 1175 563 1234 Ι
599 1176 687 1219 ἐπὶ
717 1180 804 1218 τοῦ
837 1182 1126 1230 κοιτῶνος,
1163 1174 1167 1232 Ι
1204 1172 1412 1231 Μ(ᾶρκος)
1437 1172 1623 1223 Οὔλπιος
1643 1172 1884 1232 Ἀρισταῖος.
1935 1179 2074 1218 Inscr.
2098 1177 2169 1218 Gr.

296 1250 379 1291 Sic.
403 1252 448 1291 et
470 1252 520 1291 It.
547 1253 654 1291 4664
697 1250 879 1302 (Cagnat
899 1251 1036 1290 lnscr.
1061 1249 1132 1290 Gr.
1157 1249 1213 1290 ad
1235 1259 1308 1289 res
1330 1249 1457 1289 Rom.
1483 1250 1594 1302 pert.
1619 1250 1636 1288 l
1668 1261 1710 1302 p.
1735 1253 1786 1290 92
1821 1262 1862 1291 n.
1887 1252 1983 1304 247,
2009 1253 2047 1291 3.
2070 1252 2108 1290 4.
2133 1249 2171 1301 9)

296 1320 568 1378 κοιτωνείτης
601 1322 676 1379 (-ῃ)
710 1317 939 1377 Καίσαρος.

183 1395 228 1436 Ρ.
252 1397 331 1435 480
365 1406 407 1435 n.
434 1397 529 1435 340.
554 1398 650 1436 344.
689 1406 732 1447 p.
759 1397 831 1435 484
874 1407 914 1436 n.
939 1397 1036 1435 342.
1097 1394 1211 1435 Cum
1243 1405 1377 1435 nemo
1410 1405 1465 1434 ex
1496 1394 1575 1446 eis,
1607 1395 1687 1446 qui
1717 1395 1800 1435 hos
1833 1395 1991 1436 titulos
2022 1395 2171 1436 edide-

297 1468 417 1520 runt,
461 1466 715 1509 dubitasset
753 1478 832 1508 eos
872 1468 1121 1509 Philetaero
1163 1468 1297 1508 tertio
1329 1467 1465 1507 Attali
1496 1468 1513 1506 I
1553 1469 1597 1506 et
1626 1467 1912 1520 Apollonidis
1950 1467 2042 1508 filio
2076 1468 2173 1509 vin-

299 1540 462 1592 dicare,
500 1541 745 1582 Mauricius
775 1540 993 1582 Holleaux
1033 1541 1211 1593 primus
1253 1540 1309 1581 ad
1339 1551 1446 1580 eum
1480 1540 1632 1592 potius
1663 1541 1979 1593 Philetaerum,
2022 1554 2047 1582 a
2079 1553 2172 1593 quo

299 1623 456 1654 omnes
495 1613 753 1666 principum
801 1614 1176 1666 Pergamenorem
1225 1623 1334 1665 opes
1383 1613 1604 1664 originem
1637 1613 1902 1665 repetebant
1949 1614 2003 1665 (n.
2034 1612 2173 1666 2663),

298 1685 493 1737 rettulit;
545 1696 598 1726 ac
642 1685 911 1738 priusquam
957 1685 1158 1726 rationes
1204 1685 1341 1725 huius
1388 1685 1649 1738 sententiae,
1703 1697 1840 1738 quam
1893 1697 2008 1726 anno
2063 1688 2170 1726 4897

299 1756 465 1809 (Revue
508 1757 586 1798 des
627 1758 785 1799 etudes
833 1768 1053 1810 grecques
1084 1758 1125 1798 X
1158 1760 1266 1798 4897
1301 1768 1344 1810 p.
1370 1760 1420 1796 33
1455 1758 1546 1798 not.
1571 1757 1608 1808 5)
1651 1757 1849 1798 breviter
1882 1757 2174 1809 indicaverat,

297 1830 553 1871 accuratius
585 1833 844 1884 exponeret,
877 1831 993 1871 felici
1025 1842 1134 1871 casu
1156 1831 1522 1883 monumentum,
1555 1831 1678 1882 quod
1707 1831 1751 1870 in
1774 1830 2025 1883 appendice
2046 1830 2175 1871 volu-

298 1902 432 1943 minis
464 1903 652 1943 secundi
682 1905 956 1956 repetemus,
994 1904 1039 1943 in
1071 1903 1220 1944 lucem
1253 1904 1540 1956 protractum
1572 1904 1641 1944 est
1673 1903 1870 1955 (Journal
1904 1902 1950 1944 of
1977 1902 2176 1943 Hellenic

298 1974 470 2015 studies
499 1975 621 2015 XXII
656 1978 764 2016 4902
797 1986 840 2028 p.
865 1980 944 2016 493
979 1988 1020 2016 n.
1046 1976 1099 2028 3),
1145 1975 1270 2028 quod
1306 1976 1542 2027 permagni
1579 1976 1799 2016 momenti
1835 1977 1955 2015 esset
1987 1975 2042 2015 ad
2078 1986 2176 2016 eam

297 2047 671 2100 confirmandam,
711 2048 819 2100 quia
849 2047 1103 2089 testabatur
1135 2048 1272 2088 etiam
1304 2048 1424 2089 illius
1464 2049 1638 2100 antiqui
1670 2047 1909 2088 Philetaeri
1950 2048 2067 2100 patri
2100 2059 2178 2088 no-

298 2131 402 2160 men
439 2120 586 2161 Attalo
627 2119 780 2161 fuisse.
843 2121 956 2161 Tum
999 2122 1136 2171 igitur
1178 2120 1395 2161 Holleaux
1435 2120 1588 2162 Revue
1630 2120 1709 2161 des
1747 2120 1907 2161 etudes
1948 2120 2177 2172 Grecques

299 2192 379 2232 XV
413 2195 521 2233 4902
555 2203 596 2245 p.
623 2195 704 2232 302
723 2203 820 2244 sqq.
865 2194 1131 2244 argumenta
1171 2193 1419 2233 sententiae
1460 2203 1569 2232 suae
1608 2193 1812 2245 protulit,
1853 2194 1898 2233 et
1939 2202 2176 2233 assensum

298 2265 459 2305 nactus
499 2266 568 2305 est
609 2265 652 2304 P.
685 2264 852 2305 Jamoti
894 2265 1005 2304 Bull.
1039 2264 1094 2304 de
1126 2275 1241 2304 corr.
1275 2264 1383 2304 Hell.
1415 2264 1559 2304 XXVI
1601 2267 1709 2304 4902
1743 2275 1785 2316 p.
1818 2267 1914 2305 457.
1984 2264 2048 2305 Ac
2089 2275 2178 2304 non

299 2336 436 2378 modo
469 2338 633 2389 omnia,
665 2347 781 2388 quae
813 2336 870 2377 ad
901 2347 1031 2378 suam
1059 2337 1369 2378 coniecturam
1400 2336 1686 2389 probandam
1718 2337 1925 2389 protulit,
1959 2337 2180 2389 sagaciter

299 2410 553 2460 excogitata
575 2411 619 2449 et
640 2409 891 2462 prudenter
913 2408 1156 2450 observata
1178 2411 1296 2462 sunt,
1330 2409 1409 2450 sed
1430 2409 1566 2449 etiam
1590 2408 1872 2461 probabilius
1905 2419 2018 2461 esse,
2049 2409 2178 2449 illum

299 2491 454 2521 rerum
494 2481 874 2533 Pergamenarum
923 2481 1209 2522 conditorem
1257 2483 1552 2522 monumenta
1592 2481 1885 2533 Thespiensia
1931 2480 2176 2534 dedicasse,

299 2564 439 2605 quam
464 2553 677 2593 Eumenis
709 2554 828 2604 regis
851 2553 1049 2606 fratrem,
1075 2553 1288 2594 concedo,
1340 2553 1511 2594 Verum
1533 2554 1685 2594 tamen
1711 2565 1803 2594 non
1824 2553 2039 2594 omnibus
2061 2564 2179 2605 quae

302 2626 347 2665 in
369 2626 485 2666 hanc
506 2627 684 2678 partem
706 2625 959 2678 disputavit
982 2626 1091 2666 mihi
1113 2627 1353 2679 persuasit.
1407 2626 1503 2674 Qua
1525 2627 1571 2666 in
1602 2637 1651 2666 re
1680 2625 1727 2666 id
1750 2626 1935 2666 maximi
1958 2626 2178 2667 momenti

300 2708 400 2739 esse
431 2698 543 2738 mihi
575 2698 770 2751 videtur,
814 2698 937 2751 quod
968 2699 1288 2752 inscriptiones
1328 2699 1429 2739 illae
1461 2699 1674 2740 Boeotica
1706 2698 1897 2739 dialecto
1931 2699 2178 2751 conceptae

301 2782 342 2811 n.
367 2773 462 2811 340.
488 2773 560 2810 344
601 2771 802 2823 itemque
834 2771 995 2812 titulus
1026 2771 1149 2812 basis
1181 2782 1341 2812 recens
1373 2783 1398 2812 a
1429 2772 1602 2811 Iamoto
1635 2773 1790 2811 erutae
1823 2771 1946 2822 (Bull.
1971 2771 2026 2811 de
2058 2782 2176 2811 corr.

302 2842 411 2883 Hell.
441 2842 585 2882 XXVI
618 2846 727 2884 4902
759 2854 803 2896 p.
830 2847 910 2884 456
943 2856 984 2884 n.
1011 2846 1048 2895 6)
1091 2845 1201 2897 quin
1240 2844 1297 2885 ab
1336 2845 1436 2896 ipso
1479 2843 1727 2884 Philetaero
1767 2843 2048 2896 compositae
2089 2845 2180 2883 sint

301 2913 501 2956 dubitari
532 2926 633 2956 mea
664 2917 887 2957 sententia
925 2918 1096 2970 nequit,
1138 2928 1243 2957 cum
1275 2918 1478 2957 Iamotus
1522 2915 1765 2968 ambiguus
1807 2916 1991 2956 haereat
2020 2917 2177 2956 utrum

301 2987 389 3039 ipsi
420 2987 614 3040 principi
645 2999 701 3029 an
733 2989 1079 3042 Thespiensium
1122 2989 1290 3042 populo
1334 3000 1413 3030 eos
1452 2988 1636 3029 tribuat.
1698 2988 1754 3029 At
1793 2999 1899 3028 cum
1938 2989 1982 3028 in
2022 2988 2179 3029 multis

303 3058 496 3100 decretis
533 3060 787 3101 honorariis
825 3062 1065 3103 videamus
1103 3062 1319 3115 praecipi,
1361 3061 1472 3114 quid
1512 3062 1805 3114 potissimum
1836 3060 2177 3102 inscribendum

304 3131 363 3172 sit
393 3131 492 3172 basi
523 3134 809 3174 monumenti
830 3135 954 3186 quod
987 3145 1175 3187 peregre
1201 3135 1360 3188 populi
1382 3135 1512 3175 iussu
1534 3134 1747 3186 erigatur,
1778 3133 2008 3186 principes
2029 3143 2179 3185 reges-

304 3215 393 3256 que
422 3203 469 3245 id
500 3216 592 3245 non
622 3216 807 3247 curasse
839 3206 919 3247 sed
951 3207 1145 3248 aliorum
1178 3206 1365 3247 arbitrio
1407 3207 1670 3259 permisisse
1701 3206 1814 3258 quid
1853 3206 2058 3258 ipsorum
2099 3205 2179 3246 do-

305 3277 374 3316 nis
404 3276 702 3319 inscriberent
741 3279 930 3319 minime
961 3279 1198 3332 probabile
1228 3281 1308 3321 est.
1363 3278 1494 3326 Quod
1525 3279 1564 3319 si
1592 3278 1810 3332 Pergami,
1854 3289 1944 3318 non
1973 3278 2179 3330 Thespiis

305 3350 551 3401 compositi
581 3352 687 3391 sunt
717 3351 764 3390 hi
795 3351 928 3404 tituli,
962 3352 1141 3392 dialecti
1173 3352 1412 3392 Boeoticae
1442 3362 1554 3392 usus
1588 3351 1682 3392 sine
1714 3350 1853 3392 dubio
1887 3350 1942 3391 ad
1974 3350 2178 3391 studium

304 3420 563 3462 blandiendi
584 3423 757 3475 populo
780 3423 1126 3476 Thespiensium
1155 3423 1440 3465 revocandus
1471 3425 1552 3464 est.
1607 3423 1734 3471 Quod
1772 3423 1810 3463 si
1841 3434 1948 3464 cum
1981 3422 2191 3476 quadam'

306 3492 610 3545 simplicitatis
642 3495 943 3537 ostentatione
975 3496 1273 3537 dedicationis
1305 3496 1548 3537 formulam
1579 3496 1872 3549 Philetaerus,
1904 3496 2002 3537 sive
2033 3495 2180 3536 maior

302 3565 415 3610 natu
444 3564 518 3605 ille
548 3566 645 3607 sive
675 3566 826 3607 minor
852 3567 949 3621 fuit,
992 3568 1048 3609 ad
1077 3568 1391 3620 indigenarum
1425 3579 1602 3608 morem
1631 3567 1996 3621 componendam
2025 3567 2180 3608 existi-

305 3637 462 3690 mavit,
501 3639 688 3691 apparet
729 3639 838 3680 nihil
876 3641 923 3680 in
952 3641 1027 3681 illa
1065 3641 1286 3693 temporis
1317 3641 1582 3694 quaestione
1621 3640 1772 3682 valere
1809 3641 2040 3682 ethnicum
2072 3636 2180 3694 Περ-

306 3707 466 3765 γαμεΰς
497 3709 542 3749 in
574 3714 881 3754 monumentis
905 3713 1261 3765 Thespiensibus
1293 3714 1552 3755 constanter
1582 3715 1856 3766 usurpatum
1890 3713 2041 3766 (etiam
2066 3711 2178 3752 Bull.
