2314 3970
266 233 372 284 402
906 230 976 270 1v.
1020 230 1220 282 Regnum
1252 230 1599 272 Seleucidarum.
2085 231 2242 282 [245—
2310 275 2314 286 ζ

267 405 481 457 appellari
504 403 766 444 observavit
786 402 936 443 Franz.
985 402 1045 442 Cf.
1067 402 1114 442 R.
1128 403 1167 443 S.
1183 402 1317 442 Poole
1338 402 1580 454 Catalogue
1602 402 1650 443 of
1667 404 1807 444 Greek
1829 405 1954 444 coins
1978 405 2021 443 in
2042 404 2118 443 the
2136 404 2239 444 Brit.
2311 398 2314 443 j

267 477 376 517 Mus.
400 474 602 516 Seleucid
623 475 759 526 Kings
781 474 828 514 of
846 474 975 526 Syria
998 477 1068 526 p.⁴
1095 484 1192 526 sqq.
1225 486 1265 514 n.
1286 476 1325 514 4.
1345 478 1383 514 5.
1414 485 1457 526 p.
1477 477 1500 513 2
1534 485 1576 514 n.
1596 477 1632 514 6.
1653 478 1690 515 7.
1722 487 1763 517 n.
1783 479 1964 516 47-23,
2100 479 2122 514 6
2156 476 2242 515 An-

267 549 445 588 tiochus
477 548 494 586 I
533 547 661 587 Soter
703 546 936 597 (280--264
970 558 1007 586 3.
1030 546 1131 586 Chr.
1155 546 1226 598 n.).
1286 545 1350 585 De
1380 545 1598 598 Apollinis
1640 545 1782 598 effigie
1819 548 1865 587 in
1905 548 2003 587 eius
2044 548 2242 587 nummis

268 619 492 670 plerisque
533 628 748 671 expressa
787 617 892 669 (Cat.
926 617 974 658 of
1001 617 1144 657 Greek
1182 617 1322 657 coins.
1369 617 1450 657 Sel.
1482 617 1618 669 Kings
1650 629 1691 670 p.
1716 621 1852 671 ssqq.
1885 631 1928 659 n.
1950 619 2106 670 2-34)
2145 630 2243 659 mo-

266 692 362 730 nuit
392 690 541 731 Franz.
603 690 713 731 Eam
756 701 864 731 sane
901 690 1037 730 etiam
1079 699 1364 730 successores
1407 690 1702 731 retinuerunt.
1864 695 1885 731 7
1925 691 2174 731 Antiochus
2206 692 2242 730 Il

263 763 382 802 Deus
415 762 657 814 (264-246
680 774 717 803 3.
740 762 840 803 Chr.
863 763 934 814 n.).
1085 766 1108 804 8
1151 762 1363 802 Seleucus
1386 761 1422 801 11
1453 762 1692 803 Callinicus
1723 762 1964 814 (246-226
1987 775 2024 803 a.
2047 763 2148 804 Chr.
2171 763 2242 813 n.).

266 837 289 873 9
329 834 544 875 Seleucus
574 835 631 874 III
664 834 904 887 (226--223
929 847 966 875 3.
991 835 1091 875 Chr.
1115 835 1187 887 n.),
1220 834 1420 875 Callinici
1451 833 1570 874 filius
1601 836 1646 875 et
1676 844 1926 888 successor,
1956 835 2163 876 Antiochi
2187 836 2242 874 111

264 907 408 958 Magni
439 906 576 947 frater
606 908 716 947 natu
746 907 903 948 maior.
966 907 1225 959 Cognomen
1264 906 1446 947 solenne
1479 902 1631 962 Σωτήρ
1668 917 1724 947 ex
1763 907 1850 949 hoc
1887 907 2071 947 demum
2112 908 2243 948 titulo

260 979 468 1019 innotuit.
528 978 644 1020 Nam
675 980 851 1020 nummi
882 979 1064 1020 omnino
1104 981 1258 1020 carent
1289 978 1555 1030 cognomine
1598 978 1703 1030 (Cat.
1736 978 1784 1020 of
1809 979 1952 1020 Greek
1982 980 2121 1020 coins.
2170 981 2244 1020 Se-

262 1051 409 1091 leucid
439 1051 574 1103 Kings
606 1062 650 1104 p.
673 1054 727 1091 22
759 1063 800 1092 n.
825 1051 981 1103 4-43)
1012 1051 1214 1104 itemque
1247 1050 1462 1103 Polybius
1483 1050 1554 1102 IV,
1580 1053 1645 1103 48,
1670 1054 1693 1091 6
1725 1052 1769 1091 et
1798 1051 2031 1104 Appianus
2054 1053 2152 1104 Syr.
2178 1056 2242 1092 66.

261 1124 550 1175 Cognominis
595 1119 815 1179 Κεραυνός
858 1135 977 1165 unus
1024 1124 1299 1164 mentionem
1346 1123 1453 1164 facit
1496 1122 1720 1164 Eusebius
1765 1123 1925 1164 Chron.
1963 1125 1979 1163 Ι
2017 1135 2059 1176 p.
2090 1127 2186 1176 253,
2220 1128 2243 1164 9

259 1197 460 1238 Schoene
507 1198 637 1249 (vers.
677 1196 893 1247 Armen.):
943 1194 1221 1250 succeditque
1257 1193 1332 1237 illi
1370 1195 1568 1245 (Seleuco
1605 1195 1831 1247 Callinico)
1875 1193 2005 1250 filius
2046 1194 2245 1238 eiusdem

259 1267 558 1323 Alexandrus,
606 1267 688 1323 qui
733 1266 967 1311 Seleucum
1010 1266 1301 1323 semetipsum
1344 1265 1640 1323 nwwuqnavit,
1694 1264 1942 1311 Kerawnus
1989 1270 2142 1311 tasmen
2188 1266 2245 1310 ab

259 1339 454 1383 ewercz'tu
483 1339 803 1395 appellabatur.
857 1340 982 1389 Quae
1011 1341 1152 1382 verba
1182 1342 1280 1393 ipsa
1311 1340 1523 1394 indicant,
1554 1341 1821 1393 neutiquam
1844 1341 2043 1382 sollenne
2073 1352 2244 1394 cogno-

261 1424 362 1454 men
394 1415 438 1453 in
471 1414 611 1454 sacris
642 1415 916 1466 usurpatum
949 1414 1035 1453 hoc
1065 1423 1178 1454 esse.
1327 1417 1377 1453 40
1422 1413 1536 1454 Cum
1566 1413 1818 1454 Antiochus
1848 1412 2034 1466 quidam
2066 1413 2243 1454 medius

258 1487 373 1526 inter
418 1486 655 1526 Seleucum
701 1486 760 1525 III
805 1486 963 1526 Sotera
1009 1487 1054 1526 et
1096 1485 1368 1526 Antiochum
1414 1487 1472 1526 III
1517 1487 1729 1537 Magnum
1775 1486 2070 1539 interpositus
2111 1489 2244 1539 esset,

256 1560 518 1611 Droysenus
551 1559 708 1599 Gesch.
731 1559 810 1599 des
832 1558 1133 1599 Hellenismus
1156 1559 1226 1611 III,
1251 1561 1274 1598 2
1307 1569 1350 1610 p.
1375 1561 1448 1598 424
1490 1559 1579 1598 not.
1606 1560 1628 1597 3
1660 1558 1788 1598 illum
1811 1559 2079 1599 morientem
2100 1558 2244 1598 filium

258 1630 543 1683 impuberem
575 1631 814 1683 reliquisse
844 1631 1057 1683 coniecit;
1092 1631 1171 1683 qui
1193 1641 1298 1671 cum
1330 1641 1411 1682 per
1442 1629 1765 1670 brevissimum
1798 1631 1979 1682 tempus
2000 1632 2244 1683 regnasset,

258 1716 281 1743 a
322 1705 485 1756 patruo
525 1703 745 1744 Antiocho
777 1704 836 1743 III
874 1706 1087 1744 necatum
1129 1703 1169 1743 ei
1209 1703 1381 1743 aditum
1421 1702 1478 1743 ad
1518 1713 1708 1754 regnum
1747 1701 2026 1755 patefecisse.
2086 1702 2242 1743 Eidem

256 1775 550 1817 vindicandos
589 1787 689 1817 esse
727 1786 941 1816 nummos
978 1776 1189 1816 Antiochi
1228 1776 1345 1827 regis
1385 1785 1550 1816 nomen
1588 1777 1632 1815 et
1670 1775 1913 1827 imaginem
1933 1774 2131 1830 ‚infantis
2169 1785 2244 1815 ex-

255 1849 475 1889 hibentes.
518 1848 716 1890 Probant
736 1848 947 1902 Babelon,
969 1849 1077 1889 Rois
1100 1849 1155 1889 de
1176 1849 1305 1901 Syrie
1328 1858 1370 1900 p.
1393 1847 1571 1888 LXXIV
1589 1857 1687 1900 sqq.
1728 1847 1776 1889 R.
1790 1848 1830 1888 S.
1848 1847 1982 1888 Poole
2003 1847 2243 1900 Catalogue
2312 1885 2314 1902 ,

258 1921 305 1962 of
332 1921 403 1962 Gr.
427 1921 553 1962 coins
585 1921 794 1961 Seleukid
814 1921 951 1972 Kings
982 1931 1026 1973 p.
1043 1920 1244 1962 XXXIV.
1276 1931 1321 1973 p.
1343 1922 1396 1960 24
1431 1931 1472 1960 n.
1498 1923 1622 1960 4-6.
1673 1919 1720 1960 B.
1735 1919 1882 1973 Niese‚
1914 1921 1994 1973 qui
2025 1922 2178 1961 tamen
2197 1921 2244 1961 in

254 1993 471 2034 addendis
508 1993 784 2034 retractavit.
835 1992 1006 2033 Verum
1046 1994 1223 2045 primus
1262 1991 1377 2033 vidit
1417 1991 1466 2032 A.
1488 2003 1578 2033 von
1609 1992 1890 2046 Gutschmid,
1930 1992 2087 2033 Gesch.
2119 1993 2244 2034 Irans

255 2077 297 2118 p.
324 2067 374 2105 34
407 2067 502 2106 not.
526 2068 565 2106 3.
615 2064 700 2114 Qui
727 2066 838 2118 quin
867 2067 992 2106 recte
1013 2064 1071 2106 ad
1089 2064 1298 2105 Antiochi
1319 2065 1377 2104 III
1407 2065 1555 2116 Magni
1578 2063 1723 2105 filium
1743 2066 1855 2105 natu
1873 2065 2141 2118 maximum,
2164 2065 2244 2117 qui

253 2149 368 2178 anno
393 2141 474 2178 493
498 2150 536 2179 a.
558 2138 660 2178 Chr.
682 2149 725 2178 n.
757 2137 998 2178 defunctus
1019 2139 1090 2178 est
1120 2138 1228 2189 (Liv.
1250 2136 1427 2190 XXXV,
1455 2140 1521 2190 45,
1545 2137 1599 2191 2),
1631 2137 1754 2178 hunc
1772 2136 1893 2178 tituli
1918 2137 2072 2178 locum
2103 2139 2245 2178 rettu-

253 2210 366 2263 lerit,
398 2211 503 2262 post
532 2210 690 2251 titulos
710 2210 986 2262 Magneticos
1008 2221 1049 2250 n.
1069 2212 1167 2250 232.
1191 2212 1288 2263 233,
1320 2210 1399 2262 qui
1419 2220 1526 2250 eum
1546 2210 1669 2261 regio
1691 2220 1877 2263 quoque
1902 2210 2085 2250 nomine
2105 2220 2242 2251 usum

252 2293 352 2323 esse
383 2282 709 2335 demonstrant,
751 2283 909 2323 erutos
942 2282 1066 2322 nulla
1097 2293 1151 2322 ex
1183 2283 1312 2334 parte
1342 2282 1432 2322 iam
1465 2281 1657 2323 dubium
1687 2283 1768 2336 est,
1799 2283 1852 2322 ut
1883 2281 2243 2324 observaverunt

252 2355 382 2407 Kern,
414 2354 633 2408 Wilcken,
664 2354 812 2397 Niese.
874 2355 923 2395 In
954 2353 1464 2406 defunctorumregum
1503 2365 1708 2408 numero,
1747 2353 1916 2407 quibus
1956 2365 2085 2396 sacra
2112 2354 2251 2408 fiunt,

252 2428 373 2467 recte
404 2428 507 2468 ante
538 2429 718 2480 patrem
746 2428 1023 2480 recensetur,
1058 2427 1166 2480 quia
1197 2427 1300 2468 ante
1321 2426 1450 2467 illum
1472 2426 1679 2468 decessit.
1827 2430 1873 2467 44
1911 2426 2163 2468 Antiochus
2182 2427 2240 2468 ΙΙΙ
2313 2456 2314 2469 ,

253 2500 439 2551 Magnus
456 2499 698 2551 (223-487
712 2499 944 2552 a.Chr.n.).
1065 2503 1118 2540 42
1152 2500 1478 2541 ΔιΟΓΕΝΕΙΣ.
1598 2503 1652 2540 43
1685 2499 2247 2553 SeleucusIVPhilopator

253 2571 282 2622 (4
297 2574 493 2613 87-475
517 2584 555 2613 3.
579 2572 679 2613 Chr.
703 2573 775 2626 n.),
806 2571 1015 2614 Antiochi
1038 2572 1095 2612 III
1125 2571 1244 2613 filius
1275 2574 1381 2624 post
1400 2571 1677 2613 Antiochum
1707 2572 1787 2626 qui
1818 2573 1920 2613 ante
1950 2574 2127 2626 patrem
2159 2572 2241 2614 ob-

252 2644 364 2684 ierat
396 2644 500 2696 (not.
523 2644 589 2696 40)
619 2645 728 2685 natu
757 2645 1001 2686 maximus.
1055 2644 1119 2685 Eo
1151 2645 1365 2696 regnante
1402 2644 1589 2685 titulum
1619 2645 1815 2686 incisum
1856 2655 1956 2686 esse
1986 2655 2091 2685 cum
2122 2645 2239 2700 inde,

252 2715 375 2767 quod
431 2727 567 2757 suum
619 2717 905 2758 sacerdotem
954 2716 1103 2770 habet,
1154 2717 1234 2769 qui
1286 2717 1455 2770 excipit
1500 2717 1787 2759 sacerdotem
1834 2728 1992 2770 regum
2033 2718 2190 2770 prioru

249 2788 415 2829 divinis
445 2788 698 2830 honoribus
730 2788 1011 2842 affectorum,
1050 2791 1149 2830 tum
1181 2800 1236 2830 ex
1267 2790 1385 2841 regis
1416 2790 1731 2844 appellatione,
1773 2801 1890 2843 quae
1927 2791 1969 2831 ei
2006 2791 2086 2831 uni
2123 2791 2215 2831 inte

250 2871 408 2901 omnes
429 2861 661 2915 tribuitur,
694 2863 897 2914 apparet.
943 2862 1008 2902 Fr.
1129 2863 1182 2901 44
1226 2861 1286 2902 Cf.
1320 2863 1414 2903 not.
1438 2866 1478 2904 4.
1609 2867 1660 2903 45
1703 2862 1763 2904 Cf.
1786 2875 1829 2904 v.
1854 2866 1892 2904 3.
2020 2865 2073 2903 46
2107 2862 2205 2911 Quo

247 2933 293 2972 hi
325 2933 442 2974 inter
472 2933 630 2974 Iovem
662 2933 925 2986 Olympium
956 2935 1001 2974 et
1031 2934 1186 2975 Iovem
1208 2933 1528 2988 Coryphaeum
1558 2935 1821 2977 inseruntur
1850 2946 1942 2976 non
1972 2935 2154 2977 videtur
2183 2934 2212 2976 d

249 3006 423 3046 mutata
442 3005 580 3046 huius
602 3005 842 3047 sacerdotii
863 3005 1127 3047 condicione
1148 3006 1499 3060 intellegendum
1521 3018 1634 3062 esse,
1667 3007 1747 3049 sed
1776 3009 1977 3061 praestat
2003 3009 2050 3048 in
2070 3008 2170 3061 prio

248 3078 353 3117 anni
374 3077 500 3119 fastis
520 3077 663 3120 verba
691 3077 764 3120 καὶ
791 3083 876 3119 τῶν
899 3075 1012 3120 θεῶν
1033 3083 1118 3120 τῶν
1142 3074 1356 3138 Σωτήρων
1387 3091 1515 3122 mera
1534 3081 1814 3134 neglegentia
1834 3082 2003 3122 omissa
2024 3082 2172 3122 statue

249 3149 308 3189 Cf.
343 3151 437 3190 not.
462 3153 529 3191 49.
650 3154 704 3191 47
745 3150 806 3192 Cf.
838 3152 930 3192 not.
954 3154 993 3191 2.
1121 3154 1174 3192 48
1213 3153 1594 3195 ΑΠΟΛΛΟΝΟΣ.
1647 3152 1709 3194 Cf.
1739 3155 1832 3195 not.
1858 3155 1894 3194 4.
2024 3156 2077 3193 49
2119 3151 2154 3201 Q
2192 3151 2225 3160 ''

246 3221 388 3262 verba
418 3217 680 3264 Καλλινίκου
709 3221 782 3264 καὶ
804 3218 1016 3264 Σελεύκου
1043 3225 1231 3276 propter
1254 3222 1577 3279 ὁμοιοτέλευτον
1599 3226 1768 3267 omissa
1789 3226 1880 3267 sint
1900 3236 2034 3266 nemo
2058 3224 2216 3266 dubita

246 3293 336 3347 bit;
369 3295 451 3347 qui
481 3305 609 3336 error
639 3295 791 3336 nescio
822 3307 877 3336 an
898 3294 1124 3336 Pocockio
1156 3297 1310 3348 potius
1332 3309 1471 3350 quam
1502 3297 1723 3351 lapicidae
1753 3298 1865 3339 vitio
1886 3297 2130 3338 vertendus
2161 3297 2199 3338 si

249 3369 300 3406 20
341 3367 808 3410 ΑΡΙΣΤΙΑΛΟΜΕ...
854 3367 1069 3421 Pococke,
1121 3369 1253 3410 cuius
1302 3369 1541 3411 lectionem
1592 3370 1824 3412 lenissima
1868 3369 2044 3410 medela
2081 3379 2182 3410 eme

248 3438 354 3478 dare
384 3440 429 3479 et
460 3439 672 3492 supplere
703 3442 894 3482 conatus
925 3451 1040 3482 sum.
1097 3434 1309 3496 Ἀριστία[ς
1339 3437 1637 3498 Κλε]ομέ[νου]
1667 3443 1819 3496 Franz,
1862 3441 1908 3482 id
1937 3441 2061 3494 quod
2099 3452 2180 3495 spa

246 3510 499 3552 rationibus
550 3523 641 3553 non
691 3513 915 3555 convenit.
1123 3515 1169 3552 24
1220 3514 1584 3556 ΑΡΙΣΤΑΡΚΟΥ.
1790 3517 1843 3554 22
1889 3511 2214 3566 ΝΟΥΜΗΦΟΣ

249 3583 301 3619 23
346 3583 712 3626 ΝΥΘΟΚΛΕΩΣ.
839 3587 892 3626 24
933 3585 1157 3627 ΣΩΤΟΝ.
1285 3588 1336 3625 25
1379 3587 1818 3630 0...ΤΡΑΠΟΡΟΥ
1848 3586 2067 3628 Pococke,
2117 3586 2178 3626 Su
2207 3591 2222 3626 ’.

245 3652 369 3704 plere
399 3657 589 3696 conatus
622 3667 738 3697 sum.
800 3657 977 3698 Priores
1008 3657 1203 3698 editores
1235 3669 1327 3698 non
1359 3659 1617 3710 attigerunt.
