2314 3970
261 186 363 237 122
936 186 986 227 11.
1031 185 1232 238 Regnum
1265 185 1546 238 Lagidarum.
2099 189 2232 240 [69.-

347 373 370 413 5
403 359 637 430 ἡγεμὼν3
679 360 775 410 τῶν
827 357 833 428 Ι
887 356 981 416 ἔξω
1026 355 1264 425 τάξεων4,
1313 355 1494 416 σωθεὶς
1538 357 1554 428 ΙΙ
1598 360 1653 428 ἐγ
1712 358 1942 429 μεγάλων
1993 361 2230 414 κινδύνων

401 444 721 516 ἐκΙπλεύσας5
759 444 816 495 ἐκ
853 448 940 514 τῆς
973 440 1223 515 Ἐρυθρᾶς
1266 446 1271 514 Ι
1313 441 1624 514 θαλάσσηςῧ,
1667 443 1673 514 Ι
1714 447 1884 517 εὐχήν.

255 604 517 662 ἐκπλαγῆναι
553 603 598 645 τὸ
641 601 890 662 παράδοξον,
938 600 1169 659 ὑπολαβεῖν
1217 600 1262 644 δὲ
1307 600 1419 645 θεῶν
1466 601 1641 660 προνοίᾳ
1683 610 1767 646 τῶν
1812 604 2014 647 κινδύνων
2059 603 2232 654 ἑαυτοὺς

253 675 547 736 ἀπηλλάχθαι.
579 675 641 719 διὸ
671 674 743 717 καὶ
771 679 863 723 τοῖς
894 674 1202 733 ἐπιγινομένοις
1225 673 1514 731 παραδοσίμου
1535 676 1821 734 γεγενημένης
1850 684 1927 735 τῆς
1958 677 2231 734 περιπετείας,

254 748 318 791 ἀεὶ
363 748 460 795 τοὺς
511 747 848 807 χειμαζομένους
896 754 980 789 τῶν
1032 746 1245 790 πλεόντων
1293 746 1421 806 εὐχὰς
1474 747 1550 803 μὲν
1600 746 1791 792 τίθεσθαι
1835 754 1925 796 τοῖς
1973 746 2232 808 Σαμοθρᾷξι,

251 821 325 868 τὰς
366 821 411 863 δὲ
450 827 532 862 τῶν
576 819 763 878 ἀστέρων
803 818 1035 875 παρουσίας
1076 818 1338 875 ἀναπέμπειν
1379 818 1436 866 εἰς
1467 819 1544 875 τὴν
1583 825 1666 862 τῶν
1698 818 1939 876 Διοσκόρων
1971 821 2230 878 ἐπιφάνειαν.

251 894 405 935 Miller.
573 896 596 933 2
638 893 808 934 Therae
853 893 1096 934 Ptolemaei
1142 894 1199 933 III
1245 892 1491 945 Euergetae
1537 894 1682 934 aetate
1727 894 2005 946 praesidium
2049 894 2232 936 firmum

250 966 577 1019 Aegyptiacum
620 964 878 1006 consedisse
916 965 1088 1006 scimus
1127 976 1181 1006 ex
1220 965 1352 1005 titulo
1392 969 1460 1018 59,
1499 976 1590 1018 quo
1630 966 1780 1006 minus
1820 966 2003 1019 mirum,
2041 968 2093 1007 ut
2123 966 2233 1008 alios

250 1039 502 1092 permultos
535 1038 741 1091 Graecos,
782 1038 848 1078 sic
879 1037 1129 1078 Theraeum
1162 1048 1345 1090 quoque
1376 1038 1605 1078 hominem
1645 1038 1763 1079 inter
1803 1038 2056 1091 praefectos
2087 1039 2235 1092 regios

251 1110 401 1152 fuisse.
465 1110 525 1152 Cf.
561 1111 603 1151 P.
625 1111 778 1163 Meyer
809 1110 896 1151 Das
929 1109 1197 1151 Heerwesen
1229 1110 1308 1150 der
1339 1110 1589 1151 Ptolemaer
1620 1111 1711 1151 und
1741 1111 1907 1152 Romer
1936 1112 1982 1152 in
2002 1111 2234 1165 Aegypten

251 1187 357 1237 ρ.44
398 1185 491 1224 not.
514 1185 580 1224 36.
642 1184 754 1224 Sane
799 1183 919 1223 hunc
964 1183 1149 1223 titulum
1186 1182 1433 1234 Euergetae
1478 1183 1768 1236 potissimum
1806 1184 1965 1224 aetatis
2011 1194 2110 1225 esse
2146 1195 2233 1225 non

252 1257 440 1309 constat,
488 1266 588 1296 nam
634 1255 768 1296 etiam
812 1254 1022 1295 inferiore
1060 1257 1205 1296 aetate
1248 1255 1436 1295 Theram
1480 1255 1525 1296 in
1565 1254 1653 1296 fide
1692 1255 2052 1297 Ptolemaeorum
2091 1255 2234 1297 fuisse

251 1327 446 1380 probant
491 1339 532 1368 n.
572 1330 667 1368 ⁴02.
707 1330 802 1368 440.
879 1326 1012 1374 Quod
1056 1337 1163 1368 vero
1214 1327 1410 1368 Millerus
1456 1327 1578 1381 dicit,
1625 1327 1914 1380 Apollonium
1960 1339 2049 1369 non
2094 1327 2231 1370 alium

250 1399 389 1441 fuisse
416 1399 561 1440 videri
603 1410 655 1440 ac
686 1399 963 1440 nauarchum
1004 1399 1138 1440 huius
1179 1399 1387 1452 nominis,
1430 1400 1508 1452 qui
1539 1400 1584 1440 in
1621 1400 1796 1454 Periplo
1828 1400 1966 1442 maris
1997 1400 2234 1453 Erythraei

251 1475 703 1524 commemoraretur,
766 1471 811 1512 id
868 1471 976 1524 quid
1029 1470 1116 1512 sibi
1170 1471 1279 1512 velit
1341 1483 1430 1513 non
1482 1473 1725 1525 perspicio,
1796 1473 2011 1525 quoniam
2059 1473 2106 1514 in
2155 1473 2231 1514 illo

251 1543 428 1596 Periplo
466 1543 510 1584 id
552 1554 715 1583 nomen
755 1544 939 1597 omnino
982 1554 1069 1584 non
1109 1543 1285 1595 legitur.
1493 1550 1512 1580 3
1557 1543 1842 1585 Vocabulum
1890 1555 1977 1585 non
2025 1547 2118 1585 tam
2158 1544 2233 1586 de-

250 1615 403 1658 finitae
433 1615 630 1657 notionis
661 1625 761 1656 esse
791 1626 929 1668 quam
962 1615 1135 1668 reliqua
1165 1614 1333 1668 quibus
1376 1614 1521 1656 officia
1561 1616 1772 1658 militaria
1813 1615 2068 1658 indicantur
2097 1617 2234 1671 (στρα-

246 1687 389 1745 τηγός,
424 1685 675 1746 ἱππάρχης),
718 1687 798 1729 sed
838 1687 1107 1740 plerumque
1139 1687 1302 1728 ducem
1335 1689 1532 1741 stratego
1563 1687 1858 1729 subiunctum
1895 1688 2094 1730 indicare
2126 1699 2234 1742 pro-

251 1760 377 1802 bavit
421 1761 466 1801 P.
497 1761 651 1813 Meyer
695 1760 784 1801 Das
831 1759 1101 1801 Heerwesen
1147 1760 1226 1801 der
1270 1760 1526 1801 Ptolemaer
1572 1760 1664 1802 und
1701 1761 1867 1802 Romer
1909 1761 1956 1802 in
1999 1761 2233 1814 Aegypten

249 1844 293 1886 p.
317 1835 369 1872 26
387 1843 453 1884 sq.
514 1832 661 1884 Atque
692 1842 798 1872 eum
830 1831 1013 1884 quidem
1045 1841 1182 1885 quem
1213 1832 1288 1872 hic
1319 1831 1592 1873 haberemus
1623 1831 1785 1873 ducem
1817 1831 1903 1874 sub
1935 1833 2126 1885 imperio
2156 1836 2231 1875 τοῦ

253 1906 486 1960 στρατηγοῦ
516 1906 591 1944 τοῦ
624 1900 694 1944 ἐπὶ
732 1902 810 1960 τὴν
842 1901 978 1962 θήραν
1008 1909 1092 1945 τῶν
1125 1901 1367 1961 ἐλεφάντων
1401 1904 1568 1957 (Meyer
1598 1915 1642 1957 p.
1666 1903 1748 1957 47),
1789 1904 1863 1945 cui
1894 1906 1990 1946 tota
2019 1906 2143 1957 regio
2175 1905 2232 1946 ad

251 1975 455 2017 Rubrum
488 1977 608 2018 Mare
640 1977 726 2017 sita
755 1978 946 2030 pareret,
979 1976 1129 2018 fuisse.
1292 1978 1315 2017 4
1357 1976 1691 2018 Praesidiorum
1722 1978 1848 2018 extra
1879 1978 2025 2030 ipsam
2055 1977 2233 2031 Aegyp-

251 2051 349 2090 tum
382 2048 720 2090 collocatorum:
781 2047 842 2089 Cf.
875 2047 1030 2102 Polyb.
1052 2048 1104 2102 V,
1137 2051 1204 2102 63,
1235 2051 1279 2089 8:
1325 2046 1422 2094 τοὺς
1466 2046 1753 2106 μισθοφόρους
1792 2047 1892 2095 τοὺς
1932 2047 1975 2090 ἐν
2015 2052 2109 2095 ταῖς
2152 2046 2232 2097 ἔξω

248 2119 421 2163 πόλεσιν
455 2114 517 2162 ὑπ’
545 2118 682 2162 αὐτῶν
717 2117 1143 2177 μισθοδοτουμένους.
1194 2120 1238 2161 Ρ.
1260 2121 1414 2173 Meyer
1441 2120 1467 2162 l.
1490 2121 1517 2162 l.
1667 2126 1689 2163 5
1731 2120 1793 2163 Cf.
1825 2121 1986 2163 Strabo
2007 2121 2120 2176 XVI,
2146 2124 2183 2175 k,
2206 2125 2229 2162 7

251 2206 293 2247 p.
319 2197 398 2234 770
439 2186 515 2236 εἷθ’
542 2191 564 2234 ὁ
595 2196 672 2248 τῆς
705 2188 918 2249 Σωτείρας
948 2190 1093 2248 λιμήν,
1132 2190 1177 2234 ὃν
1210 2191 1261 2235 ἐκ
1289 2189 1493 2234 ’κινδύνων
1533 2190 1730 2250 μεγάλων
1770 2193 1878 2240 τινὲς
1910 2191 2118 2240 σωθέντες
2146 2199 2231 2236 τῶν

250 2263 473 2323 ἡγεμόνων
505 2263 588 2306 ἀπὸ
618 2267 692 2306 τοῦ
725 2263 1049 2320 συμβεβηκότος
1091 2262 1224 2312 οὕτως
1263 2263 1484 2318 ἐκάλεσαν,
1526 2266 1598 2307 all.
1630 2278 1656 2307 a
1686 2265 1927 2319 Mahaffyo.
1987 2265 2108 2307 Situs
2149 2265 2233 2307 fuit

249 2339 288 2379 is
319 2339 479 2391 portus
512 2347 567 2378 ex
597 2336 829 2378 Strabonis
861 2337 1168 2390 descriptione
1199 2337 1256 2378 ad
1286 2337 1392 2379 litus
1437 2338 1714 2379 occidentale
1750 2339 1876 2380 sinus
1905 2337 2086 2384 Arabici
2115 2338 2232 2379 inter

251 2407 460 2463 Ophiode
481 2410 674 2451 insulam
699 2411 744 2450 et
764 2409 1041 2451 Ptolemaida
1069 2408 1145 2464 τὴν
1176 2408 1282 2466 πρὸς
1310 2409 1365 2466 τῇ
1396 2405 1512 2466 θήρᾳ
1530 2415 1614 2452 τῶν
1638 2408 1892 2466 ἐλεφάντων.
1942 2410 2230 2464 Apollonium
2312 2402 2314 2423 ²

249 2493 393 2523 unum
424 2493 480 2522 ex
510 2482 575 2523 eis
607 2481 800 2523 ducibus
831 2492 931 2522 esse
962 2493 1161 2534 quorum
1183 2481 1343 2523 Strabo
1377 2483 1650 2524 mentionem
1682 2482 1787 2523 facit
1816 2494 1907 2523 non
1935 2484 2109 2523 certum
2131 2482 2230 2535 qui-

251 2554 368 2606 dem,
411 2553 490 2594 sed
529 2552 764 2606 probabile
803 2555 884 2594 est.
1033 2557 1056 2594 6
1093 2553 1271 2595 Nomen
1311 2554 1396 2595 etsi
1437 2553 1582 2595 multo
1619 2554 1776 2596 latiore
1815 2555 1860 2595 vi
1903 2554 2025 2608 apud
2055 2556 2231 2596 veteres

250 2625 521 2678 plerumque
551 2626 765 2678 usurpari
791 2626 837 2666 in
858 2626 1019 2678 volgus
1050 2627 1209 2666 notum
1240 2627 1322 2679 est,
1352 2628 1505 2667 tamen
1535 2627 1610 2668 hic
1636 2626 1873 2668 manifesto
1904 2638 2048 2668 unum
2081 2627 2230 2668 sinum

250 2696 494 2738 Arabicum
534 2696 732 2738 indicare
770 2697 870 2738 luce
908 2697 1073 2738 clarius
1112 2699 1192 2738 est.
1255 2697 1372 2745 Quid
1402 2699 1522 2739 enim
1564 2699 1619 2739 de
1657 2699 1733 2741 illa
1769 2700 1925 2740 oceani
1957 2700 2085 2752 parte
2114 2709 2230 2752 quae

250 2779 396 2821 usque
428 2768 482 2809 ad
514 2768 841 2810 occidentalem
872 2769 1023 2810 Indiae
1055 2780 1181 2810 oram
1213 2770 1408 2823 pertinet
1438 2770 1525 2811 sibi
1555 2771 1723 2812 vellent
1763 2768 2012 2817 ἐκπλεύσας
2053 2769 2113 2812 ἐκ
2151 2773 2229 2827 τῆς

246 2836 457 2897 Ἐρυθρᾶς
488 2837 721 2897 θαλάσσης,
762 2851 878 2893 quae
909 2841 964 2881 de
995 2841 1098 2882 sinu
1128 2852 1210 2894 per
1241 2843 1483 2893 angustum
1521 2843 1657 2883 modo
1701 2843 1870 2884 ostium
1907 2853 2015 2883 cum
2058 2852 2227 2884 oceano

251 2912 518 2954 cohaerente
549 2912 800 2954 rectissime
832 2910 1073 2954 dicuntur?
1134 2912 1195 2954 Cf.
1228 2914 1365 2954 etiam
1397 2925 1438 2954 n.
1464 2917 1545 2954 486
1557 2913 1589 2955 ⁴.
1613 2913 1745 2955 ⁴99⁴8.

359 3142 432 3197 70
479 3147 536 3195 In
573 3146 762 3212 templo
800 3146 935 3211 quod
985 3149 1060 3195 est
1105 3160 1268 3212 prope
1304 3142 1556 3196 Redeaieh
1601 3147 1654 3196 in
1702 3148 1903 3197 deserto
1941 3146 2224 3197 Thebaidis.

252 3233 341 3282 Ed.
381 3233 440 3281 R.
470 3233 683 3298 Lepsius
719 3231 1022 3282 Denkmaler
1059 3246 1151 3282 aus
1188 3233 1451 3299 Aegypten
1488 3234 1594 3283 und
1630 3233 1929 3300 Aethiopien
1953 3233 2044 3282 XII
2079 3250 2129 3299 p.
2159 3232 2215 3282 84

251 3335 299 3367 n.
333 3316 432 3367 ⁴70
474 3319 548 3385 (Ο.
577 3318 850 3369 Puchstein
874 3319 1254 3386 Epigrammata
1279 3318 1471 3369 Graeca
1494 3321 1546 3368 in
1569 3321 1801 3387 Aegypto
1838 3324 2044 3386 reperta
2066 3336 2116 3386 p.
2141 3319 2223 3369 53.
2288 3302 2289 3306 Ἰ

252 3407 332 3454 W.
374 3405 615 3455 Schwarz
659 3406 978 3457 Jahrbiicher
1029 3407 1112 3456 fiir
1155 3405 1430 3471 Philologie
1469 3406 1613 3457 CLIII
1661 3407 1797 3457 4896
1843 3423 1894 3473 p.
1938 3407 2038 3456 456
2088 3421 2137 3456 n.
2176 3406 2223 3455 6.
2283 3431 2286 3469 :

255 3492 317 3540 M.
348 3493 401 3540 L.
432 3491 611 3542 Strack
648 3493 738 3542 Die
775 3493 1018 3559 Dynastie
1057 3494 1148 3543 der
1184 3493 1469 3543 Ptolemaer
1505 3510 1556 3559 p.
1586 3493 1690 3545 236
1731 3494 1795 3542 ad
1831 3508 1881 3543 n.
1911 3491 2013 3558 50).
2284 3474 2285 3482 ἵ

369 3648 563 3693 Litterae
593 3649 803 3692 ΘΘΠΟΦ
817 3680 828 3691 .
