2314 3970
232 183 332 233 168
912 180 959 219 ll.
1008 179 1207 230 Regnum
1240 178 1518 230 Lagidarum.
2072 178 2199 230 [92-

229 350 456 409 Μαρωνεῖς
493 354 693 406 itemque
730 347 935 398 Ἀλθαιεῖς
967 346 1230 406 Δηιανειρεῖς
1259 344 1484 406 Ἁριαδνεῖς
1513 347 1702 398 Θεστιεῖς
1733 348 1933 398 Θοαντεῖς
1964 347 2202 408 Σταφυλεῖς

231 422 450 471 Εὐανθεῖς.
521 426 569 465 In
614 424 762 467 medio
808 424 945 477 igitur
980 422 1322 476 relinquendum
1368 423 1438 463 est
1477 423 1631 463 utrum
1673 424 1784 465 civis
1832 423 2105 464 Maronensis
2145 436 2201 464 an

230 497 555 538 Alexandrinus
603 496 706 549 pagi
747 495 1079 537 Maronensium
1124 493 1258 535 fuerit
1298 494 1433 547 Theo,
1481 496 1747 548 praesertim
1794 506 1899 536 cum
1943 496 2201 547 ignoremus

229 573 383 611 utrum
415 567 708 609 Alexandriae
746 580 801 608 an
832 567 919 608 alio
950 566 1144 620 Aegypti
1179 566 1278 607 loco
1309 565 1423 619 lapis
1454 567 1611 608 erutus
1641 567 1712 608 sit.
1774 569 1821 608 In
1852 567 2040 620 papyris
2066 568 2200 620 Oxyr.

230 653 331 695 pap.
356 642 391 681 ΙΙ
434 651 475 693 p.
501 643 573 679 494
620 651 662 680 n.
686 639 962 692 CCXL111,4.
1009 650 1051 692 p.
1075 641 1149 678 234
1191 650 1231 679 n.
1255 638 1431 690 CCLXI‚
1454 641 1477 678 8
1519 634 1756 694 Χαιρήμων
1799 635 2071 694 Χαιρήμονος
2108 635 2202 682 Μα-

232 710 386 766 ρωνεύς
418 723 525 753 sane
555 712 633 753 vix
664 711 719 753 de
751 710 918 765 oppido
949 711 1139 752 Thracio
1171 710 1459 763 cogitandum
1491 711 1571 751 est.

339 999 411 1054 93
465 1004 608 1053 Basis
635 1004 842 1053 inventa
872 1003 923 1052 in
953 1004 1063 1053 loco
1090 998 1295 1052 Kuklia
1320 1002 1513 1052 insulae
1539 1001 1707 1068 Cypri.
1758 1001 1883 1051 Edd.
1914 1001 2207 1052 E.A.Gard-

231 1105 337 1156 ner,
389 1090 446 1139 D.
478 1089 532 1140 G.
562 1071 807 1155 Roganti,
862 1091 922 1139 M.
953 1090 1009 1138 R.
1037 1090 1208 1138 sames
1255 1089 1464 1138 Journal
1501 1087 1559 1138 of
1590 1089 1713 1138 Heu.
1755 1088 1885 1138 stud.
1925 1088 1993 1136 lx
2031 1087 2205 1153 (4888)

231 1193 281 1243 p.
312 1177 430 1227 250.
503 1176 804 1226 Sakellarios
852 1171 1122 1244 Κυπριακά
1162 1175 1217 1224 Ι2
1261 1191 1311 1241 p.
1350 1173 1415 1225 97
1462 1190 1510 1223 n.
1548 1174 1605 1223 64
1673 1172 1754 1242 (Μ.
1794 1175 1848 1224 L.
1885 1175 2064 1225 Strack
2118 1175 2209 1224 Die

231 1263 472 1328 Dynastie
499 1263 590 1312 der
614 1263 899 1313 Ptolemaer
935 1278 986 1327 p.
1003 1263 1106 1313 246
1134 1261 1225 1311 n.7
1233 1259 1298 1328 8).
1364 1262 1620 1311 Tractavit
1644 1262 1843 1311 titulum
1877 1262 1939 1310 M.
1963 1261 2208 1311 Holleaux

233 1350 405 1399 Revue
443 1349 530 1399 des
569 1349 745 1399 etudes
784 1349 1037 1414 Grecques
1075 1349 1142 1397 XI
1180 1345 1356 1415 (4898)
1394 1363 1446 1413 p.
1476 1348 1578 1399 250
1602 1363 1712 1414 sqq.

377 1493 686 1568 [Ἀφροδίτηι
713 1496 914 1569 Παφίαι
944 1497 1157 1568 βασιλέα
1183 1495 1532 1566 Πτολεμαῖο]ν,
1573 1495 1693 1550 θεὸν
1721 1492 1969 1568 Ἐπιφανῆ
1987 1500 2018 1565 ¹,
2063 1498 2069 1567 Ι
2109 1495 2208 1566 [τὸν

376 1582 693 1653 Πτολεμαίου
737 1583 823 1636 καὶ
863 1579 1135 1653 Ἀρσινόης,
1176 1583 1308 1635 θεῶν
1357 1583 1754 1654 Φ]ιλοπατόρων,
1805 1581 1811 1653 Ι
1861 1580 2211 1654 [Πολυκράτης

376 1667 731 1739 Μνασιάδ]ου2
760 1667 981 1741 Ἀργεῖος
1022 1668 1028 1742 Ι
1071 1670 1115 1740 [ὁ
1151 1667 1458 1741 στρατηγὸς3
1489 1668 1576 1722 καὶ
1610 1667 1892 1741 ἀρχιερ]εὺς
1921 1674 2009 1740 τῆς
2040 1671 2208 1741 νήσου.

348 1867 541 1907 Litterae
577 1866 783 1919 volgares
820 1867 1000 1919 praeter
1036 1866 1203 1908 ΑΠΣο.
1352 1869 1368 1905 4
1418 1865 1635 1918 Regnavit
1670 1865 1746 1906 hic
1785 1868 2005 1907 205-484
2042 1877 2079 1907 a.
2109 1866 2210 1908 Chr.

234 1939 502 1980 Accuratius
533 1937 643 1979 Holl.
676 1938 811 1978 huius
842 1937 962 1978 tituli
993 1939 1185 1978 aetatem
1207 1936 1390 1978 definire
1419 1948 1556 1990 posse
1587 1937 1674 1978 sibi
1698 1938 1823 1979 visus
1854 1939 1936 1991 est,
1968 1949 2072 1979 cum
2095 1949 2211 1979 anno

236 2008 365 2067 ⁴94s3
399 2023 437 2052 a.
467 2011 570 2052 Chr.
608 2011 908 2052 recentiorem
945 2020 1044 2051 esse
1084 2011 1267 2062 negaret
1304 2010 1410 2062 quia
1457 2009 1576 2051 nulla
1623 2012 1911 2063 compareret
1950 2010 2212 2064 Cleopatrae

235 2084 413 2136 reginae
450 2083 635 2134 mentio,
674 2094 813 2135 quam
851 2082 1135 2123 Ptolemaeus
1173 2081 1248 2122 illo
1286 2083 1494 2134 tempore
1539 2082 1585 2122 in
1625 2083 1967 2123 matrimonium
2009 2083 2213 2124 duxisset

237 2156 342 2207 (Liv.
365 2154 542 2208 XXXV,
565 2157 634 2209 43,
658 2155 711 2206 4).
771 2154 900 2203 Quod
931 2155 1248 2207 argumentum
1278 2155 1330 2194 ut
1358 2154 1611 2195 rectissime
1642 2165 1689 2195 se
1719 2154 1855 2195 habet
1883 2155 1929 2196 in
1958 2155 2102 2196 titulis
2133 2156 2213 2208 qui

236 2226 480 2268 formulam
513 2222 618 2281 ὑπὲρ
652 2223 859 2281 βασιλέως
888 2237 998 2280 prae
1029 2237 1076 2267 se
1107 2226 1256 2267 ferunt
1286 2225 1441 2277 (veluti
1465 2238 1505 2267 n.
1530 2229 1602 2267 92.
1621 2226 1703 2279 94),
1735 2227 1801 2267 sic
1831 2226 1905 2267 hic
1933 2226 2013 2267 ubi
2037 2229 2212 2269 statuae

237 2300 354 2352 regis
385 2299 514 2340 basin
544 2309 628 2340 nos
658 2300 809 2339 tenere
840 2299 1128 2340 accusativus
1160 2298 1304 2351 docet,
1342 2297 1510 2339 nullius
1547 2298 1767 2340 momenti
1804 2300 1884 2340 est.
1943 2298 2058 2340 Nam
2092 2300 2212 2352 regis

238 2373 283 2412 et
323 2372 501 2423 reginae
542 2372 713 2412 statuas
751 2372 996 2424 separatim
1033 2372 1078 2412 in
1117 2382 1199 2412 sua
1235 2372 1478 2423 utramque
1508 2369 1607 2411 basi
1645 2372 1817 2412 erectas
1847 2381 1947 2412 esse
1977 2375 2214 2414 consenta-

238 2454 374 2484 neum
405 2445 486 2484 est.
538 2441 703 2491 Quidni
733 2444 870 2496 igitur
891 2443 1077 2484 alteram
1100 2444 1291 2484 aetatem
1313 2443 1486 2495 tulisse,
1518 2442 1703 2484 alteram
1725 2443 1914 2495 periisse
1945 2442 2212 2485 sumamus?

239 2517 350 2557 Sane
381 2516 466 2556 alia
497 2514 551 2555 de
582 2525 719 2556 causa
751 2516 854 2567 (not.
877 2516 916 2567 2)
947 2515 1106 2556 titulus
1138 2515 1278 2568 priori
1318 2516 1436 2567 parti
1478 2516 1602 2568 regni
1632 2515 1878 2568 Epiphanis
1915 2516 2214 2558 vindicandus

239 2590 320 2628 est.
467 2590 492 2627 2
535 2587 771 2640 Supplevit
801 2587 911 2628 Holl.
945 2588 1121 2628 collatis
1151 2587 1294 2628 titulis
1325 2587 1369 2628 C.
1391 2588 1422 2629 I.
1444 2587 1533 2629 Att.
1557 2588 1608 2640 II,
1632 2591 1714 2628 966
1730 2588 1778 2640 Β,
1803 2590 1867 2628 47.
1891 2589 1943 2629 49
1976 2584 2214 2644 Πολυκρ[οἱ-

238 2674 316 2715 της
346 2655 593 2702 Μνασιάὸου
622 2653 806 2716 Ἀργεῖος
836 2653 902 2700 ἀπ’
937 2654 1131 2716 Ἀχαΐας)
1186 2663 1267 2700 967
1285 2657 1323 2713 b,
1349 2661 1399 2700 46
1441 2655 1720 2716 Πολυκράτης
1749 2654 1994 2702 Μνασιάδου
2033 2655 2214 2716 Ἀργεῖος

240 2734 285 2772 et
321 2731 431 2772 locis
471 2730 646 2783 Polyhii
692 2732 800 2771 satis
842 2731 1012 2784 multis,
1056 2731 1223 2784 quibus
1264 2732 1362 2772 eius
1401 2732 1570 2772 mentio
1610 2730 1661 2772 fit
1702 2731 1869 2785 (Polyb.
1891 2731 1943 2785 V,
1976 2734 2043 2785 64,
2075 2735 2213 2786 4sqq.

242 2807 309 2856 65,
333 2807 372 2844 5.
405 2805 471 2856 82,
497 2805 533 2843 3.
567 2804 634 2856 84,
658 2805 695 2843 8.
731 2802 885 2856 XVIII,
909 2806 977 2856 54,
1000 2806 1038 2844 4.
1072 2807 1139 2856 55,
1164 2805 1288 2844 4-6.
1323 2803 1456 2855 XXII,
1480 2806 1518 2856 7,
1543 2806 1579 2843 3.
1605 2803 1656 2854 7).
1703 2803 1844 2844 Cuius
1874 2815 1930 2844 ex
1959 2805 2215 2846 narratione

241 2876 428 2928 apparet
457 2885 563 2915 eum
594 2876 838 2915 auctumno
870 2875 974 2915 anni
1005 2878 1087 2914 496
1110 2887 1148 2916 a.
1170 2874 1270 2916 Chr.
1303 2875 1442 2928 Cypri
1472 2875 1858 2917 administratione
1888 2887 1936 2916 se
1967 2876 2213 2918 abdicasse.

240 2948 335 2988 Iam
375 2948 421 2987 et
456 2948 638 2998 tempus
675 2948 721 2987 et
760 2946 990 2987 ethnicum
1029 2946 1278 2988 Holleauxii
1319 2947 1686 3000 supplementum
1727 2947 2039 3000 comprobant.
2099 2948 2214 2990 Nam

243 3019 321 3072 qui
357 3019 421 3059 illi
462 3018 682 3059 successit
719 3018 1000 3060 Ptolemaeus
1039 3019 1282 3071 Agesarchi
1312 3019 1354 3071 f„
1399 3019 1714 3072 Megalopolita
1757 3019 1854 3060 fuit.
1916 3020 2123 3061 Ceterum
2169 3021 2215 3061 ni

242 3091 374 3143 plane
394 3090 522 3132 fallor
542 3090 701 3131 titulus
724 3090 1064 3143 Alexandrinus,
1087 3102 1224 3143 quem
1246 3091 1314 3132 ed.
1338 3091 1555 3132 C.Jullian
1576 3092 1729 3132 Revue
1750 3092 1945 3133 archeol.
1969 3092 2215 3133 Troisieme

244 3166 330 3203 ser.
352 3162 430 3202 VII
459 3162 598 3213 (4886)
629 3173 672 3215 p.
696 3165 778 3203 266
810 3174 852 3203 n.
874 3163 914 3203 1:
946 3159 1226 3218 Πολυκράτης
1249 3159 1524 3217 Πολυκράτου
1561 3160 1566 3217 Ι
1599 3166 1674 3204 τοῦ
1706 3160 1980 3221 Πολυκράτου
2001 3158 2212 3220 Ἀργεῖος)

246 3233 267 3275 ὁ
308 3231 734 3292 ἀρχισωματοφύλαξ,
772 3234 829 3276 ad
865 3235 985 3276 illius
1015 3235 1264 3287 Polycratis
1305 3236 1516 3288 nepotem
1555 3237 1633 3276 aut
1670 3237 1791 3276 certe
1832 3235 1888 3276 ad
1925 3235 2121 3288 aliquem
2159 3246 2214 3276 ex

246 3306 342 3346 eius
388 3306 580 3358 posteris
627 3307 813 3359 spectat.
999 3309 1020 3346 3
1060 3306 1141 3347 Hic
1178 3306 1374 3347 editores
1414 3306 1586 3348 addunt
1620 3306 1693 3348 καὶ
1735 3304 1960 3365 ναύαρχος,
2006 3307 2083 3348 sed
2130 3308 2216 3348 hoc

246 3387 391 3428 neque
422 3377 667 3429 Epiphanis
698 3379 843 3419 aetate
873 3378 1090 3419 usitatum
1121 3376 1204 3418 fuit
1242 3377 1308 3429 (cf.
1341 3388 1382 3418 n.
1406 3377 1492 3429 841)
1532 3380 1576 3418 et
1613 3378 1651 3418 si
1692 3378 1897 3430 proxime
1935 3378 2213 3430 superiorem

248 3457 433 3487 versum
464 3448 724 3502 contuleris,
764 3450 960 3502 spatium
1001 3447 1217 3490 excedere
1253 3448 1546 3500 intellegetur.
1607 3449 1670 3489 De
1711 3449 1949 3490 sacerdotii
1989 3460 2094 3489 cum
2133 3449 2214 3489 im-

248 3518 376 3571 perio
408 3519 591 3560 militari
619 3521 935 3563 coniunctione
966 3521 1018 3562 cf.
1051 3532 1166 3574 quae
1197 3520 1411 3562 adnotavi
1442 3531 1483 3560 n.
1507 3520 1629 3561 2302.

2311 195 2314 270 l
