2314 3970
131 214 228 266 265]
616 211 802 250 Pactum
834 209 951 250 inter
981 209 1278 260 Pergamenos
1311 207 1356 247 et
1385 206 1624 247 Temnitas.
1999 205 2098 255 431

274 387 299 437 ὁ
326 382 619 454 Τημνιτῶν2
656 383 852 443 οἰκείως
892 380 1252 454 διακ[είΙμενος]
1278 378 1518 452 τυγχάνει
1542 383 1633 432 τῶι
1667 380 1832 449 δήμωι
1857 380 1946 430 τῶι
1974 376 2107 447 Περ-

270 470 541 542 γαμην[ῶν,
586 469 591 540 Ι
634 470 846 541 ἀγαθῆ]ι
891 470 1065 540 τύχηι,
1114 468 1360 539 δεδόχθαι
1404 471 1488 537 τῆι
1530 469 1708 538 βουλῆι
1756 461 1841 518 καὶ
1876 466 1968 517 τῶι
2005 462 2108 534 5421}-

221 574 244 614 5
277 557 437 627 [μωι],
510 557 804 610 ἀποστεῖλαι
871 552 1180 627 πρεσβευτὰς
1245 554 1355 618 δύο,
1422 553 1600 613 οἵτινες
1660 551 2109 625 παρα1[γεν]όμενοι

272 646 574 715 ἐμφανιοῦσι
620 645 708 714 τήν
759 664 812 696 τε
851 642 1046 696 εὔνοιαν
1085 643 1145 713 ἢν
1185 640 1318 712 ἔχων
1362 639 1368 711 Ι
1410 640 1665 710 [δι]ατελεῖ
1701 638 1821 711 πρὸς
1863 637 2041 698 αὐτοὺς
2081 639 2106 690 ὁ

274 732 432 801 δῆμος
470 731 495 782 ὁ
535 729 876 801 Περγαμηνῶν
920 727 925 800 Ι
967 727 1087 798 [κα]ὶ
1126 728 1511 797 διαλεγὴσονται
1547 730 1682 786 ὅπως
1717 727 1975 798 ψηφισθῆι
1999 726 2107 783 ταῖς

195 831 245 872 10
276 818 476 870 πόλεσιν
520 814 526 887 Ι
568 817 911 888 [ἀμ]φοτέραις
959 813 1310 868 ἰσοπολιτεία3.
1378 810 1468 867 ἐὰν
1520 812 1573 866 δὲ
1613 812 1889 885 φαίν[η]ται
1924 811 1940 883 ΙΙ
1976 810 2112 882 [Τη]-

131 1008 306 1050 Attalus
336 1007 440 1049 Asia
470 1008 535 1049 cis
564 1007 763 1048 Taurum
793 1005 967 1059 potitus
998 1005 1117 1046 esset
1143 1002 1310 1056 (Polyb.
1345 1002 1416 1056 IV,
1442 1005 1507 1056 48,
1532 1002 1586 1056 7),
1619 1002 1921 1044 revocandam
1954 1001 2109 1044 videri.

130 1081 186 1122 At
215 1082 303 1122 hoc
332 1080 518 1133 quidem
549 1081 747 1133 pactum,
787 1078 956 1131 quippe
987 1076 1110 1130 quod
1151 1076 1269 1116 inter
1300 1075 1508 1117 civitates
1538 1074 1703 1116 liberas
1742 1075 1837 1116 sine
1867 1075 1958 1115 ulla
1990 1076 2111 1128 prin-

132 1155 246 1207 cipis
277 1154 506 1194 mentione
534 1152 706 1193 factum
736 1151 868 1204 esset,
908 1149 1137 1202 antiquius
1169 1148 1312 1190 videri
1351 1149 1407 1201 et,
1450 1148 1487 1188 si
1525 1159 1614 1188 non
1654 1148 1795 1200 prius,
1836 1149 1958 1188 certe
1996 1158 2111 1188 anno

132 1229 213 1266 226
237 1239 274 1267 a.
298 1226 398 1267 Chr.
420 1237 541 1267 novo
564 1224 745 1266 foedere
766 1234 871 1264 cum
892 1221 1039 1263 Attalo
1062 1221 1302 1262 conciliato
1328 1220 1611 1273 abrogatum.
1662 1219 1747 1260 Sed
1778 1220 1863 1260 etsi
1891 1220 2112 1272 temporis

132 1298 438 1339 definitionem
483 1298 606 1338 recte
645 1307 693 1337 se
733 1293 900 1336 habere
944 1294 1056 1335 mihi
1102 1303 1286 1346 quoque
1324 1292 1562 1346 probabile
1603 1293 1684 1346 est,
1731 1293 1882 1333 tamen
1926 1293 2112 1345 pactum

131 1371 438 1412 Temnitarum
469 1380 575 1410 cum
603 1367 753 1409 Attalo
786 1368 833 1408 in
863 1367 1014 1408 locum
1046 1367 1144 1407 eius
1176 1366 1298 1419 quod
1338 1368 1468 1407 antea
1509 1377 1612 1407 cum
1645 1365 1930 1417 Pergamenis
1970 1364 2112 1406 habu-

131 1444 272 1485 issent
301 1442 575 1484 successisse
607 1452 695 1482 non
726 1440 875 1482 credo.
926 1440 1068 1481 Immo
1100 1440 1311 1493 rationes,
1343 1450 1458 1492 quae
1493 1439 1558 1480 eis
1590 1449 1695 1479 cum
1733 1438 1937 1491 principe
1977 1438 2113 1478 inter-

133 1515 362 1569 cedebant,
409 1515 538 1568 plane
570 1514 802 1566 separatae
832 1514 959 1554 erant
1000 1511 1056 1554 ab
1098 1513 1162 1553 eis
1213 1522 1326 1564 quas
1371 1523 1477 1552 cum
1525 1511 1693 1564 populo
1734 1511 2113 1563 Pergamenorum

131 1588 371 1640 habebant,
402 1589 454 1628 ut
483 1586 644 1628 eodem
673 1587 879 1639 tempore
910 1586 1159 1638 utrumque
1190 1586 1375 1638 pactum
1405 1584 1544 1626 fuisse
1575 1583 1697 1625 nulla
1727 1594 1783 1624 ex
1812 1584 1940 1636 parte
1971 1583 2114 1624 incre-

133 1661 270 1703 dibile
301 1661 370 1702 sit.
432 1662 468 1702 Α
509 1660 602 1700 tam
646 1659 831 1711 antiquo
871 1660 1077 1711 tempore
1117 1669 1268 1699 rarum
1303 1657 1488 1710 quidem
1519 1658 1600 1709 est,
1643 1656 1721 1697 sed
1753 1656 2018 1708 neutiquam
2048 1656 2114 1696 in-

24 1719 25 1722 *
52 1730 61 1788 ᾗ
133 1734 352 1775 auditum.
404 1731 465 1774 Cf.
488 1732 645 1773 titulos
668 1731 877 1785 Olympia
897 1731 935 1771 V
966 1742 1009 1784 p.
1035 1733 1115 1771 429
1146 1743 1188 1772 n.
1213 1732 1307 1771 304.
1333 1734 1412 1771 305
1435 1731 1670 1783 postremo
1694 1729 1866 1770 saeculi
1887 1740 1923 1770 a.
1947 1728 2048 1769 Chr.
2071 1739 2113 1768 n.

45 1859 46 1862 Ἰ
130 1807 282 1860 quarti
313 1805 527 1847 decennio
559 1805 739 1846 incisos.
790 1803 976 1856 Reliqua
1007 1814 1115 1845 vero
1147 1803 1413 1856 litteratura,
1454 1802 1650 1844 maxime
1685 1803 1774 1854 ΠΣ,
1813 1801 1869 1842 ad
1907 1802 2115 1854 tempora

131 1879 342 1922 inferiora
364 1878 636 1920 descendere
651 1879 795 1930 vetat;
829 1878 965 1918 etiam
987 1868 1031 1932 4)
1060 1878 1304 1930 praecipue
1324 1877 1401 1917 fini
1423 1877 1573 1930 quarti
1593 1877 1638 1916 et
1658 1875 1786 1917 initio
1807 1875 1931 1916 tertii
1952 1886 1990 1916 a.
2012 1874 2114 1916 Chr.

52 1967 53 1970 ¹
135 1952 302 1994 saeculi
335 1951 559 1993 convenit.
610 1950 868 1992 Formulam
899 1947 1007 2006 ἔγνω
1031 1947 1166 2006 βουλὴ
1189 1947 1419 2006 καὶδῆμος
1450 1949 1522 1990 vel
1555 1946 1661 2006 ἔγνω
1686 1947 1822 2004 δῆμος
1852 1948 2114 2001 Pergameni

134 2027 232 2066 tum
262 2025 398 2066 etiam
429 2022 683 2064 retinebant
713 2034 768 2063 ex
798 2033 888 2064 usu
917 2022 1220 2075 Aeolensium‚
1252 2033 1450 2075 quorum
1482 2021 1654 2073 origine
1691 2022 1788 2062 erat
1827 2021 2000 2062 civitas.
2053 2020 2114 2061 Cf.

134 2110 175 2140 n.
200 2097 282 2139 815.
332 2096 390 2138 At
420 2096 611 2138 dialecto
644 2097 743 2136 tum
774 2096 864 2136 iam
895 2094 1140 2137 utebantur
1172 2095 1356 2148 volgari,
1390 2106 1495 2135 cum
1527 2095 1757 2135 Temnitae
1787 2094 1925 2136 vicini
1956 2095 2113 2135 etiam-

135 2172 233 2212 tum
265 2169 491 2211 Aeolicam
523 2168 729 2221 religiose
759 2170 1095 2210 conservarent.
1148 2166 1281 2216 Quod
1302 2167 1545 2209 discrimen
1566 2168 1718 2208 nescio
1751 2179 1806 2208 an
1838 2178 1890 2208 eo
1919 2167 2114 2209 referen-

136 2243 246 2285 dum
276 2243 335 2284 sit
365 2242 488 2295 quod
517 2242 786 2294 Pergamum
816 2242 916 2282 tum
947 2241 1037 2282 iam
1067 2240 1344 2281 Philetaerus
1377 2241 1529 2282 sedem
1561 2241 1740 2293 imperii
1770 2239 1946 2281 fecerat.
1997 2239 2112 2282 Nam

136 2327 241 2357 cum
271 2314 510 2356 Alexandri
540 2324 825 2355 successores
856 2313 1111 2367 reliquique
1148 2313 1367 2367 dynastae
1397 2315 1444 2354 in
1475 2313 1688 2355 omnibus
1721 2313 1910 2366 negotiis
1942 2313 2118 2366 volgari

137 2389 289 2441 lingua
317 2388 566 2440 uterentur,
606 2388 959 2428 consentaneum
991 2388 1060 2427 est
1095 2387 1230 2427 etiam
1264 2387 1472 2429 civitates
1513 2386 1752 2440 primarias
1791 2397 2034 2438 regnorum
2073 2387 2118 2427 et

135 2460 475 2513 principatuum
505 2469 665 2499 eorum
695 2469 872 2499 morem
895 2459 1075 2499 secutas
1096 2468 1209 2499 esse.
1357 2462 1381 2499 2
1423 2459 1619 2500 Temnus
1641 2458 1862 2512 oppidum
1885 2458 2115 2499 Aeolicum

135 2533 318 2585 triginta
348 2530 531 2572 milibus
562 2541 782 2583 passuum
814 2530 1050 2572 meridiem
1070 2541 1232 2572 versus
1263 2543 1288 2572 a
1311 2531 1452 2584 Cyme
1483 2531 1538 2573 ad
1570 2532 1714 2584 ripam
1737 2531 1890 2572 Hermi
1916 2531 2117 2572 fluminis

136 2606 288 2646 situm.
339 2603 400 2645 Cf.
432 2603 642 2644 Herodot.
665 2604 696 2657 I,
720 2605 815 2645 449.
861 2603 972 2644 Xen.
991 2603 1187 2657 He11.1V‚
1211 2607 1249 2657 8,
1274 2608 1312 2646 5.
1358 2603 1514 2657 Polyb.
1531 2604 1582 2658 V,
1607 2607 1673 2658 77,
1695 2605 1730 2645 4.
1762 2604 1941 2658 XXXII,
1960 2606 2028 2657 27,
2047 2606 2115 2644 42.

136 2677 295 2719 Strabo
315 2677 430 2730 XIII,
456 2679 492 2730 3,
516 2681 538 2717 5
571 2687 613 2729 p.
639 2679 711 2717 624
741 2676 837 2718 Cas.
883 2677 1073 2718 Pausan.
1091 2677 1143 2730 V,
1167 2680 1235 2731 43,
1261 2680 1297 2718 7.
1344 2678 1512 2718 Plinius
1543 2676 1594 2719 N.
1617 2678 1660 2718 h.
1678 2677 1728 2731 V,
1756 2681 1849 2719 449.
1873 2680 1968 2719 424.
2017 2677 2116 2718 Tac.

135 2749 246 2792 Ann.
269 2750 319 2803 11,
347 2751 411 2789 47.
560 2751 581 2788 3
621 2749 695 2790 Ius
727 2748 782 2790 de
811 2760 902 2802 quo
934 2749 1051 2790 inter
1081 2749 1198 2790 duos
1229 2750 1427 2803 populos
1449 2751 1674 2804 convenit,
1705 2752 1757 2791 ut
1785 2750 1970 2792 alterius
1990 2749 2118 2791 urbis

137 2833 292 2863 omnes
325 2822 447 2863 cives
480 2821 616 2862 simul
646 2822 875 2863 civitatem
906 2822 951 2863 in
980 2822 1119 2864 altera
1148 2822 1356 2877 habeant,
1389 2823 1643 2877 isopolitiae
1673 2824 1855 2865 nomine
1879 2824 1952 2864 hic
1983 2824 2118 2876 signi-

136 2894 261 2935 ficari
292 2894 480 2947 apparet
491 2905 501 2946 ;
539 2892 592 2934 cf.
623 2905 666 2935 v.
691 2896 872 2936 47-25.
923 2894 1091 2936 Eadem
1123 2895 1168 2936 vi
1199 2896 1444 2949 praecipue
1475 2896 1520 2937 in
1552 2896 1830 2938 Creticarum
1863 2896 2119 2937 civitatium

137 2968 282 3020 pactis
313 2968 394 3020 est,
427 2966 470 3007 C.
493 2966 525 3006 Ι.
549 2966 595 3006 G.
619 2969 745 3021 2554,
770 2970 862 3008 489,
887 2971 969 3009 245
1003 2967 1302 3020 (Oluntiorum
1334 2970 1379 3010 et
1403 2969 1662 3022 Latiorum).
1716 2972 1841 3022 2555,
1866 2972 1916 3009 20
1953 2968 2118 3021 (Hiera-

136 3040 404 3092 pytniorum
450 3038 494 3079 et
539 3037 652 3079 alius
698 3039 892 3081 civitatis
939 3039 1151 3094 Creticae,
1211 3042 1341 3082 cuius
1387 3053 1556 3082 nomen
1599 3041 1853 3093 intercidit).
1916 3044 2039 3094 2556,
2065 3043 2116 3081 42

139 3110 560 3164 (Hierapytnionum
604 3112 648 3151 et
684 3111 1015 3165 Priansiorum).
1078 3112 1269 3154 Hermae
1300 3114 1358 3154 IV
1389 3126 1431 3167 p.
1457 3118 1537 3155 267
1576 3127 1617 3155 n.
1642 3115 1672 3168 I,
1696 3118 1718 3155 8
1760 3113 2032 3166 (Lyttiorum
2074 3114 2119 3153 et

141 3182 451 3234 Oluntiorum).
519 3184 694 3224 Szanto.
761 3183 846 3225 Sed
887 3185 1024 3226 etiam
1064 3187 1191 3226 extra
1229 3186 1407 3227 Cretam
1444 3187 1534 3227 hoc
1574 3187 1833 3227 institutum
1876 3185 2117 3238 aliquando

139 3256 359 3308 repperiri
391 3255 523 3296 docet
553 3256 810 3309 exemplum
842 3256 898 3298 ab
929 3257 1090 3298 eodem
1121 3259 1306 3300 allatum
1338 3259 1458 3311 pacti
1489 3259 1606 3300 inter
1626 3259 1870 3299 Messenios
1896 3260 1940 3299 et
1961 3258 2118 3310 Phiga-

140 3326 283 3369 lenses
305 3326 432 3381 Syll.2
453 3330 550 3381 234,
574 3331 639 3368 44.
679 3327 1016 3382 Nonnunquam
1039 3342 1129 3372 non
1153 3333 1363 3371 mutuum
1386 3333 1585 3384 pactum,
1618 3331 1697 3372 sed
1718 3331 1910 3384 simplex
1932 3331 2118 3372 alterius

140 3400 295 3453 populi
316 3400 562 3454 decretum,
585 3411 676 3454 quo
698 3401 825 3442 alteri
846 3402 1006 3444 civitas
1030 3403 1175 3457 datur,
1197 3403 1435 3455 indicatur,
1458 3405 1510 3444 ut
1526 3405 1557 3444 Ι.
1576 3404 1622 3444 G.
1642 3405 1760 3457 Sept.
1779 3404 1849 3457 ΙΙΙ,
1869 3406 1935 3457 97,
1955 3405 2022 3444 44.
2041 3407 2115 3444 45;

140 3469 212 3512 καὶ
247 3470 363 3527 εἶμεν
405 3469 605 3528 Τη[ν]ίοις
648 3470 926 3516 ἰσοπολιτείαν
969 3477 1071 3516 πᾶσι
1113 3473 1340 3531 δεδομέναν
1384 3472 1439 3530 ἐμ
1480 3471 1689 3517 Φωκεῦσι.
1750 3476 1888 3528 Magis
1923 3476 2059 3517 etiam
2092 3488 2117 3517 a

141 3543 330 3595 pristina
367 3546 412 3586 et
448 3546 634 3598 propria
674 3545 720 3587 vi
757 3545 1043 3599 degeneravit
1080 3547 1371 3601 vocabulum,
1417 3547 1497 3589 ubi
1533 3548 1643 3589 nihil
1684 3548 1770 3590 nisi
1809 3548 1880 3589 ius
1919 3549 2116 3590 civitatis

145 3615 400 3668 singillatim
431 3618 479 3658 in
508 3618 769 3671 peregrinos
799 3619 1012 3661 collatum
1043 3621 1222 3673 indicat,
1256 3621 1386 3661 cuius
1408 3621 1472 3661 rei
1504 3621 1710 3674 exempla
1741 3620 1863 3663 haud
1886 3632 2031 3674 pauca
2061 3632 2116 3663 ex

144 3685 424 3730 diversarum
455 3690 690 3742 regionum
722 3690 913 3733 decretis
945 3694 1170 3746 congessit
1200 3693 1362 3734 Szanto
1394 3703 1436 3746 p.
1462 3697 1512 3734 69
1532 3704 1628 3746 sqq.
