2314 3970
88 215 186 267 423]
472 211 754 252 Ptolemaeus
777 210 835 249 Vl
866 210 1142 251 Philometor
1172 210 1413 257 (484-446
1437 220 1474 249 a.
1498 208 1598 249 Chr.
1623 207 1693 258 n.).
1959 207 2063 260 203

84 407 135 458 p.
172 389 237 440 23
285 402 334 437 n.
370 386 451 436 III.
518 383 802 452 (American
843 384 1047 450 journal
1095 385 1153 435 of
1191 383 1530 450 archaeology
1576 384 1623 433 X
1676 382 1812 433 4895
1862 397 1912 448 p.
1942 382 2061 432 384.

0 464 1 473 ’
86 478 147 526 Μ.
178 477 232 526 L.
262 473 443 525 strack
480 472 571 521 uie
608 472 851 538 Dynastie
889 472 980 522 der
1017 472 1303 522 Ptolemaer
1338 487 1389 538 p.
1419 471 1524 522 248
1563 485 1610 520 n.
1643 465 1789 537 aaa).

228 615 457 670 Βασιλέα
513 613 861 684 Πτολεμαῖον1
915 612 1002 666 καὶ
1059 613 1353 684 βασίλισσαν
1409 610 1793 683 Κλεοπάτρανῖ,
1853 610 1861 683 Ι
1913 609 2064 670 θεοὺς

227 704 606 773 Φιλομήτορας,
666 699 753 754 καὶ
819 699 1131 770 Πτολεμαῖον
1200 698 1282 753 τὸν
1347 698 1450 752 υἱὸν
1507 697 1704 753 αὐτῶν3
1754 698 1761 771 Ι
1804 692 1925 758 Ἶσις
1978 697 2065 751 καὶ

214 784 409 861 Ὧρος4.

195 980 389 1021 Litterae
420 978 627 1031 volgares
658 979 837 1031 praeter
867 977 971 1018 ΘΠ.
1032 976 1139 1017 Post
1168 987 1211 1017 v.
1235 979 1260 1016 2
1291 978 1384 1017 tres
1405 987 1570 1018 versus
1602 976 1657 1017 de
1682 976 1905 1017 industria
1925 976 2066 1017 excisi

2 1086 3 1094 ,
83 1054 200 1105 sunt,
239 1062 437 1105 quorum
478 1052 524 1091 in
566 1051 718 1091 locum
763 1049 849 1090 alia
886 1058 1048 1090 manus
1089 1047 1336 1100 grandibus
1378 1048 1540 1089 litteris
1582 1048 1821 1090 substituit
1845 1038 1953 1094 Ἶσις
1994 1045 2066 1088 καὶ

81 1117 225 1184 Ὧρος.
381 1127 398 1163 4
436 1122 720 1164 Ptolemaeus
741 1121 799 1162 VI
830 1120 1108 1162 Philometor
1139 1122 1382 1173 (484-446
1405 1132 1444 1162 a.
1466 1119 1597 1171 Chr.).
1765 1123 1789 1160 2
1829 1121 2066 1173 Cleopatra

1 1191 4 1232 ἶ
82 1197 396 1240 Philometoris
428 1206 564 1237 soror
595 1205 808 1247 germana
838 1203 956 1246 quae
986 1192 1114 1234 fratri
1154 1193 1311 1246 nupsit
1341 1204 1457 1234 anno
1490 1196 1572 1233 472
1602 1204 1640 1234 a.
1669 1193 1772 1234 Chr.
1805 1195 1885 1234 aut
1913 1191 2064 1245 paullo

81 1271 207 1324 prius
239 1269 306 1321 (cf.
338 1280 380 1310 n.
403 1267 541 1320 4061).
718 1269 740 1306 3
780 1265 863 1307 Hic
892 1265 1012 1307 idem
1045 1276 1146 1307 esse
1176 1266 1360 1307 videtur
1395 1266 1516 1307 filius
1547 1277 1684 1319 quem
1722 1265 1863 1307 habes
1901 1277 1942 1306 n.
1967 1268 2063 1305 425.

81 1345 175 1383 426.
198 1343 295 1383 427.
341 1340 457 1382 Eum
488 1339 576 1382 sub
603 1340 755 1393 ipsum
786 1339 911 1391 regni
943 1339 1118 1391 paterni
1149 1338 1286 1379 finem
1318 1350 1344 1379 a
1365 1340 1494 1392 patre
1515 1339 1690 1380 socium
1713 1338 1839 1389 regni
1870 1338 2062 1379 ascitum

80 1426 179 1456 esse
208 1425 264 1456 ex
284 1424 473 1455 nummo
494 1412 635 1466 Paphi
665 1413 715 1452 ut
747 1410 931 1464 quidem
955 1411 1135 1453 videtur
1157 1422 1281 1465 cuso,
1313 1412 1392 1464 qui
1414 1411 1610 1452 eundem
1632 1422 1802 1453 annum
1824 1412 1869 1452 et
1889 1410 2065 1463 trigesi-

79 1499 208 1529 mum
238 1488 418 1528 sextum
449 1485 548 1539 (ΛΕ)
579 1487 624 1526 et
655 1484 857 1538 primum
890 1483 953 1535 (Α)
986 1483 1208 1536 significat
1235 1483 1415 1536 collegit
1435 1484 1487 1525 Μ.
1503 1484 1548 1525 L.
1561 1485 1717 1525 Strack
1747 1484 1827 1524 Die
1847 1483 2065 1536 Dynastie

79 1560 159 1602 der
178 1559 431 1601 Ptolemaer
459 1569 504 1611 p.
526 1560 593 1598 37.
646 1556 768 1606 Quae
792 1556 849 1598 ad
879 1556 1106 1598 neminem
1139 1567 1193 1597 ex
1217 1556 1484 1598 Ptolemaeis
1516 1556 1761 1598 commode
1790 1555 1948 1598 referri
1978 1556 2065 1597 nisi

79 1633 136 1674 ad
176 1632 500 1683 Philometora;
546 1631 684 1671 huius
723 1630 863 1682 igitur
908 1640 1077 1670 annum
1123 1630 1412 1682 postremum
1459 1627 1602 1685 (⁴46l5
1638 1642 1676 1672 a.
1700 1629 1800 1671 Chr.
1824 1628 1881 1680 n.)
1928 1629 2064 1670 simul

78 1705 279 1759 primum
310 1703 390 1745 filii
419 1714 510 1744 una
540 1714 647 1744 cum
678 1704 808 1756 patre
837 1702 1066 1755 regnantis
1098 1701 1249 1743 fuisse.
1313 1701 1432 1743 Cave
1462 1704 1615 1744 tamen
1646 1702 1703 1743 ad
1732 1701 1862 1743 illum
1893 1712 2063 1743 annum

78 1778 201 1818 hunc
231 1777 426 1830 lapidem
458 1775 712 1827 rettuleris;
755 1775 897 1815 immo
940 1774 1064 1826 quod
1101 1774 1222 1815 filius
1253 1786 1403 1828 neque
1436 1771 1635 1829 βασιλεύς
1673 1785 1821 1827 neque
1850 1769 2063 1830 Εὐπάτωρ

79 1849 258 1902 dicitur,
300 1850 649 1890 monumentum
680 1847 833 1900 paullo
874 1847 1107 1900 antiquius
1149 1847 1506 1889 existimandum
1537 1849 1619 1889 est.
1769 1849 1791 1887 lo
1831 1848 1896 1888 De
1927 1847 2061 1888 litura

0 1947 1 1950 =
79 1919 132 1962 cf.
164 1931 206 1961 n.
230 1918 352 1961 4232.
412 1919 494 1960 Hic
523 1921 569 1960 et
599 1931 641 1960 n.
668 1921 762 1972 422,
785 1922 810 1959 2
851 1929 935 1972 pro
975 1919 1177 1960 hominis
1215 1920 1397 1960 nomine
1436 1930 1565 1961 eraso
1606 1919 1722 1962 duae
1753 1920 1943 1962 deorum
1987 1931 2064 1973 ap-

0 2003 2 2012 *
78 1992 340 2046 pellationes
371 1992 540 2033 incisae
571 1992 690 2044 sunt,
728 2002 784 2032 ne
825 1990 988 2032 titulus
1029 2002 1219 2033 mancus
1260 1994 1477 2045 maneret,
1519 1994 1629 2034 satis
1671 1993 1824 2046 inepto
1857 1992 2064 2047 consilio,

0 2065 2 2110 t
79 2063 445 2117 quandoquidem
479 2063 588 2105 deos
617 2074 777 2116 regum
809 2065 984 2106 statuas
1023 2063 1232 2106 dedicare
1264 2077 1289 2106 a
1321 2065 1494 2107 solenni
1532 2076 1622 2107 usu
1659 2066 1792 2119 plane
1832 2066 2062 2108 abhorret.

187 2320 299 2376 122
353 2326 505 2392 Lapis
558 2330 733 2376 erutus
787 2326 985 2392 Syenae
1035 2327 1085 2375 in
1138 2327 1249 2377 foro
1297 2324 1494 2394 (bazar)
1543 2328 1622 2379 die
1674 2329 1754 2378 40.
1791 2344 1858 2378 m.
1899 2330 2065 2379 Martii

84 2411 236 2462 4883.
303 2413 392 2462 Ed.
434 2413 487 2461 E.
519 2413 676 2462 Miller
713 2413 888 2463 Revue
914 2412 1134 2463 archeol.
1164 2414 1442 2464 Troisieme
1467 2416 1562 2465 ser.
1592 2416 1635 2464 II
1661 2413 1837 2482 (4883)
1877 2432 1927 2482 p.
1960 2416 2050 2465 484

78 2513 126 2548 n.
159 2500 204 2549 4.
271 2499 327 2550 G.
356 2499 491 2549 Botti
529 2500 732 2549 Notices
771 2500 859 2550 des
896 2504 1221 2551 monuments
1259 2503 1477 2568 exposes
1502 2517 1569 2552 au
1593 2505 1768 2553 musee
1795 2499 2064 2554 d’Alexan-

81 2585 187 2635 drie
223 2601 272 2635 n.
305 2586 395 2635 434
446 2583 526 2653 (M.
555 2587 609 2636 L.
640 2586 821 2637 Strack
858 2587 948 2637 Die
974 2587 1217 2654 Dynastie
1254 2589 1344 2639 der
1369 2590 1656 2640 Ptolemaer
1687 2591 1854 2657 p.248
1892 2589 2059 2656 n.82).

223 2723 452 2780 Βασιλέα
492 2726 820 2799 Πτολεμαῖον,
863 2727 980 2782 θεὸν
1023 2729 1029 2800 Ι
1072 2731 1404 2803 Φιλομήτορα
1419 2735 1452 2800 1,
1481 2724 1603 2792 Ἶσις
1643 2731 1728 2786 καὶ
1755 2727 1954 2804 Ὦροςῖ.

193 2918 387 2958 Litterae
418 2917 623 2970 volgares
663 2922 844 2973 praeter
875 2921 1084 2962 ΑΘοΠΣ.
1146 2921 1228 2962 Hic
1266 2924 1316 2963 ut
1355 2934 1396 2963 n.
1422 2926 1496 2963 424
1545 2925 1749 2965 extrema
1791 2924 1929 2965 verba
1960 2915 2062 2970 Ἶσις

79 2988 150 3030 καὶ
169 2979 302 3046 Ὧρος
333 2990 488 3031 locum
519 2992 788 3045 antiquioris
819 2994 1073 3046 scripturae
1103 2994 1311 3036 consulto
1346 2995 1519 3037 deletae
1549 2998 1714 3037 tenent.
1855 3000 1871 3037 4
1919 2996 2063 3038 Ptole-

8 3091 12 3108 .
82 3071 236 3104 maeus
258 3062 315 3102 Vl
346 3062 624 3104 Philometor
655 3063 896 3116 (484-446
921 3078 957 3107 a.
982 3065 1082 3107 Chr.
1105 3066 1176 3118 n.).
1325 3070 1350 3108 2
1390 3068 1451 3109 Cf.
1484 3080 1525 3109 n.
1550 3068 1665 3110 4244.
1689 3071 1769 3109 423
1780 3067 1810 3109 2.

82 3206 517 3214 -ῄ-ῄ,

191 3317 299 3373 123
350 3324 494 3374 Basis
539 3339 726 3390 magna
772 3326 936 3378 fracta
983 3328 1034 3377 in
1073 3329 1201 3378 duas
1238 3333 1429 3395 partes,
1476 3330 1608 3379 inter
1651 3330 1839 3380 rudera
1885 3333 2061 3399 templi

12 3423 15 3486 l[
81 3405 318 3473 Apollinis
345 3411 562 3476 Hylatae
585 3411 637 3460 in
661 3412 825 3462 insula
850 3413 1036 3481 Cypro,
1103 3416 1224 3465 Edd.
1255 3416 1308 3465 L.
1339 3416 1470 3466 Ross
1502 3415 1651 3467 Areh.
1682 3418 1893 3484 Zeitung
1921 3419 2057 3469 4845

0 3516 1 3539 ;
83 3507 134 3558 p.
158 3494 272 3545 403.
339 3497 640 3548 Sakellarios
677 3494 948 3567 Κυπριακά
987 3519 1036 3569 p.
1062 3500 1146 3552 77.
1210 3503 1480 3567 Leycester
1511 3504 1869 3556 Transactions
1895 3507 1954 3556 of
1972 3507 2060 3557 the

0 3571 15 3631 >⁴]
85 3577 242 3644 Royal
280 3584 473 3649 society
510 3584 569 3634 of
609 3585 701 3635 litt.
743 3587 828 3636 VII
865 3604 914 3654 p.
948 3589 1066 3638 386.
1132 3589 1343 3638 Pieridis
1389 3589 1506 3638 ibid.
1546 3606 1596 3655 p.
1628 3590 1753 3641 396..
1812 3593 1890 3642 Ex
1934 3609 2059 3659 apo-

0 3698 2 3720 .
85 3666 278 3731 grapho
316 3683 408 3718 suo
446 3672 525 3720 W.
555 3671 616 3719 H.
645 3673 989 3738 Waddington
1028 3675 1165 3740 apud
1203 3675 1366 3725 Lebas
1403 3677 1557 3726 Inscr.
1599 3678 1664 3726 III
1703 3678 1858 3733 2808.
