2314 3970
269 216 372 265 502
935 212 984 252 V.
1032 211 1232 262 Regnum
1262 210 1573 250 Attalidarum.
2082 210 2119 262 [3
2127 214 2178 250 27
2188 233 2235 239 .-

269 389 442 455 ἯΙΙ,1
498 403 548 453 p.
582 386 680 435 430
729 400 780 436 n.
809 385 930 436 225.
1022 383 1094 434 Cf.
1144 385 1196 433 L.
1227 383 1424 434 Urlichs
1473 385 1893 450 Pergamenische
1939 385 2241 436 Inschriften

269 491 319 542 p.
353 475 434 524 49.

415 611 699 682 Βα[σ]ιλεὺς
730 605 997 672 ’Άτταλοςῑ
1035 611 1299 683 βασ[ιλέως
1328 608 1645 682 ἈττάλουἾΙ
1686 610 1772 665 καὶ
1814 614 1904 683 [ο]ἱ
1951 610 2049 684 μετ’
2093 614 2244 667 αὐτοῦ

414 699 820 771 στρατεύσα[ντες
865 698 946 753 ἐπὶ
986 698 1288 770 Προυσίανθ]
1331 699 1337 768 Ι
1378 698 1464 751 καὶ
1508 701 1925 770 πολιορκήσαντες
1981 699 2145 769 αὐτὸ[ν
2194 702 2244 753 ἐν

415 785 804 856 Νικομηδείαι4]
845 785 850 856 Ι
890 784 1191 856 παραβάντα
1225 781 1317 844 τὰς
1357 781 1443 838 διὰ
1472 781 1745 856 Ῥωμαίωγ
1781 787 2097 857 γε[νομένας5
2135 807 2247 839 συν-

356 889 380 927 5
409 873 610 943 θήκας,]
641 871 656 944 [Ι
689 872 770 926 Διὶ
808 872 894 925 καὶ
927 869 1155 942 Ἀθηνᾶι
1193 870 1240 924 N
1247 873 1516 943 ικηφόρω[ι
1554 871 1660 926 ἀντὶ
1687 877 1792 926 ,τῶν
1832 870 1917 926 διὰ
1930 875 1966 942 ⁶]
1998 874 2003 944 Ι
2035 879 2124 943 τῆς
2161 877 2246 926 τοῦ

412 960 632 1029 πολέμου
672 959 985 1020 συντελείαςΊ
1023 957 1409 1029 ἐπ[ιτευγμάτων
1423 958 1474 1027 8].

385 1150 578 1190 Litterae
612 1149 819 1201 volgares
856 1150 1035 1202 praeter
1072 1149 1147 1190 ΠΣ
1186 1149 1398 1189 accurate
1434 1148 1613 1189 incisae.
1678 1158 1712 1189 Θ
1746 1151 1792 1189 et
1822 1157 1857 1190 0
1901 1150 2075 1191 minore
2119 1162 2248 1191 men-

271 1233 378 1263 sura
408 1223 629 1275 exaratae,
661 1223 889 1263 extremae
920 1221 1075 1262 hastae
1104 1221 1278 1261 lineolis
1309 1221 1581 1262 transversis
1613 1223 1808 1262 ornatae.
1951 1225 1968 1262 ⁴
2006 1222 2182 1263 Attalus
2213 1224 2250 1263 11
2313 1273 2314 1279 γ

271 1296 512 1346 (159-438
544 1306 581 1335 a.
606 1294 707 1334 Chr.
729 1294 801 1345 n.).
949 1296 974 1332 2
1014 1293 1190 1334 Attalus
1223 1294 1241 1332 Ι
1272 1293 1514 1344 (244—497
1549 1304 1586 1334 a.
1610 1293 1710 1333 Chr.
1734 1294 1805 1345 n.).
1953 1297 1974 1332 3
2014 1295 2252 1347 Supplevit
2312 1289 2314 1356 j

271 1366 428 1408 Conze.
490 1366 592 1407 Plus
625 1366 765 1407 semel
797 1367 955 1406 contra
985 1365 1190 1406 Prusiam
1222 1365 1260 1404 11
1292 1365 1535 1416 (483-449
1569 1377 1608 1406 a.
1631 1365 1747 1417 Chr.)
1779 1365 1964 1407 bellavit
1992 1366 2167 1407 Attalus
2197 1367 2249 1408 11.

271 1439 356 1479 Sed
385 1439 459 1479 hic
490 1449 596 1479 cum
641 1437 890 1478 obsidionis
922 1437 1025 1488 (not.
1051 1438 1103 1490 4),
1142 1439 1241 1477 tum
1282 1436 1478 1478 foederis
1517 1437 1640 1490 quod
1676 1438 1864 1479 Romani
1901 1439 2252 1480 conciliaverant

269 1510 425 1551 violati
464 1510 568 1561 (not.
592 1510 631 1561 5)
674 1510 844 1551 mentio
885 1509 1029 1562 docet,
1069 1511 1356 1562 postremum
1394 1508 1578 1562 bellum,
1617 1520 1708 1562 quo
1749 1510 1925 1551 Attalus
1956 1509 2250 1552 Nicomedem

270 1583 348 1635 qui
379 1584 536 1624 contra
566 1585 743 1635 patrem
773 1581 1074 1624 rebellaverat
1104 1581 1291 1634 adiuvit,
1324 1580 1578 1633 significari.
1640 1581 1701 1622 Cf.
1733 1581 1781 1622 E.
1803 1582 1957 1634 Meyer
1987 1594 2057 1635 ap.
2089 1583 2251 1636 Pauly-

270 1656 498 1697 Wissowa
533 1654 968 1708 Realencyklopadie
998 1654 1105 1707 111,⁴
1146 1665 1189 1707 p.
1214 1656 1309 1695 520.
1461 1656 1483 1693 Ιι
1525 1653 1588 1695 Cf.
1623 1652 1818 1707 Appian.
1850 1655 1996 1695 Mithr.
2031 1658 2076 1696 7:
2115 1651 2252 1713 Πρου-

272 1726 361 1774 σίας
393 1721 422 1768 ὃ’
449 1725 538 1769 ἐπεὶ
566 1726 639 1769 καὶ
667 1726 720 1770 τὰ
743 1720 971 1782 Ῥωμαίων
1003 1724 1187 1783 ἀπέγνω,
1228 1723 1291 1772 οἷς
1332 1723 1516 1782 μάλιστα
1545 1723 1753 1768 πιστεύων
1795 1724 1964 1772 οὐδενὸς
2004 1725 2048 1773 ἐς
2086 1724 2251 1782 ἄμυναν

272 1798 578 1857 ἐπεφροντίκει,
627 1797 839 1858 μετῆλθεν
879 1798 923 1846 ἐς
963 1795 1258 1854 Νικομήδειαν
1299 1798 1360 1845 ὡς
1396 1797 1735 1854 κρατυνούμενος
1771 1797 1849 1856 τὴν
1894 1797 2017 1841 πόλιν
2054 1799 2127 1841 καὶ
2163 1803 2254 1847 τοῖς

274 1871 438 1913 ἐπιοῦσι
466 1870 740 1928 πολεμήσων.
784 1870 825 1914 οἱ
862 1870 909 1913 δὲ
938 1868 1210 1927 προδιδόντες
1242 1868 1366 1913 αὐτὸν
1395 1869 1471 1917 τὰς
1502 1868 1639 1917 πύλας
1670 1868 1870 1927 ἀνέῳξαν,
1906 1869 1980 1912 καὶ
2010 1869 2032 1913 ὁ
2064 1870 2142 1928 μὲν
2171 1868 2254 1915 Νι·-

270 1943 468 2002 κομήδης
507 1933 624 2003 ἐσῄει
661 1942 768 2000 μετὰ
804 1947 877 1985 τοῦ
919 1945 1111 2000 στρατοῦ,
1148 1941 1219 1984 τὸν
1263 1940 1310 1983 δὲ
1339 1939 1551 1998 Προυσίαν
1592 1939 1636 1988 ἐς
1676 1941 1783 1999 ἱερὸν
1827 1938 1923 1989 Διὸς
1956 1942 2254 2001 καταφυγόντα

273 2014 576 2072 συνεκέντησαν
607 2030 715 2062 τινες
747 2012 1082 2071 ἐπιπεμφθέντες
1111 2013 1161 2056 ἐκ
1180 2017 1255 2056 τοῦ
1277 2010 1570 2071 Νικομήδους.
1620 2015 1776 2056 Livius
1796 2016 1995 2057 Perioch.
2019 2020 2096 2057 50:
2131 2013 2252 2058 Pru-

269 2087 368 2132 sias
407 2101 486 2131 rem
514 2086 773 2143 Bithyniae,
812 2085 1022 2129 omnium
1061 2083 1513 2140 humillimorwmque
1548 2084 1778 2141 vitiorum,
1816 2100 1847 2130 a
1878 2085 2118 2131 Nicomede
2153 2087 2252 2143 filio

272 2159 516 2204 adiuvante
545 2159 693 2203 Attalo
728 2172 828 2215 φερε
864 2157 1085 2215 Peryasmi
1121 2156 1305 2201 occisus.
1365 2159 1547 2200 Diodor.
1575 2159 1753 2213 XXXH,
1785 2163 1854 2200 24:
1899 2158 1965 2201 ὅτι
1994 2157 2254 2217 Νικομήδης

273 2231 487 2291 Προυσίαν
527 2232 599 2275 τὸν
632 2230 782 2274 ἑαυτοῦ
823 2231 986 2287 πατέρα
1023 2229 1384 2287 καταπολεμήσας
1423 2230 1495 2273 καὶ
1524 2230 1822 2290 καταφυγόντα
1861 2231 1922 2278 εἰς
1959 2232 2007 2275 τὸ
2043 2235 2118 2275 τοῦ
2155 2230 2253 2281 Διὸς

275 2304 382 2362 ἱερὸν
422 2303 585 2347 ἀνελὼν
625 2302 843 2361 παρέλαβε
888 2302 966 2359 τὴν
1007 2300 1224 2359 βασιλείαν
1267 2308 1344 2360 τῆς
1381 2299 1599 2350 Βιθυνίας.
1659 2305 1814 2346 lustin.
1843 2304 2042 2358 XXXIV,
2073 2307 2111 2359 4,
2146 2309 2184 2347 4.
2213 2310 2253 2348 5.

273 2379 386 2420 Cum
407 2378 699 2420 Nicomediae
731 2377 1042 2419 obsessionem
1062 2377 1309 2430 Appianus,
1341 2376 1475 2417 Attali
1497 2376 1719 2417 auxilium
1738 2377 1893 2418 Livius
1923 2379 2127 2432 testetur,
2158 2379 2256 2420 sino

273 2450 413 2492 dubio
445 2462 607 2492 verum
638 2452 707 2491 est
737 2450 958 2491 Frankelii
989 2449 1373 2502 supplementum.
1437 2448 1607 2489 Urlichs
1649 2449 1810 2490 maluit
1849 2448 1892 2492 ἐν
1935 2445 2109 2506 Νικαίᾳ.
2170 2450 2256 2492 Sed

274 2535 391 2577 quae
422 2524 542 2577 apud
573 2523 761 2576 Appian.
791 2523 937 2564 Mithr.
963 2525 986 2583 6
1018 2522 1230 2574 leguntur
1260 2517 1470 2580 Προυσίας
1503 2515 1532 2560 δ’
1560 2518 1712 2562 ἅπασιν
1743 2519 1932 2564 ἀπιστῶν
1961 2545 2020 2552 -
2048 2518 2254 2579 Διήγυλιν

272 2595 343 2638 τὸν
378 2592 542 2651 Θρᾷκα,
587 2592 797 2652 κηδεστὴν
837 2592 938 2636 ὄντα
976 2592 1029 2648 οἱ,
1076 2591 1378 2640 πεντακοσίους
1410 2590 1580 2650 Θρᾷκας
1621 2591 1798 2649 αἰτήσας
1837 2592 1910 2636 καὶ
1937 2592 2082 2650 λαβὼν
2112 2593 2256 2636 τοῖσδε

276 2666 422 2723 μόνοις
451 2667 500 2709 τὸ
526 2672 651 2722 σῶμα
682 2664 908 2722 ἐπέτρεψεν
940 2664 1000 2712 εἰς
1030 2664 1107 2721 τὴν
1129 2663 1361 2720 ἀκρόπολιν
1391 2664 1470 2722 τὴν
1503 2664 1546 2706 ἐν
1569 2660 1728 2722 Νικαίᾳ
1756 2667 2027 2724 καταφυγών,
2059 2678 2111 2708 ea
2133 2670 2179 2708 et
2199 2666 2255 2708 ad

274 2740 427 2793 priora
458 2742 665 2792 tempora
695 2740 902 2791 spectant
932 2749 1079 2790 neque
1109 2737 1165 2778 de
1196 2736 1433 2778 obsidione
1463 2738 1709 2790 quicquam
1738 2739 1990 2780 testimonii
2020 2739 2255 2780 habemus.

276 2816 300 2854 5
342 2812 580 2865 Supplevit
622 2811 768 2852 Conze
812 2810 993 2850 Bericht
1038 2809 1155 2850 iiber
1200 2809 1272 2850 die
1309 2809 1669 2862 Ausgrabungen
1706 2811 1744 2850 II
1791 2822 1835 2863 p.
1866 2813 1933 2852 49.
2001 2811 2127 2852 Anno
2171 2813 2254 2852 454

277 2897 314 2926 a.
338 2885 438 2926 Chr.
460 2896 502 2925 n.
534 2884 722 2925 Romani
743 2883 963 2936 Prusiam,
995 2883 1075 2934 qui
1105 2882 1276 2923 bellum
1308 2885 1466 2924 contra
1486 2883 1687 2924 Attalum
1718 2886 1919 2935 gesserat
1949 2884 2138 2936 eiusque
2167 2886 2256 2924 ter·

276 2969 372 2998 ram
404 2956 535 2997 foede
564 2957 838 3008 vastaverat,
877 2965 1037 3007 pacem
1067 2954 1214 2995 facere
1245 2957 1507 3008 coegerunt,
1549 2966 1603 2996 ea
1632 2955 1900 2997 condicione
1931 2958 1983 2996 ut
2012 2956 2258 3008 quingenta

276 3030 442 3070 talenta
472 3030 643 3081 argenti
673 3027 889 3081 penderet
909 3027 1056 3067 Attalo
1089 3029 1134 3067 et
1162 3027 1322 3078 viginti
1352 3038 1407 3068 ex
1438 3027 1632 3069 navibus
1663 3029 1759 3069 suis
1790 3029 1832 3068 ei
1856 3027 2055 3069 traderet
2086 3027 2255 3081 (Polyb.

276 3102 474 3155 XXXIII,
499 3103 565 3154 43,
588 3103 698 3141 4-6
731 3102 776 3140 et
800 3100 879 3152 qui
901 3110 1006 3140 eum
1030 3099 1381 3151 exscripserunt.
1428 3099 1475 3140 E.
1498 3101 1652 3152 Meyer
1672 3100 1699 3142 l.
1721 3099 1777 3151 1.).
1830 3101 1942 3140 Sane
1971 3102 2256 3152 postremum

276 3173 388 3214 illud
426 3173 596 3214 bellum
635 3184 725 3213 non
754 3172 935 3212 Prusias
975 3170 1128 3211 intulit
1165 3171 1327 3224 Attalo,
1371 3171 1451 3212 sed
1487 3171 1759 3214 Nicomedes
1798 3171 1855 3212 ab
1885 3172 2032 3212 Attalo
2074 3171 2256 3212 adiutus

278 3246 409 3298 patri,
450 3247 502 3285 ut
539 3245 691 3285 minus
732 3246 854 3285 recte
891 3243 964 3284 ille
1006 3242 1163 3283 foedus
1202 3254 1228 3283 a
1258 3243 1470 3284 Romanis
1511 3244 1801 3285 conciliatum
1832 3243 2026 3284 violasse
2066 3243 2255 3284 dicatur.

280 3317 340 3359 Cf.
379 3318 515 3358 etiam
545 3317 734 3370 Appian.
765 3316 912 3357 Mithr.
947 3318 993 3356 3:
1030 3313 1180 3370 ποινὴν
1214 3312 1261 3355 δὲ
1289 3319 1373 3356 τῶν
1404 3313 1622 3371 πρέσβεων
1662 3313 1890 3372 ὁρισάντων
1928 3313 2053 3356 αὐτὸν
2093 3312 2257 3372 ἐσενεγ-

226 3389 229 3391 ’
278 3392 370 3430 κεῖν
401 3384 581 3444 Ἀττάλῳ
613 3391 714 3434 ναῦς
743 3385 1066 3444 καταφράκτους
1097 3383 1255 3427 εἴκοσιν
1287 3383 1440 3428 αὐτίκα
1468 3386 1541 3428 καὶ
1571 3385 1771 3444 ἀργυρίου
1804 3385 1876 3428 σὺν
1907 3384 2050 3443 χρόνῳ
2071 3384 2257 3428 τάλαντα

281 3460 549 3514 πεντακόσια,
593 3459 687 3507 τοίς
732 3474 784 3500 τε
820 3462 950 3506 ναῦς
988 3456 1158 3501 ἔδωκε
1195 3456 1284 3500 καὶ
1329 3456 1389 3499 τὰ
1427 3458 1674 3517 χρήματα
1712 3456 1765 3500 ἐν
1809 3458 1881 3515 τῷ
1914 3456 2089 3515 χρόνῳ
2135 3472 2256 3499 συν-

283 3531 483 3588 έφερεν.
631 3537 653 3573 6
694 3532 923 3586 SupplevI.
973 3526 1243 3588 Νικηφόρω[ι
1272 3529 1562 3588 χαριστήριον]
1594 3531 1793 3584 Fr'ankel‚
1825 3530 2059 3583 aptissime
2090 3542 2170 3584 per
2194 3541 2255 3572 se.

284 3604 370 3659 Sed
406 3606 512 3656 quia
551 3606 618 3646 sic
656 3604 758 3645 finis
788 3615 951 3646 versus
992 3604 1106 3644 sexti
1136 3602 1260 3643 nulla
1290 3601 1520 3655 probabili
1550 3603 1725 3644 ratione
1753 3602 1932 3643 restitui
1971 3613 2107 3654 posse
2135 3602 2259 3643 vide-

283 3676 416 3719 batur
448 3677 551 3728 (not.
576 3678 615 3728 8)
649 3677 900 3718 necessario
933 3675 990 3716 ab
1021 3686 1074 3716 eo
1106 3673 1430 3716 discedendum
1463 3674 1558 3715 fuit.
1610 3675 1834 3728 Frequens
1865 3685 1972 3715 sane
1994 3677 2063 3715 est
2092 3685 2257 3715 nomen
