2314 3970
67 202 137 255 90]
538 201 783 242 Ptolemaei
803 201 840 241 V
872 204 1219 245 monumentum
1250 202 1561 244 Rosettanum.
1936 205 2038 256 147

211 373 363 426 αὐτοῦ
378 375 437 441 33,
460 374 790 445 συναχθέντες
812 375 862 428 ἐν
884 378 974 427 τῶι
993 377 1042 428 ἐν
1068 373 1293 445 Μέμφε(ι
1323 374 1534 446 ἱ)ερῶι34
1553 380 1637 445 τῆι
1654 376 1843 446 ἡμέραι
1868 375 2047 446 ταύτηι

209 458 428 513 sium-⁰³⁵·
479 461 484 530 Ι
536 461 708 532 ἐπειδὴ
757 460 990 532 βασιλεὺς
1042 461 1354 531 Πτολεμαῖος
1395 463 1675 534 αἰωνόβιος,
1723 462 2045 533 ἡγαπημένος

209 545 300 598 ὑπὸ
327 549 413 599 τοῦ
440 546 577 616 Φθᾶ,
617 546 735 606 θεὸς
763 545 1043 619 Ἐπιφανὴς
1069 545 1402 619 Εὐχάριστος,
1444 550 1469 600 ὁ
1498 551 1553 618 ἐγ
1583 549 1830 620 βασιλέως
1858 547 2046 602 Πτολε-

210 632 359 702 μαίου
397 632 481 685 καὶ
520 634 813 704 βασιλίσσης
835 630 1104 705 Ἀρσινόης,
1145 635 1275 687 θεῶν
1303 634 1682 706 Φιλοπατόρων,
1721 632 1852 688 κατὰ
1879 632 2044 688 πολλὰ

122 732 175 773 10
206 720 525 790 εὐεργέτηκεν
564 718 626 772 τά
668 717 721 772 θ’
770 717 881 791 ἱερὰ
921 719 1007 773 καὶ
1044 719 1061 791 ΙΙ
1095 718 1209 780 τοὺς
1248 720 1299 774 ἐν
1329 720 1497 781 αὐτοῖς
1523 721 1667 781 ὄντας
1700 720 1924 782 καὶτοὺς
1952 720 2044 775 ὑπὸ

206 806 294 878 τὴν
335 807 514 859 ἑαυτοῦ
529 809 574 843 36
615 808 874 879 βασιλείαν
913 808 1248 877 τασσομένους
1287 807 1526 876 ἅπαντας,
1568 807 1807 880 ὑπάρχων
1847 808 1963 868 θεὸς
1990 811 2047 861 ἐκ

1196 898 1222 909 Ν

207 893 328 946 θεοῦ
366 892 451 945 καὶ
490 893 614 952 θεᾶς
652 891 883 964 καθάπερ
912 887 1061 964 Ὦρος
1100 895 1126 946 ὁ
1163 914 1253 963 της
1280 886 1431 954 Ἴσιος
1477 892 1562 946 καὶ
1594 891 1818 966 Ὀσίριος
1857 896 1978 964 υἱός,
2019 896 2045 948 ὁ

207 979 520 1049 ἐπαμύνας37
567 983 657 1032 τῶι
706 978 856 1051 πατρὶ
907 980 1117 1033 αὖτοΰ38
1149 976 1348 1050 Ὀσίρει,
1396 976 1460 1033 τὰ
1508 980 1630 1051 πρὸς
1669 980 1818 1041 θεοὺς
1859 981 1864 1052 Ι
1906 982 2048 1053 εὔερ-

65 1140 202 1182 fuisse
231 1140 474 1182 Ptolemaei
505 1140 623 1194 Lagi,
661 1139 952 1193 Philadelphi,
991 1140 1252 1194 Euergetae,
1295 1140 1598 1193 Philopatoris
1637 1141 1906 1183 anacleteria
1949 1144 2046 1183 tan-

64 1224 200 1266 quam
231 1224 328 1254 rem
359 1215 530 1254 certam
557 1214 602 1254 et
632 1214 841 1254 testatam
865 1211 994 1254 affert
1014 1213 1102 1266 Dr.‚
1139 1212 1186 1254 id
1206 1213 1377 1254 rectius
1409 1213 1473 1254 ita
1502 1213 1832 1255 enuntiandum
1863 1214 1959 1266 fuit,
1992 1214 2046 1255 de

63 1285 185 1326 nullo
217 1295 272 1327 ex
302 1285 372 1326 his
403 1284 585 1339 regibus
616 1285 661 1326 id
689 1296 885 1338 usquam
908 1285 1093 1326 narrari.
1141 1285 1235 1326 Hoc
1256 1297 1365 1326 vero
1397 1285 1507 1326 nihil
1529 1286 1679 1327 valere
1710 1286 1927 1327 concedet
1947 1287 2046 1339 qui-

64 1367 259 1410 cumque
304 1369 393 1399 non
437 1357 662 1411 ignorabit
706 1357 886 1410 qualem
933 1359 1168 1398 teneamus
1207 1368 1360 1398 rerum
1400 1358 1534 1399 tertio
1574 1369 1611 1399 a.
1643 1357 1743 1399 Chr.
1783 1369 1825 1400 n.
1865 1358 2045 1400 saeculo

63 1431 288 1482 gestarum
319 1431 602 1472 memoriam.
663 1429 795 1478 Quod
826 1430 1041 1483 quoniam
1073 1429 1289 1483 Polybius
1331 1429 1512 1471 definite
1555 1430 1663 1471 dicit
1699 1428 1752 1471 τὰ
1788 1429 2045 1486 νομιζόμενα

62 1499 248 1558 γίνεσθαι
275 1505 366 1549 τοῖς
398 1500 647 1558 βασιλεῦσιν,
688 1500 810 1543 ὅταν
843 1500 921 1548 εἰς
959 1499 1172 1557 ἡλικίαν
1210 1499 1462 1555 ἔλθωσιν,
1503 1499 1812 1561 ἀνακλητήρια,
1853 1503 2047 1544 coniciat

63 1574 302 1628 quispiam,
342 1586 498 1617 omnes
529 1575 713 1628 quidem
743 1574 1023 1616 Ptolemaeos
1063 1586 1169 1616 cum
1200 1586 1390 1627 regnum
1428 1575 1594 1616 inirent
1623 1575 1821 1628 Memphi
1860 1586 1942 1628 per
1973 1586 2044 1616 so-

61 1645 213 1688 lennes
236 1648 280 1687 et
299 1647 559 1699 magnificas
581 1647 877 1689 caerimonias
899 1648 945 1688 in
966 1647 1132 1688 solium
1154 1647 1329 1700 regium
1351 1646 1555 1688 sublatos
1578 1658 1676 1688 esse
1694 1645 2045 1703 (ἐνθρονισθῆναι,

63 1718 117 1758 cf.
147 1718 330 1760 Diodor.
353 1719 379 1760 l.
403 1719 459 1772 l.),
499 1719 578 1760 sed
608 1717 933 1775 ἀνακλητηρίων
966 1719 1193 1761 vocabulo
1233 1731 1285 1761 ea
1323 1719 1462 1761 modo
1503 1730 1631 1760 sacra
1669 1719 1859 1760 indicari
1900 1720 2044 1772 solita,

63 1801 89 1831 a
119 1790 284 1842 quibus
315 1802 395 1832 rex
426 1791 505 1844 qui
535 1791 746 1845 impubes
778 1791 1027 1834 hereditate
1058 1803 1248 1844 regnum
1280 1791 1467 1833 adiisset
1496 1792 1587 1833 iam
1627 1792 1699 1832 sui
1729 1792 1841 1832 iuris
1872 1802 1971 1833 esse
2002 1795 2046 1832 et

60 1862 157 1915 ipse
203 1874 387 1915 regnare
432 1863 671 1916 inciperet3
722 1863 915 1906 fortasse
963 1865 1099 1905 etiam
1138 1865 1252 1905 ritus
1294 1865 1381 1917 ipsi
1427 1865 1501 1905 hic
1540 1864 1614 1905 alii
1659 1866 1788 1905 erant
1827 1866 1963 1917 atque
2001 1865 2045 1905 in

63 1945 130 1988 eo,
178 1935 256 1988 qui
300 1935 452 1977 adulta
496 1938 641 1977 aetate
686 1937 779 1988 regi
825 1938 1007 1978 mortuo
1055 1935 1340 1978 succedebat.
1410 1937 1495 1978 Sed
1533 1937 1621 1978 hoc
1660 1936 1845 1990 quidem
1891 1947 2044 1977 rerum

63 2006 439 2060 Aegyptiacarum
488 2008 782 2061 peritioribus
835 2009 1175 2050 diiudicandum
1230 2009 1450 2062 relinquo.
1643 2011 1694 2048 33
1742 2008 1802 2050 Cf.
1850 2020 1891 2050 n.
1929 2008 2044 2050 5617.

66 2081 116 2120 34
160 2081 595 2123 ΕΝΜΕΜΦΕΗΕΡΩΙ.
667 2081 960 2123 Memorabile
1006 2083 1087 2135 est,
1134 2083 1187 2122 ut
1230 2081 1303 2122 hic
1349 2083 1395 2122 et
1441 2093 1481 2122 v.
1518 2083 1584 2134 44,
1631 2082 1698 2122 sic
1742 2081 1879 2122 etiam
1924 2081 2045 2134 apud

63 2151 356 2194 Scholiastam
395 2153 646 2195 Germanici
688 2154 792 2205 (not.
829 2154 895 2205 32)
937 2151 993 2195 in
1028 2151 1188 2208 templo
1229 2150 1424 2208 Aeyypti
1466 2149 1674 2207 Memphi
1708 2153 1792 2205 legi
1833 2153 1916 2194 deo
1956 2164 2044 2194 non

60 2225 307 2266 nominato.
368 2226 634 2267 Letronnius
666 2226 875 2268 concedit
906 2226 1105 2280 quidem,
1153 2226 1342 2267 Volcani
1373 2222 1498 2277 (Φθᾶ)
1542 2226 1765 2278 templum
1806 2226 1928 2267 haud
1969 2226 2046 2267 ab·

62 2296 196 2338 surde
227 2309 252 2338 a
282 2297 512 2350 prioribus
543 2297 794 2340 editoribus
826 2298 1036 2352 intellegi,
1077 2298 1259 2351 quando
1300 2298 1347 2339 id
1377 2298 1575 2350 Memphi
1606 2298 1876 2350 primarium
1906 2297 2045 2339 fuisse

63 2370 239 2410 constet
275 2371 319 2410 et
359 2370 404 2410 in
435 2370 522 2411 hoc
562 2371 662 2423 ipso
703 2370 834 2412 titulo
874 2371 912 2412 is
952 2370 1064 2411 deus
1107 2381 1213 2411 cum
1250 2381 1432 2411 summo
1476 2370 1650 2411 honore
1691 2369 1938 2410 identidem
1968 2381 2046 2423 ap-

61 2440 252 2493 pelletur
282 2441 386 2492 (not.
412 2441 463 2493 6).
525 2442 582 2483 At
610 2442 655 2483 in
687 2443 877 2495 papyris
907 2454 1124 2495 magnum
1162 2442 1277 2483 illud
1314 2442 1577 2494 Serapieum
1619 2441 1742 2498 (μέγα
1774 2437 2044 2497 Σαραπιεῖον)

62 2512 182 2554 nudo
213 2514 395 2555 nomine
431 2512 477 2554 τὸ
510 2513 616 2568 πρὸς
647 2509 825 2571 Μέμφει
854 2515 927 2556 vel
960 2512 1003 2556 ἐν
1031 2510 1208 2571 Μέμφει
1241 2512 1351 2569 ἱερόν
1383 2514 1613 2567 appellari,
1646 2525 1738 2566 quo
1770 2515 1939 2567 ingenti
1971 2514 2046 2555 de·

4 2616 5 2620 ,
59 2583 191 2626 lubro
241 2588 420 2639 praeter
469 2587 613 2639 ipsius
664 2587 843 2640 Sarapis
894 2587 1116 2640 templum
1173 2587 1312 2629 etiam
1364 2587 1555 2628 aliorum
1607 2586 1798 2628 deorum
1850 2588 2046 2628 sacraria

4 2647 5 2650 ¹
63 2650 263 2710 (Ἀπιεῖον,
294 2653 581 2715 Ἀσταρτιεῖον,
613 2653 875 2714 Ἀνουβιεῖον,
906 2654 1219 2717 Ἀφροδισιεῖον)
1253 2659 1603 2701 continerentur.
1655 2659 1747 2700 Iam
1781 2669 1886 2700 cum
1907 2659 2045 2700 Hero-

5 2721 8 2777 ὶ
60 2729 194 2772 dotus
224 2731 275 2784 11,
298 2733 379 2772 453
419 2731 473 2772 de
503 2731 643 2785 Apieo
674 2732 860 2785 quidem
891 2733 1004 2774 haec
1033 2732 1215 2774 habeat:
1259 2730 1476 2788 κρατήσας
1515 2729 1560 2772 δὲ
1593 2727 1812 2788 Αἰγύπτου
1851 2729 1991 2788 πάσης
2023 2729 2045 2772 ὁ

8 2829 10 2835 »
60 2797 354 2860 Ψαμμήτιχος
385 2800 558 2859 ἐποίησε
597 2803 659 2861 τῷ
690 2797 903 2862 Ηφαίστῳ
941 2802 1186 2863 προπύλαια
1225 2801 1268 2846 ἐν
1300 2799 1455 2861 Μέμφι
1491 2801 1544 2845 τὰ
1582 2802 1686 2857 πρὸς
1725 2801 1847 2845 νότον
1888 2801 2044 2859 ἄνεμον

8 2876 10 2891 '
61 2873 338 2932 τετραμμένα,
379 2872 514 2932 αυλήν
542 2889 587 2918 τε
617 2882 695 2918 τῶι
723 2872 832 2931 Ἄπι,
872 2875 915 2919 ἐν
947 2876 1002 2936 τῇ
1031 2875 1226 2934 τρέφεται
1258 2874 1387 2918 ἐπεὰν
1421 2874 1535 2934 φανῇ
1568 2873 1590 2917 ὁ
1611 2869 1746 2929 Απις,
1781 2873 2044 2932 οἰκοδόμησε

8 2894 13 3016 ι,
60 2942 246 2989 ἐναντίον
276 2953 360 2988 τῶν
392 2946 681 3003 προπυλαίων,
711 2949 834 2991 haud
854 2949 1218 3003 improbabiliter
1239 2949 1461 2991 Letronne
1491 2949 1656 2990 conicit
1681 2949 2041 2990 Ptolemaeorum

10 3046 14 3058 .
62 3020 207 3060 ‘aetate
245 3020 382 3062 etiam
419 3023 652 3063 vetustum
685 3022 870 3064 Volcani
907 3022 1061 3064 fanum
1100 3022 1176 3063 illo
1217 3023 1412 3075 Serapiei
1455 3021 1630 3063 ambitu
1662 3022 2043 3074 comprehensum

65 3087 212 3133 fuisse.
359 3097 411 3134 35
451 3093 511 3134 Cf
545 3105 584 3134 n.
611 3092 724 3135 5620.
875 3097 926 3135 36
965 3095 1247 3136 Ressexivum
1280 3091 1431 3135 ἑαυτοῦ
1465 3105 1548 3147 pro
1579 3093 1810 3146 personali
1841 3090 1968 3134 αὐτοῦ
2002 3094 2046 3133 et

12 3143 16 3195 ἶ
63 3160 136 3204 hic
164 3165 208 3205 et
238 3177 280 3206 v.
305 3168 370 3205 42
395 3168 446 3205 43
480 3168 752 3218 usurpatum
785 3168 901 3207 inter
923 3168 1034 3208 vitia
1059 3167 1282 3208 sermonis
1314 3167 1387 3207 illa
1420 3167 1565 3207 aetate
1595 3165 1716 3206 haud
1748 3164 2045 3217 infrequentia

14 3210 18 3253 ⁸
65 3244 162 3276 esse
191 3236 374 3278 adnotat
403 3237 612 3290 Mahaffy.
673 3237 730 3279 At
759 3239 882 3280 nullo
916 3251 971 3280 ex
1002 3240 1072 3280 his
1108 3239 1256 3280 tribus
1287 3238 1398 3279 locis
1430 3239 1676 3290 quicquam
1708 3237 1860 3277 vitiosi
1892 3236 2041 3290 video,

16 3286 19 3311 ἱ
61 3305 203 3350 immo
232 3308 403 3362 ubique
433 3308 585 3351 ἑαυτοῦ
616 3311 737 3351 recte
775 3313 821 3351 et
857 3311 1057 3364 legitime
1088 3311 1274 3363 dicitur3
1316 3312 1361 3351 at
1401 3311 1499 3350 vice
1530 3320 1663 3350 versa
1694 3320 1736 3349 v.
1761 3311 1783 3348 8
1815 3306 1929 3364 παρὰ
1968 3311 2043 3351 τοῦ

66 3379 219 3436 πατρὸς
249 3379 391 3424 αὐτοῦ.
438 3386 489 3423 40
522 3381 583 3439 τῷ
614 3379 739 3438 πατρὶ
770 3381 899 3426 αὐτοῦ
932 3395 1038 3426 sane
1073 3385 1232 3425 contra
1262 3393 1468 3424 severam
1500 3382 1643 3433 legem
1676 3382 1897 3422 sermonis
1929 3381 2043 3422 dici-

8 3438 29 3494 ‘Il
61 3451 141 3492 -tur
167 3464 251 3505 pro
282 3451 396 3509 παρὰ
424 3456 498 3495 τοῦ
531 3452 683 3495 ἑαυτοῦ
714 3454 886 3511 πατρός,
925 3455 988 3513 τῷ
1016 3453 1168 3498 ἑαυτου
1200 3451 1337 3510 πατρί.
1487 3456 1537 3493 37
1578 3452 1791 3494 Consulto
1823 3465 1864 3494 v.
1889 3456 1955 3494 27.
1987 3457 2040 3495 28

24 3521 123 3563 de
151 3535 251 3577 rege
281 3526 437 3567 eadem
467 3525 609 3567 verba
640 3523 864 3582 ἐπαμύνων
895 3527 957 3569 τῶ
986 3526 1111 3583 πατρὶ
1140 3527 1434 3579 usurpantur,
1474 3536 1565 3577 quo
1597 3525 1762 3565 clarius
1793 3525 2043 3567 similitudo

13 3595 18 3650 ᾗ
66 3594 181 3636 inter
209 3607 314 3638 eum
345 3600 389 3639 et
419 3598 592 3639 Horum
623 3601 850 3651 appareat.
912 3601 976 3640 De
1009 3599 1184 3640 Osiride
1216 3610 1239 3639 a
1271 3598 1489 3650 Typhone
1530 3598 1687 3638 necato
1718 3597 1907 3650 eiusque
1938 3597 2042 3638 faci-

66 3668 188 3710 noris
215 3671 372 3722 poenis
402 3671 459 3713 ab
490 3671 608 3712 illius
639 3670 730 3711 filio
759 3672 880 3713 Horo
914 3672 1119 3724 repetitis
1159 3670 1358 3711 fabulam
1391 3668 1448 3710 ab
1477 3668 1702 3710 Herodoto
1735 3669 1919 3722 quidem
1949 3680 2042 3710 non

1615 3752 1698 3795 ⁴0*

15 3740 17 3750 .

14 3755 18 3769 Ι

15 3776 31 3847 ε
