2314 3970
15 254 17 308 4

118 191 215 244 270]
710 188 884 232 Attalus
916 190 934 230 1
966 189 1205 242 (244—497
1239 200 1276 230 a.
1300 188 1400 230 chr.
1423 187 1495 240 n.).
1979 186 2081 235 447

261 363 495 434 πρόνοιαν
541 366 726 432 ποῆται
770 361 883 432 περὶ
927 365 995 415 τῶ
1042 362 1209 431 κοιν[ῶ
1254 362 1352 414 τῶν
1399 357 1624 431 Κρητῶν]
1666 357 1672 429 Ι
1711 354 1797 410 καὶ
1837 355 1959 408 ἰδίαι
1995 359 2082 415 τᾶς

203 464 228 505 5
260 451 355 502 τῶν
389 443 727 519 Ἀπταραίωνῖῐ
762 449 954 517 πόλιος,
1004 447 1089 501 καὶ
1125 447 1226 508 τοῖς
1265 444 1742 519 [παραγε]ΙΙνομένοις
1778 438 1885 497 ποτ’
1933 441 2079 495 αὐτὸν

113 624 294 666 Prusiae
324 625 362 664 ΙΙ
392 624 628 676 Bithyniae
658 624 753 676 regi
784 624 816 676 (4
830 624 1026 665 83-449
1059 633 1096 663 3.
1120 620 1234 674 Chr.)
1267 621 1473 662 decretae
1503 621 1666 673 legitur
1699 620 1764 673 (cf.
1797 631 1839 662 n.
1863 619 1972 671 344).
2024 619 2079 660 At

110 695 354 738 tenendum
385 697 453 737 est
482 696 564 737 has
595 706 693 738 esse
723 696 936 748 reliquias
957 694 1078 736 muri
1099 693 1253 735 multis
1275 693 1477 734 eiusdem
1500 693 1674 745 generis
1696 693 1840 734 titulis
1859 692 2079 745 inscripti,

110 769 156 809 in
186 779 277 821 quo
309 767 594 810 diversorum
625 770 886 822 temporum
907 767 1079 808 litteras
1110 766 1155 806 in
1176 765 1336 807 eodem
1357 764 1505 818 lapide
1536 776 1774 806 occurrere
1804 776 1892 806 non
1914 764 2079 805 mirum

110 841 197 893 est;
229 842 351 882 certe
381 841 760 885 manumissiones
791 839 1032 892 Delphicae
1063 838 1184 879 haud
1214 848 1358 891 pauca
1378 837 1518 878 huius
1540 838 1604 878 rei
1625 837 1831 890 exempla
1850 835 2080 890 praebent.

110 912 238 962 Quod
268 913 307 954 si
335 923 417 967 per
446 913 557 954 illud
578 913 859 965 decennium,
891 922 982 964 quo
1008 910 1184 952 Attalus
1204 910 1242 950 11
1272 911 1317 950 et
1346 910 1526 951 Prusias
1548 910 1585 949 II
1618 909 1754 950 simul
1780 910 2080 961 regnaverunt

109 985 139 1037 (4
153 987 282 1026 59-4
297 987 347 1026 49
380 997 417 1027 3.
451 985 552 1027 Chr.
585 987 642 1037 n.)
682 985 793 1026 haec
823 984 962 1025 incisa
995 984 1181 1035 statuas,
1222 983 1391 1023 mirum
1430 992 1537 1023 sane
1566 981 1795 1023 videbitur
1835 982 1912 1034 qui
1951 991 2079 1034 reges

18 1073 20 1098 z
106 1067 189 1110 per
218 1057 306 1098 hoc
335 1069 468 1099 omne
498 1060 680 1111 tempus
711 1057 953 1098 acerrimas
984 1055 1241 1095 inimicitias
1269 1055 1541 1106 exercerent,
1574 1064 1650 1094 eos
1677 1053 1812 1095 simul
1842 1053 1899 1094 ab
1921 1053 2076 1094 eadem

106 1129 289 1170 civitate
319 1129 505 1182 hospitii
536 1129 708 1182 publici
742 1129 919 1169 honore
949 1125 1134 1169 affectos
1164 1137 1282 1178 esse3
1322 1126 1486 1179 quodsi
1517 1128 1596 1167 aut
1625 1126 1807 1167 Prusiae
1845 1125 2076 1166 decretum

108 1201 262 1254 priore
299 1202 425 1254 regni
469 1203 674 1255 tempore
714 1197 954 1253 (483-459
995 1211 1032 1240 3.
1065 1198 1180 1250 Chr.)
1227 1200 1305 1240 aut
1339 1197 1476 1239 Attali
1519 1198 1763 1251 postremis
1807 1198 1904 1238 eius
1951 1198 2078 1238 annis

18 1274 21 1287 ¹
105 1272 345 1324 (449-438
378 1285 416 1314 3.
448 1272 563 1325 Chr.)
594 1272 762 1314 factum
802 1273 987 1324 statueS,
1027 1272 1257 1312 evertetur
1293 1282 1345 1312 ea
1377 1271 1476 1324 ipsa
1509 1271 1637 1324 ratio,
1679 1281 1769 1323 qua
1798 1281 1889 1311 una
1919 1269 2078 1310 nititur

18 1344 21 1355 '
103 1345 324 1386 sententia
354 1344 689 1387 Haussoullieri.
739 1343 863 1386 Adde
894 1344 1019 1397 quod
1051 1344 1303 1384 litteratura
1332 1343 1497 1385 horum
1527 1343 1767 1384 titulorum
1799 1342 1974 1384 diversa
1996 1343 2076 1383 est.

103 1416 321 1458 Primaria
348 1428 458 1458 vero
489 1427 638 1470 causa,
670 1427 754 1457 cur
783 1416 839 1458 de
858 1415 1007 1457 Attalo
1032 1417 1049 1456 l
1080 1417 1365 1469 interpretari
1396 1417 1608 1469 praestet,
1640 1427 1691 1457 ea
1721 1417 1802 1469 est,
1833 1415 1956 1468 quod
1988 1426 2076 1456 non

104 1488 239 1535 modo
277 1489 363 1543 hic,
409 1489 501 1543 sed,
541 1490 620 1543 qui
649 1490 715 1530 rei
754 1488 888 1530 cardo
927 1490 1008 1541 est,
1047 1489 1092 1529 in
1124 1489 1222 1542 ipsa
1254 1499 1435 1530 summa
1474 1488 1641 1529 decreti
1679 1500 1723 1529 v.
1746 1490 1769 1528 7
1813 1487 2077 1541 simpliciter

103 1558 276 1617 βασιλέα
304 1557 504 1604 Ἄτταλον
535 1562 700 1614 legitur
730 1572 876 1614 neque
907 1562 1176 1613 cognomine
1208 1572 1352 1614 neque
1392 1562 1606 1614 paternae
1639 1561 1824 1613 originis
1856 1559 2075 1613 significa-

101 1634 222 1675 tione
252 1633 475 1676 adiuncta.
535 1634 649 1677 Nam
678 1633 813 1675 Attali
841 1634 859 1673 I
889 1634 1073 1687 quidem
1104 1634 1225 1674 tituli
1255 1634 1477 1686 cuiusque
1507 1634 1681 1686 generis
1714 1633 1770 1674 ad
1799 1644 1942 1674 unum
1977 1644 2075 1673 om-

102 1716 181 1747 nes
211 1706 299 1747 hoc
329 1706 522 1760 simplex
554 1706 866 1759 appellationis
899 1717 1039 1759 genus
1070 1705 1238 1747 habent
1269 1706 1325 1757 (n.
1347 1709 1442 1759 268,
1467 1708 1504 1747 4.
1537 1708 1633 1758 273,
1652 1709 1690 1746 4.
1724 1709 1820 1759 280,
1845 1708 1882 1746 4.
1916 1708 2012 1758 284,
2035 1707 2074 1745 4.

101 1781 197 1831 282,
222 1782 259 1819 4.
299 1781 457 1832 283,⁴.
501 1780 597 1832 284,
622 1782 659 1820 4.
700 1781 859 1831 289‚⁴.
916 1776 1046 1831 sym
1067 1781 1160 1831 286,
1188 1781 1228 1820 4.
1274 1781 1370 1830 296,
1399 1782 1438 1819 2.
1482 1781 1578 1830 299,
1602 1781 1640 1818 2.
1682 1780 1777 1831 306,
1809 1780 1845 1818 7.
1886 1781 1983 1831 588,
2007 1780 2073 1818 64.

102 1852 197 1891 405.
222 1853 315 1892 483.
357 1853 452 1904 846,
484 1854 522 1891 3.
580 1850 888 1891 Alterthiimer
927 1861 1021 1892 von
1062 1851 1308 1902 Pergamon
1335 1849 1447 1903 VIII,
1482 1852 1496 1889 4
1544 1860 1586 1902 p.
1612 1852 1656 1889 34
1705 1861 1746 1890 n.
1772 1852 1837 1902 30,
1870 1853 1907 1890 3.
1953 1860 1995 1902 p.
2022 1853 2071 1890 38

21 1944 23 1950 =
99 1933 140 1963 n.
164 1923 231 1976 43,
256 1925 293 1962 4.
318 1925 355 1963 2.
397 1923 463 1975 44,
486 1926 524 1963 4.
548 1925 586 1963 2.
627 1924 694 1976 45,
720 1925 757 1964 4.
781 1925 818 1963 2.
860 1933 903 1975 p.
927 1926 1006 1963 460
1040 1934 1081 1963 n.
1105 1925 1202 1976 247,
1226 1922 1264 1974 4)
1295 1933 1444 1975 neque
1465 1921 1655 1963 dubium
1676 1923 1758 1975 est,
1790 1922 1901 1974 quin
1931 1923 2073 1975 patris

98 2005 262 2037 nomen
292 1996 534 2048 propterea
563 1996 821 2036 constanter
851 1996 1065 2048 taceatur,
1099 1995 1205 2048 quia
1235 1995 1273 2036 is
1304 1996 1510 2048 privatus
1531 1994 1627 2036 fuit.
1678 1994 1811 2043 Quod
1841 1996 1997 2036 contra
2027 1995 2071 2035 in

21 2103 23 2130 ἢ
97 2066 242 2109 Attalo
267 2068 306 2108 11
337 2067 480 2120 probe
511 2067 827 2120 distinguenda
848 2069 955 2109 sunt
980 2068 1329 2121 inscriptionum
1351 2079 1524 2120 genera.
1578 2067 1850 2121 Simpliciter
1881 2065 2073 2122 βασιλεὺς

21 2135 23 2199 J
95 2134 292 2186 Ἄτταλος
322 2140 485 2193 legitur
514 2140 559 2181 in
590 2140 786 2182 formula
807 2140 966 2186 initiali
988 2141 1287 2194 epistularum
1310 2141 1429 2193 regis
1452 2140 1506 2192 (n.
1531 2143 1627 2193 345,
1652 2143 1717 2181 33.
1752 2143 1846 2194 334,
1870 2139 1929 2193 5);
1962 2141 2071 2181 item

95 2211 176 2253 ubi
195 2213 241 2253 in
262 2214 418 2254 tenore
438 2213 682 2254 cuiuslibet
702 2213 821 2254 tituli
843 2213 1047 2266 qualibet
1078 2214 1133 2255 de
1154 2224 1292 2255 causa
1321 2214 1439 2266 regis
1461 2214 1630 2254 mentio
1652 2212 1714 2267 fit,
1746 2224 2070 2266 nonnunquam

22 2306 23 2326 ;
96 2284 270 2325 nudum
311 2282 507 2339 βασιλεὺς
535 2280 735 2332 Ἄτταλος
775 2286 974 2327 occurrit
1005 2286 1060 2338 (n.
1084 2289 1180 2339 326,
1199 2286 1290 2338 48);
1326 2286 1471 2327 multo
1510 2285 1790 2338 frequentius
1821 2296 2069 2337 cognomen

95 2352 364 2414 Φιλάδελφος
395 2357 655 2410 adiungitur
686 2357 742 2408 (n.
766 2360 861 2411 349,
882 2362 949 2399 45.
991 2361 1086 2412 323,
1111 2361 1178 2399 47.
1219 2361 1314 2412 329,
1338 2362 1375 2399 5.
1402 2361 1467 2398 37.
1493 2358 1574 2410 38),
1613 2358 1690 2398 sed
1730 2358 1873 2410 patris
1905 2369 2069 2399 nomen

96 2440 151 2470 ne
181 2429 255 2470 hic
285 2429 467 2482 quidem
499 2430 603 2471 addi
634 2430 883 2471 consuevit.
933 2431 1136 2483 Denique
1166 2430 1286 2471 idem
1318 2430 1438 2472 cadit
1469 2430 1514 2470 in
1534 2431 1752 2483 temporis
1774 2429 2068 2471 definitiones.

95 2501 157 2543 Cf.
189 2512 231 2542 n.
255 2504 351 2555 325,
373 2504 411 2542 ⁴:
446 2498 737 2555 βασιλεύοντος
766 2496 963 2544 Ἀττάλου
996 2499 1285 2559 Φιλαδέλφου.
1341 2502 1471 2551 Quod
1502 2503 1661 2543 contra
1689 2503 1809 2543 tituli
1841 2502 2066 2543 donorum

96 2585 120 2614 a
160 2584 263 2625 rege
309 2573 378 2614 dis
418 2573 726 2615 dedicatorum
759 2586 993 2627 nunquam
1038 2576 1251 2628 paternae
1296 2574 1480 2627 originis
1527 2574 1848 2627 significatione
1893 2577 2067 2627 carent;

97 2641 290 2700 βασιλεὺς
319 2641 516 2692 Ἄτταλος
550 2642 758 2700 βασιλέως
788 2640 983 2689 Ἀττάλου
1016 2658 1058 2688 n.
1084 2650 1179 2700 347,
1204 2651 1241 2688 4.
1276 2650 1319 2687 34
1334 2651 1372 2700 8,
1397 2650 1434 2688 4.
1478 2649 1572 2700 327,
1598 2651 1635 2687 4.
1671 2650 1766 2699 328,
1790 2650 1827 2688 4.
1878 2646 2065 2688 Alterth.

94 2717 565 2771 v.PergamumVIII,l
603 2729 646 2771 p.
663 2721 743 2758 426
777 2730 818 2759 ιι.
835 2721 931 2772 248,
948 2721 984 2759 4.
1008 2722 1047 2761 2.
1094 2719 1218 2760 Idem
1235 2719 1355 2760 cadit
1369 2719 1414 2760 in
1431 2718 1789 2772 subscriptiones
1812 2721 2064 2761 statuarum

94 2790 223 2842 regis.
286 2789 346 2831 Cf.
379 2801 420 2830 n.
444 2793 539 2843 320,
563 2793 600 2831 4.
623 2793 661 2831 2.
713 2790 830 2839 Quid
859 2802 967 2833 vero
999 2792 1045 2833 in
1076 2792 1267 2833 decretis
1298 2792 1551 2833 honorariis
1581 2792 1722 2833 moris
1753 2792 1900 2845 fuerit,
1933 2792 2067 2833 docet

24 2865 27 2907 ’,
94 2862 418 2915 populiscitum
447 2861 727 2915 Delphorum
757 2861 885 2917 Syll.2
905 2867 1002 2918 306,
1033 2864 1115 2906 ubi
1134 2876 1177 2906 v.
1202 2867 1224 2905 7
1258 2864 1423 2916 legitur
1455 2861 1604 2919 ἐπειδὴ
1645 2861 1838 2918 βασιλεὺς
1866 2860 2065 2910 Ἄτταλος

95 2931 297 2988 βασιλέως
325 2929 522 2977 Ἀττάλου
545 2932 841 2977 -ἀπέστειλε
871 2940 944 2993 τῆι
974 2934 1097 2978 πόλει
1124 2934 1233 2990 κτλ.,
1266 2948 1371 2978 cum
1403 2949 1444 2978 v.
1469 2940 1534 2978 56.
1560 2940 1610 2977 57
1645 2949 1700 2978 ex
1730 2948 1857 2978 more
1888 2937 2066 2990 simpli-

25 3007 27 3013 ’
93 3006 206 3047 citer
233 3003 410 3060 [καθ]ὼς
441 3005 721 3059 blateronum:
753 3004 872 3064 ὑπ]ὲρ
902 3007 974 3051 τὸν
1007 3006 1182 3064 βασιλέα
1209 3004 1424 3063 Ἄτταλον,
1455 3021 1499 3050 v.
1524 3012 1574 3049 67
1608 3007 1678 3051 ἐπὶ
1707 3006 1782 3050 τὰν
1814 3006 1959 3050 εἰκόνα
1988 3011 2062 3050 τοῦ

95 3075 299 3132 βασιλέως
348 3073 545 3122 Ἀττάλου
589 3079 777 3121 dicatur.
854 3081 970 3122 Satis
1015 3081 1294 3123 confidenter
1336 3082 1474 3134 igitur
1524 3082 1808 3135 pronuntiari
1858 3082 1973 3134 licet,
2025 3082 2063 3122 si

92 3148 226 3192 Attali
255 3151 294 3191 11
323 3153 474 3192 essent
503 3151 577 3192 hic
607 3152 815 3207 honores,
852 3152 1056 3195 futurum
1086 3153 1226 3195 fuisse
1255 3155 1308 3194 ut
1339 3155 1383 3194 et
1411 3165 1454 3194 v.
1479 3156 1502 3193 2
1535 3155 1581 3194 et
1610 3166 1652 3196 v.
1676 3157 1698 3193 7
1741 3150 1947 3208 βασιλέως
1978 3148 2062 3196 Ἀτ-

27 3239 29 3244 '
91 3219 220 3264 τάλου
252 3223 506 3265 adderetur.
563 3222 720 3276 Neque
760 3221 845 3277 [διὰ
873 3223 1104 3284 προ]γόνων
1135 3226 1460 3280 impedimento
1502 3227 1621 3279 sunt,
1662 3226 1909 3278 quominus
1939 3225 2062 3267 Atta-

93 3293 186 3335 lum
215 3296 233 3336 Ι
263 3295 597 3350 intellegamus3
637 3307 784 3349 neque
823 3298 942 3339 enim
981 3299 1175 3340 maiores
1215 3308 1425 3351 regnasse
1455 3298 1754 3351 praedicatur,
1797 3298 1876 3340 sed
1907 3299 2061 3340 amici-

28 3358 29 3381 ³
92 3365 200 3408 tiam
239 3368 303 3409 eis
341 3379 446 3409 cum
475 3367 803 3421 Aptaraeorum
843 3370 1026 3412 civitate
1070 3371 1400 3422 intercessisse3
1440 3370 1563 3422 quod
1605 3370 1659 3411 de
1698 3370 1846 3411 Attalo
1875 3370 2011 3412 Attali
2044 3373 2061 3412 I

95 3440 232 3492 patre,
273 3440 327 3480 de
359 3441 606 3482 Philetaero
637 3441 733 3481 eius
763 3443 940 3496 patruo,
979 3443 1035 3483 de
1065 3443 1264 3484 Eumene
1294 3444 1311 3481 Ι
1343 3443 1440 3483 eius
1480 3442 1615 3483 fratre
1646 3443 1839 3496 patrueli
1876 3444 2059 3485 credere

94 3510 203 3562 quid
246 3512 484 3565 prohibeat
529 3524 619 3554 non
662 3513 807 3555 video.
981 3519 1005 3555 2
1047 3515 1273 3568 Oppidum
1312 3514 1451 3555 situm
1490 3515 1534 3555 in
1576 3514 1841 3556 occidentali
1885 3517 2058 3558 insulae

94 3581 247 3624 Cretae
275 3586 403 3637 parte
431 3595 521 3626 non
551 3585 680 3638 longe
711 3597 734 3626 a
765 3586 867 3628 sinu
896 3588 1036 3629 maris
1066 3600 1091 3629 a
1122 3586 1505 3640 septentrionibus
1541 3587 1789 3629 introrsum
1821 3591 2057 3642 penetran-

94 3653 150 3695 tis
183 3656 399 3699 orientem
430 3668 591 3699 versus
627 3669 652 3699 a
683 3657 883 3711 Cydonia
914 3656 1100 3713 (Kamia)
1138 3660 1186 3700 in
1225 3659 1414 3712 planicie
1454 3659 1739 3715 fertilissima,
1778 3673 1893 3714 quae
1922 3662 2054 3705 hodie
