2314 3970
108 190 204 241 229]
492 187 679 227 Pactum
709 185 827 226 inter
858 186 1135 237 smyrnaeos
1167 186 1212 224 et
1241 182 1411 224 incolas
1442 182 1705 233 Magnesiae.
1982 181 2084 232 375

248 358 360 430 περὶ
387 357 480 427 ο[ὖ]
510 353 862 428 ΙἈλέΕανὸρος
875 359 920 392 53
938 354 1253 427 γεγράφηκεν
1265 358 1326 423 ⁵4,
1354 352 1486 407 εἶναι
1514 353 1681 412 αὐτοῖς
1708 353 2082 421 ἀδεκατεύτους,

247 445 333 499 καὶ
383 441 474 498 ἐὰν
520 443 960 515 προσορισθῇ55ἡ
1010 442 1158 514 χώρα
1203 443 1264 512 ἣν
1314 440 1517 512 ἔχουσιν
1568 441 1615 492 οἱ
1659 441 1897 511 πρότερον
1950 440 2085 499 ὄντες

247 533 311 601 ἐμ
357 528 651 601 Μαγνησίαι
702 527 988 582 κάτοωιοι56
1031 533 1115 598 τῆι
1158 529 1303 580 πόλει
1353 532 1438 597 τῆι
1490 528 1751 598 ἡμετέραι,
1794 527 1800 597 Ι
1842 525 2084 598 ὑπάρχειν

249 617 416 676 αὐτοῖς
453 614 567 675 τοὺς
605 616 735 687 τρεῖς
773 617 1048 686 κλήρους57
1086 609 1341 685 δωρεάν58
1377 612 1464 665 καὶ
1513 613 1602 684 τὴν
1645 614 1874 667 ἀτέλειαν
1917 614 2085 673 αὐτοῖς

249 705 410 773 μένειν
449 703 536 774 τὴν
576 706 659 756 νῦν
701 700 1049 773 ὑπάρχουσαν·
1100 699 1187 752 καὶ
1229 701 1342 752 ὅσοι
1391 699 1552 751 αὐτῶν
1599 701 1724 753 εἰσιν
1765 700 2087 772 ἀκληρούχη-

246 792 392 857 τοι59,
437 789 653 859 δοθῆναι
692 789 860 847 αὐτοῖς
897 786 1118 857 κλῆρο[ν]
1160 786 1166 856 Ι
1210 784 1404 838 ἱππικὸν
1418 787 1462 822 ⁶⁰
1489 783 1684 855 δωρεὰν
1711 789 1809 839 τῶν
1846 807 2089 858 παρακει-

250 877 408 947 μένων
448 878 539 928 τῶι
575 875 794 947 χωρίωι·
836 872 1076 944 ὑπάρχειν
1117 871 1172 924 δὲ
1210 869 1297 924 καὶ
1334 869 1580 941 Τίμωνι61
1618 870 1739 942 κα[ὶ]
1779 873 1880 932 τοῖς
1917 875 2088 932 πεζοῖς

245 963 350 1022 τοῖς
399 962 715 1033 τεταγμένοις
763 959 854 1014 ὑπὸ
894 958 1101 1030 Τίμωνα
1145 958 1248 1017 τοῖς
1300 958 1663 1028 ἀποταχθεῖσιν
1715 958 1813 1011 ἀπὸ
1860 964 1949 1030 τῆς
1988 958 2090 1030 φά-

246 1050 430 1120 λαγγος
471 1047 478 1120 Ι
520 1048 600 1102 ἐπὶ
638 1048 726 1119 τὴν
767 1045 995 1118 φυλακὴν
1022 1048 1109 1097 τοῦ
1146 1044 1339 1115 χωρίου
1377 1045 1466 1114 τήν
1493 1064 1546 1096 τε
1583 1045 1835 1098 πολιτείαν
1875 1044 1962 1098 καὶ
1999 1046 2087 1116 τὴν

249 1135 402 1207 αὐτὴν
445 1136 674 1188 ἀτέλειαν
712 1133 783 1205 [ἢ]
833 1132 920 1185 καὶ
957 1133 1060 1191 τοῖς
1099 1131 1272 1190 ἄλλοις
1312 1129 1546 1202 ὑπάρχει,
1600 1129 1685 1184 καὶ
1730 1130 1860 1184 εἶναι
1910 1132 2090 1192 αὐτοὺς

138 1236 218 1277 105
251 1224 302 1276 ἐν
341 1225 434 1275 τῶι
457 1221 677 1293 χωρίωι·
718 1218 959 1291 ὑπάρχειν
1000 1217 1055 1271 δὲ
1094 1217 1180 1270 καὶ
1214 1213 1417 1288 Ὠμάνει
1443 1216 1530 1270 καὶ
1556 1217 1658 1277 τοῖς
1689 1216 1705 1288 ss
1737 1217 1960 1288 Πέρσαις
1987 1221 2089 1278 τοῖς

249 1307 341 1360 ὑπὸ
377 1304 599 1377 Ὠμάνην
637 1305 724 1359 καὶ
761 1307 863 1365 τοῖς
903 1304 999 1358 ἀπὸ
1029 1304 1262 1375 Σμύρνης
1289 1304 1639 1357 ἀποσταλεῖσιν
1679 1303 1760 1356 ἐπὶ
1797 1305 1886 1376 τὴν
1927 1309 2092 1376 φυλα-

220 1499 271 1538 53
311 1496 392 1537 Hic
422 1496 667 1548 vestigium
699 1495 1016 1548 assignationis
1047 1505 1260 1546 agrorum
1293 1493 1349 1535 ab
1376 1494 1629 1536 Alexandro
1651 1495 1810 1547 Magno
1843 1494 1986 1536 factae
2017 1495 2092 1536 de-

103 1568 397 1622 prehendisse
428 1568 516 1609 sibi
546 1568 675 1610 visus
697 1569 767 1609 est
786 1568 1008 1621 Droysen,
1042 1567 1198 1608 Gesch.
1222 1566 1301 1608 des
1323 1566 1431 1607 Hell.
1454 1567 1484 1620 I,
1511 1570 1533 1606 2
1566 1578 1609 1619 p.
1635 1570 1730 1608 294.
1778 1568 1850 1621 ΙΙΙ,
1873 1571 1896 1607 2
1931 1579 1973 1620 p.
1994 1571 2091 1609 496.

102 1641 284 1682 Rectius
313 1640 624 1693 Waddington
662 1639 718 1681 ad
747 1639 934 1680 titulum
966 1637 1094 1692 Syll.2
1114 1642 1196 1680 246
1241 1638 1293 1679 de
1332 1639 1495 1679 eodem
1524 1638 1792 1693 Alexandro,
1833 1639 2043 1682 Antiochi
2075 1641 2093 1680 Ι

20 1711 22 1716 “
104 1713 312 1754 ministro
344 1713 422 1754 aut
452 1713 645 1766 satrapa,
676 1711 908 1765 intellegit,
942 1712 1021 1764 qui
1053 1711 1144 1752 illic
1172 1722 1215 1752 v.
1241 1713 1292 1751 47
1326 1712 1407 1752 est.
1468 1710 1792 1764 Waddingtoni
1823 1713 2093 1753 sententiam

22 1792 23 1804 ³
104 1785 372 1826 certissimis
394 1785 672 1837 argumentis
702 1783 901 1824 firmavit
925 1783 1168 1824 Feldmann
1192 1794 1235 1835 p.
1255 1784 1336 1823 ⁴84
1355 1793 1453 1835 sqq.
1505 1783 1634 1824 Hunc
1657 1795 1764 1825 vero
1786 1783 2092 1824 Alexandrum

103 1856 295 1898 fortasse
325 1868 415 1898 non
446 1856 679 1898 diversum
710 1866 810 1896 esse
841 1867 867 1896 a
896 1855 1033 1896 fratre
1064 1855 1279 1896 Laodices
1309 1855 1503 1908 reginae,
1543 1856 1622 1907 qui
1652 1856 1862 1896 Antiochi
1893 1855 2094 1898 Hieracis

23 1940 25 1986 ξ
105 1929 295 1971 consilia
331 1928 577 1970 adiuvabat
618 1927 854 1980 (Eusebius
886 1927 1089 1969 Chron.I
1121 1938 1164 1980 p.
1188 1930 1285 1980 254,
1310 1931 1359 1967 47
1395 1928 1608 1979 Schoene)
1650 1928 1950 1981 probabiliter
1988 1940 2094 1970 con-

105 2002 210 2042 iecit
237 2001 284 2042 B.
308 2000 440 2043 Niese
471 2001 628 2042 Gesch.
652 2000 731 2040 der
761 2011 824 2052 gr.
851 2011 895 2041 u.
921 2000 1036 2040 mak.
1061 2000 1240 2040 Staaten
1261 2000 1300 2039 II
1331 2010 1374 2052 p.
1401 2002 1479 2040 454
1513 2002 1604 2041 not.
1629 2003 1667 2040 2.
1818 2003 1871 2042 54
1912 2001 1977 2041 De
2007 2001 2095 2042 hoc

24 2063 25 2075 ¹
105 2073 191 2115 alio
222 2072 364 2115 verbo
403 2074 547 2114 utitur
585 2083 638 2114 ac
675 2072 731 2112 de
760 2072 985 2113 Antiocho
1018 2073 1050 2125 I,
1093 2072 1201 2124 quia
1236 2083 1327 2113 non
1365 2072 1463 2125 ipse
1492 2072 1744 2114 Alexander
1785 2073 2096 2125 assignaverat

105 2156 250 2199 agros,
291 2145 371 2186 sed
409 2145 546 2187 modo
585 2145 704 2197 regis
743 2144 797 2185 de
835 2155 996 2186 eorum
1043 2145 1346 2196 assignatione
1389 2144 1625 2186 decretum
1672 2156 1753 2198 per
1784 2145 1957 2186 litteras
1988 2157 2094 2186 cum

25 2210 27 2259 ἰ
105 2217 278 2259 colonis
324 2218 758 2259 communicaverat.
811 2217 853 2257 F.
931 2216 1183 2257 Perfectum
1223 2213 1476 2273 γεγράφηκα
1522 2216 1734 2258 inferiore
1781 2219 1927 2258 aetate
1973 2217 2096 2258 haud

25 2270 28 2312 3
104 2289 376 2343 infrequens.
429 2289 490 2330 Cf.
521 2289 683 2330 Berlin.
706 2300 770 2341 gr.
795 2288 893 2330 Urk.
917 2289 954 2328 11
984 2299 1027 2341 p.
1052 2290 1132 2329 249
1165 2300 1206 2329 n.
1230 2291 1325 2342 605,
1350 2291 1366 2327 4
1405 2285 1581 2339 καθ(ὼ)ς
1603 2286 1872 2345 γεγράφηκέν
1896 2303 1970 2344 μοι
1990 2287 2018 2344 ἡ
2042 2288 2094 2344 σὴ

26 2355 28 2374 ²
104 2359 387 2418 ἀδελφ(ότης).
427 2360 611 2403 Notices
627 2362 671 2401 et
688 2360 876 2401 extraits
899 2359 978 2401 des
998 2361 1271 2402 manuscrits
1283 2359 1424 2400 XVIII
1441 2363 1465 2400 2
1491 2361 1520 2413 (4
1535 2360 1630 2412 865)
1649 2372 1692 2414 p.
1706 2363 1788 2402 248
1807 2372 1848 2401 n.
1862 2364 1906 2401 24
1925 2359 2007 2414 bis,
2028 2364 2095 2402 40.

104 2444 148 2486 p.
173 2436 255 2474 253
298 2444 340 2474 n.
365 2435 410 2473 24
430 2434 506 2486 ter,
539 2435 591 2472 48
633 2429 1071 2488 καταγεγραφηκέναι.
1256 2435 1308 2472 55
1349 2431 1410 2472 Cf.
1445 2431 1562 2475 2244.
1747 2436 1801 2474 56
1840 2433 2095 2474 Boeckhius

28 2514 29 2566 }
106 2505 325 2558 pristinos
356 2505 608 2557 Magnesiae
638 2504 807 2545 incolas
850 2503 1065 2556 expulsos
1106 2514 1212 2544 cum
1244 2503 1419 2544 colonia
1449 2504 1647 2544 militum
1688 2504 1752 2545 ibi
1793 2505 2097 2546 collocaretur

107 2577 274 2618 alicubi
303 2578 349 2618 in
381 2588 488 2630 agro
520 2576 778 2617 consedisse
809 2576 962 2629 sumit,
1001 2576 1080 2628 qui
1118 2576 1193 2616 hic
1223 2575 1542 2617 indicarentur.
1606 2576 1771 2618 Contra
1801 2587 1940 2629 quem
1971 2577 2096 2618 Feld-

28 2640 31 2692 ζ
106 2659 300 2690 mannus
330 2650 453 2689 recte
482 2649 648 2701 monet,
679 2645 906 2694 κατοίκους
936 2648 981 2688 in
1012 2648 1100 2689 hoc
1123 2648 1256 2689 titulo
1280 2659 1461 2701 semper
1482 2648 1649 2689 milites
1679 2650 1726 2689 in
1747 2649 1937 2690 coloniis
1959 2649 2096 2690 collo-

30 2751 31 2763 .
107 2722 246 2774 catos,
292 2732 383 2762 non
428 2720 566 2773 cives,
612 2730 723 2762 esse.
785 2721 941 2773 Itaque
981 2719 1036 2760 de
1073 2720 1297 2762 militibus
1333 2722 1412 2774 qui
1450 2721 1559 2761 olim
1601 2721 1808 2762 coloniae
1842 2722 2096 2774 Magnesiae

30 2825 31 2832 ,
106 2793 351 2846 participes
382 2792 561 2845 fuerint,
593 2792 672 2833 sed
702 2792 807 2833 inde
835 2792 1245 2844 Palaemagnesiam
1276 2794 1536 2835 transierint
1567 2795 1611 2834 et
1641 2794 1758 2834 inter
1782 2793 2097 2846 Palaemagne—

31 2880 32 2900 1
106 2867 176 2907 tas
212 2865 356 2907 habiti
402 2866 504 2918 sint,
549 2866 638 2906 hoc
686 2865 915 2918 intellegit,
966 2867 1090 2906 recte
1130 2866 1177 2906 ni
1221 2865 1364 2910 fallor.
1430 2866 1618 2919 Reliqua
1663 2877 1772 2908 vero
1816 2878 1954 2919 quam
1992 2878 2098 2919 pro-

31 2932 34 2996 }
107 2937 263 2990 posuIt
301 2937 389 2978 loci
427 2937 742 2978 obscurissimi
771 2938 1083 2990 interpretatio
1121 2938 1257 2979 nimis
1290 2937 1536 2979 artificiosa
1575 2939 1687 2979 mihi
1724 2938 1908 2979 videtur
1949 2949 2097 2990 neque

32 2996 34 3011 '
110 3009 167 3051 ad
196 3009 563 3063 persuadendum
595 3009 952 3051 accommodata.
1113 3013 1164 3050 57
1206 3010 1350 3051 Unum
1383 3021 1519 3063 quem
1554 3011 1661 3051 olim
1693 3012 1960 3063 acceperant
1991 3021 2098 3050 cum

109 3081 361 3134 Magnesiae
381 3081 529 3122 coloni
550 3081 881 3123 collocarentur
911 3082 1016 3134 (not.
1041 3082 1123 3134 56),
1155 3081 1272 3123 duos
1294 3093 1410 3135 quos
1432 3094 1538 3123 cum
1561 3075 1948 3134 Palaemagnesiae
1971 3081 2098 3123 habi-

34 3168 35 3186 1
111 3153 259 3194 tarent
286 3153 534 3194 Antiochus
564 3153 582 3192 I
613 3154 658 3193 et
686 3152 937 3194 Alexander
976 3154 1041 3195 eis
1079 3155 1425 3206 assignaverunt
1465 3155 1520 3205 (v.
1555 3157 1647 3194 400.
1679 3154 1790 3206 404).
1941 3157 1992 3194 58
2031 3154 2098 3195 Ita

34 3251 36 3264 .
113 3226 164 3265 ut
183 3225 410 3266 immunes
433 3226 533 3266 sint.
581 3225 751 3266 Selden.
797 3226 994 3268 Boeckh.
1142 3229 1194 3267 59
1237 3226 1321 3274 Qui
1342 3228 1447 3279 post
1470 3226 1568 3267 illas
1594 3237 1810 3278 agrorum
1835 3225 2096 3278 divisiones,

34 3317 37 3346 2
115 3307 308 3348 quarum
337 3310 379 3339 v.
405 3301 486 3338 400
528 3298 697 3339 mentio
737 3297 800 3351 fit,
842 3298 1027 3339 demum
1067 3299 1476 3351 Palaemagnesiam
1518 3300 1749 3339 venerant.
1905 3301 1954 3338 60
1995 3298 2097 3339 Sor-

35 3349 38 3430 ἶ
115 3368 206 3408 tem
237 3370 421 3411 maioris
454 3380 692 3410 mensurae
723 3381 861 3422 quam
892 3370 1034 3423 pediti
1065 3371 1162 3412 dari
1192 3371 1477 3412 consueverit
1506 3371 1862 3423 interpretantur
1892 3369 2095 3411 Maffeius

36 3484 40 3510 ,
117 3441 161 3480 et
178 3439 441 3483 Boeckhius.
596 3445 638 3482 64
690 3440 812 3489 Quae
843 3445 1097 3495 sequuntur
1129 3444 1286 3496 copiae
1317 3443 1503 3483 minime
1526 3442 1869 3483 confundendae
1900 3453 2006 3482 cum
2031 3443 2095 3483 eis

117 3510 345 3562 peditibus
376 3514 712 3568 equitibusque,
752 3526 947 3566 quorum
980 3526 1118 3568 supra
1148 3515 1392 3556 identidem
1425 3515 1595 3555 mentio
1627 3514 1689 3555 fit.
1749 3514 1814 3555 Illi
1845 3514 2097 3567 Magnesiae

117 3581 319 3624 habitant
350 3584 566 3638 (κάτοικοι)
600 3588 678 3627 aut
707 3597 850 3639 prope
880 3588 1154 3640 Magnesiam
1185 3588 1230 3628 in
1262 3588 1421 3628 castris
1455 3588 1560 3628 sunt
1591 3583 1833 3645 (ὕπαιθροι),
1871 3586 1916 3627 hi
1946 3586 2096 3627 Palae—

42 3661 45 3715 ᾗ
117 3657 372 3706 magnesiae
403 3658 616 3711 praesidii
648 3669 782 3699 causa
815 3659 1022 3701 collocati
1055 3661 1174 3701 sunt.
1217 3660 1262 3701 B.
