2314 3970
83 218 178 271 374]
586 216 857 258 Mithridatis
887 215 1129 269 Eupatoris
1160 215 1295 256 amici
1325 215 1370 255 et
1400 213 1552 255 duces.
1951 214 2054 264 579

224 389 577 461 ἐγχειριδίουῖ,
617 389 911 460 τεταγμένον
953 387 1007 442 δὲ
1044 387 1050 459 Ι
1091 386 1177 441 καὶ
1216 386 1298 442 ἐπὶ
1334 390 1430 440 τῶν
1472 383 1734 457 δυνάμεων
1773 385 2021 456 βασιλέως
2045 382 2062 456 ΙΙ

165 491 190 532 5
222 474 557 548 Μιθραδάτου
603 474 914 548 Εὐπάτορος,
963 476 989 529 ὁ
1039 473 1198 547 ἱερεὺς
1246 473 1251 545 Ι
1291 470 1537 533 Ἡλιάναξ
1576 469 2011 544 Ἀσκληπιοδώρου
2052 471 2059 541 Ι

214 559 520 634 Ἀθηναῖος3
557 563 714 624 θεοῖς.

78 739 270 793 prodere
300 751 491 792 regnum
522 740 734 781 Romanis
766 739 893 780 visus
934 738 1234 790 everteretur;
1272 738 1428 778 utrum
1469 738 1654 778 necatus
1695 748 1751 778 an
1790 735 1839 776 in
1875 734 2063 776 exilium

81 813 248 854 missus
279 813 338 853 sit
368 824 423 853 ex
453 813 637 866 ancipiti
659 810 891 853 Strabonis
922 809 1150 852 locutione
1172 821 1260 851 non
1281 809 1441 851 elucet.
1487 810 1527 850 S.
1549 810 1597 850 R.
1745 812 1770 848 2
1809 807 2065 850 Amanuen-

0 891 1 904 ¹
79 896 189 938 sem,
220 885 248 926 i.
271 896 307 927 e.
340 885 638 926 secretarium
667 884 953 936 negotiorum
983 884 1271 937 privatorum
1303 882 1520 934 intellegit
1551 882 1590 923 S.
1613 882 1660 922 R.
1715 881 1802 922 Sed
1831 880 2064 935 quomodo

79 955 125 999 τὸ
156 954 407 1016 ἐγχειρίδιον
452 957 540 998 tale
570 956 681 1010 quid
712 956 964 1009 significare
993 956 1140 1009 possit
1170 966 1259 996 non
1291 954 1531 1007 perspicio.
1593 954 1694 994 Sine
1727 953 1865 994 dubio
1896 953 2066 994 rectius

79 1029 156 1070 Th.
177 1029 224 1070 R.
278 1029 557 1070 Mithridates
596 1029 799 1082 Eupator
828 1040 871 1083 p.
898 1032 980 1070 289
1016 1024 1267 1082 puyionem
1296 1027 1633 1080 interpretatur,
1677 1026 1758 1067 sed
1795 1037 1932 1079 quam
1970 1026 2066 1066 vim

80 1103 187 1144 huic
226 1101 360 1143 officii
407 1102 579 1143 nomini
623 1101 797 1143 tribuat
840 1113 930 1143 non
969 1098 1152 1142 indicat.
1221 1098 1324 1142 Mea
1361 1099 1546 1152 quidem
1586 1099 1807 1140 sententia
1845 1098 2069 1152 supplicia

79 1175 198 1227 regis
228 1174 358 1216 iussu
387 1185 470 1228 per
499 1174 732 1215 ministros
773 1185 882 1215 suos
921 1174 1106 1226 exsequi
1146 1172 1275 1213 illum
1308 1171 1562 1225 oportebat.
1623 1170 1685 1211 Cf.
1716 1170 1807 1212 Ael.
1841 1170 2066 1224 Lamprid.

82 1246 357 1289 Commodus
389 1258 426 1288 c.
451 1250 496 1287 6:
535 1247 727 1300 imaeque
760 1244 973 1301 primum
1003 1247 1092 1287 tres
1125 1241 1348 1300 praefecti
1368 1240 1600 1299 praetorio
1630 1241 1768 1297 fuere,
1810 1240 1931 1285 inter
1961 1255 2070 1298 quos

82 1316 322 1363 uberimus
351 1316 434 1374 qui
460 1331 492 1361 a
519 1316 722 1374 puyione
750 1317 1000 1374 appellatus
1030 1320 1103 1360 est.
1165 1319 1278 1359 Sane
1319 1317 1383 1358 ihi
1418 1329 1509 1358 non
1538 1327 1700 1358 verum
1738 1315 1874 1357 officii
1903 1327 2070 1357 nomen

81 1394 163 1446 est,
196 1392 276 1434 sed
307 1403 413 1434 cum
446 1391 608 1434 acerba
639 1391 847 1434 irrisione
877 1391 1050 1433 fictum.
1199 1394 1222 1431 3
1266 1390 1326 1432 Cf.
1357 1402 1400 1433 n.
1424 1393 1506 1431 258
1518 1388 1550 1431 4.

192 1615 299 1672 373
356 1621 578 1670 Marmor
615 1620 878 1670 inventum
916 1619 1037 1669 Deli.
1104 1619 1272 1685 Supra
1318 1619 1520 1668 titulum
1566 1633 1597 1667 a
1636 1619 1816 1668 dextra
1863 1617 2071 1683 anagly-

83 1707 245 1774 phum
307 1711 699 1774 repraesentans
760 1711 1053 1774 protomam
1124 1705 1344 1756 hominis
1407 1706 1597 1756 vestitu
1657 1705 1876 1755 militari.
1978 1704 2067 1753 Ed.

86 1795 134 1845 S.
159 1794 384 1844 Reinach
422 1796 545 1845 Bull.
582 1796 645 1846 de
679 1809 807 1844 corr.
838 1795 963 1844 Hell.
990 1794 1078 1843 VII
1113 1791 1288 1860 (1883)
1324 1809 1374 1859 p.
1400 1793 1493 1842 36⁴
1541 1807 1590 1842 n.
1613 1793 1668 1841 Μ
1720 1791 1826 1858 (Th.
1845 1790 2073 1842 Reinach

85 1881 397 1932 Mithridates
435 1883 661 1949 Eupator
696 1898 747 1949 p.
780 1882 880 1931 460
920 1897 967 1931 n.
1001 1883 1029 1931 9
1052 1878 1089 1931 d
1125 1881 1202 1931 ed.
1234 1878 1439 1947 Germ).

228 2023 414 2077 Γάϊον1
448 2021 743 2096 εΕρμαίοι)2
782 2021 1066 2095 Ἀμισηνόν,
1115 2023 1231 2093 [τῶν
1279 2023 1489 2094 πρώτων
1540 2023 1716 2095 φίλων]
1767 2020 1774 2094 Ι
1824 2022 2072 2093 βασιλέως

230 2110 564 2184 Μιθραδάτου
603 2109 957 2183 [Εὖπάτορος,]
1007 2111 1012 2182 Ι
1063 2112 1088 2163 ὁ
1131 2108 1292 2183 ἱερεὺς
1328 2105 1575 2169 <Ηλιοίναξ
1618 2105 2071 2181 Ἀσκληπι[οδώρου

221 2195 487 2270 Ἀθηναῖος
504 2200 541 2268 3]
585 2198 591 2271 Ι
632 2199 787 2259 θεοῖς.

200 2361 394 2403 Litterae
431 2362 604 2403 ΑΘΠΣ.
782 2363 798 2400 4
847 2358 909 2401 Cf.
948 2359 1061 2400 Plut.
1092 2359 1246 2413 Pomp.
1281 2362 1354 2401 42:
1400 2363 1478 2416 τῆς
1520 2354 1554 2400 δ’
1584 2356 1780 2417 ἐσθῆτος,
1825 2355 1879 2414 ἢν
1926 2354 2074 2414 ἐφόρει

86 2429 395 2491 (Μιθριδάτης),
433 2432 507 2475 καὶ
537 2437 620 2474 τῶν
653 2428 810 2473 ὅπλων,
830 2430 879 2474 τὸ
911 2429 1091 2488 μέγεθος
1120 2430 1194 2474 καὶ
1232 2431 1311 2489 τὴν
1342 2430 1626 2490 λαμπρότητα
1658 2429 1897 2487 ἐθαύμασε·
1936 2427 2074 2471 ’καίτοι

4 2549 8 2555 ,
83 2506 155 2549 τὸν
188 2505 265 2563 μὲν
298 2505 525 2565 ξιφιστῆρα
554 2502 842 2560 πεποιημένον
874 2501 958 2547 ἀπὸ
987 2501 1269 2561 τετρακοσίων
1301 2502 1520 2547 ταλάντων
1546 2502 1737 2552 Πόπλιος
1766 2501 1930 2561 κλέψας
1962 2501 2074 2544 ἐπώ-

84 2577 212 2638 λησεν
257 2573 498 2638 Ἀριαράθῃ,
543 2576 620 2633 τὴν
668 2576 715 2619 δὲ
759 2574 921 2636 κίταριν
968 2573 1131 2624 Γάϊος
1177 2575 1198 2620 ὁ
1243 2580 1336 2619 τοῦ
1382 2573 1726 2635 Μιθριδάτου
1774 2574 2074 2633 σύντροφος

87 2650 222 2694 ἔδωκε
260 2649 404 2709 ’κρύφα
442 2648 640 2706 δεηθέντι
677 2646 857 2706 Φαύστῳ
899 2649 961 2707 τῷ
994 2646 1138 2692 Σύλλα
1174 2648 1292 2692 παιδὶ
1329 2647 1583 2706 θαυμαστῆς
1625 2647 1754 2692 οὖσαν
1798 2646 2010 2707 ἐργασίας.
2051 2646 2073 2688 ὃ

83 2723 180 2767 τότε
207 2723 278 2766 τὸν
310 2721 538 2780 Πομπήϊον
571 2720 764 2766 διέλαθε·
803 2718 1034 2779 Φαρνάκης
1070 2721 1117 2764 δὲ
1146 2720 1271 2780 γνοὺς
1311 2719 1482 2781 ὕστερον
1515 2721 1812 2781 ἐτιμωρήσατο
1842 2720 1942 2768 τοὺς
1973 2718 2075 2778 ὑφε-

85 2794 307 2854 λομένους.
368 2796 449 2837 Hie
494 2795 630 2848 igitur
678 2795 762 2837 fuit
807 2795 1008 2848 aequalis
1055 2796 1172 2848 regis
1218 2796 1312 2837 nati
1351 2807 1388 2837 a.
1428 2798 1509 2836 ⁴32
1541 2808 1578 2837 a.
1609 2796 1710 2837 Chr.
1771 2795 1850 2836 Th.
1880 2794 2075 2835 Reinach

86 2870 376 2911 Mithradates
421 2869 623 2921 Eupator
665 2879 709 2921 p.
748 2870 799 2908 43
847 2870 941 2909 not.
972 2871 996 2908 2
1038 2867 1107 2909 ed.
1145 2868 1293 2909 Germ.
1471 2874 1495 2909 2
1535 2869 1713 2910 Patrem
1756 2868 1835 2908 Gai
1880 2866 2075 2908 eundem

87 2943 128 2984 S.
149 2942 345 2983 Reinach
382 2941 600 2993 intellegit
637 2941 908 2982 Hermaeum
945 2942 1027 2994 qui
1067 2953 1184 2982 anno
1217 2938 1317 2996 7lol3
1353 2953 1389 2982 a.
1421 2940 1522 2982 Chr.
1563 2943 1668 2994 post
1698 2941 1915 2993 Cyzicum
1953 2939 2076 2980 obsi-

87 3014 221 3056 dione
241 3015 478 3056 liberatam
498 3013 729 3067 peditibus
750 3014 868 3066 regis
889 3013 1135 3067 praefuerit
1156 3014 1379 3066 (Memnon
1399 3014 1442 3055 F.
1466 3015 1516 3055 H.
1537 3014 1584 3055 G.
1606 3015 1665 3054 ΙΙΙ
1687 3024 1730 3066 p.
1750 3015 1847 3066 546,
1877 3023 1915 3053 c.
1936 3014 2003 3065 40,
2023 3011 2074 3065 3),

88 3098 233 3140 neque
263 3086 565 3140 improbabile
584 3086 755 3127 iudicat
785 3087 1016 3128 hominem
1039 3087 1437 3140 septuagenarium
1468 3098 1521 3127 eo
1544 3085 1692 3127 officio
1725 3085 1931 3126 functum
1963 3095 2075 3125 esse.

87 3159 144 3201 At
174 3161 253 3202 Gai
283 3160 404 3201 illius
434 3161 625 3212 patrem,
657 3160 696 3200 si
726 3161 824 3200 tum
856 3161 1087 3213 superstes
1119 3159 1292 3213 fuisset,
1324 3171 1415 3201 non
1439 3159 1837 3212 septuagenarium
1870 3157 2074 3198 futurum

89 3231 241 3286 fuisse,
282 3232 362 3273 sed
392 3231 495 3284 plus
526 3243 666 3284 quam
698 3233 1051 3286 octogenarium,
1093 3232 1268 3273 collatis
1307 3231 1372 3272 eis
1404 3242 1521 3284 quae
1551 3232 1644 3272 not.
1667 3233 1691 3270 2
1724 3230 1780 3271 de
1812 3230 1890 3270 Gai
1931 3231 2076 3270 aetate

89 3306 242 3346 notata
272 3306 379 3346 sunt
408 3305 652 3358 repperies.
713 3303 860 3352 Quare
900 3305 1028 3346 illum
1071 3303 1300 3358 peditatus
1343 3303 1507 3345 ducem
1538 3303 1617 3344 Gai
1658 3304 1737 3344 aut
1776 3302 1961 3343 fratrem
1999 3303 2077 3342 aut

90 3376 201 3419 adeo
230 3377 374 3418 filium
405 3377 581 3418 avitum
612 3387 780 3418 nomen
810 3379 1040 3430 gerentem
1071 3376 1443 3418 existimaverim.
1595 3379 1616 3415 3
1657 3375 1718 3416 Cf.
1751 3386 1792 3415 n.
1817 3373 1940 3415 2584.

200 3598 311 3655 374
369 3604 513 3653 Basis
558 3617 860 3654 marmorea.
934 3605 1101 3670 Supra
1149 3604 1352 3653 titulum
1401 3617 1432 3651 a
1476 3603 1657 3652 dextra
1699 3600 1910 3651 inferior
1953 3617 2076 3668 pars

35 3708 37 3710 ·
94 3690 367 3757 anaglyphi
414 3691 589 3740 similis
636 3705 812 3741 eorum
863 3705 991 3756 quae
1040 3692 1091 3739 in
1137 3691 1340 3756 reliquis
1385 3688 1537 3738 huius
1580 3689 1781 3754 generis
1825 3689 2076 3755 lapidibus

1649 3787 1731 3830 37*
