2314 3970
84 222 153 275 90]
554 219 797 260 Ptolemaei
827 219 865 258 V
896 219 1242 260 monumentum
1271 217 1582 258 Rosettanum.
1954 217 2048 266 141

80 395 147 444 ad
183 394 235 442 id
271 397 475 459 tempus
521 394 584 442 de
621 393 766 443 titulo
804 393 993 459 scripta
1031 394 1177 442 erant
1212 391 1372 441 habes
1409 406 1461 457 p.
1490 390 1555 441 24
1580 405 1688 456 sqq.
1754 390 1812 439 R.
1842 390 2054 456 Person,

77 483 250 531 Tracts
289 481 390 529 and
428 481 810 530 miscellaneous
850 480 957 530 crit.
999 479 1075 530 ed.
1115 479 1207 528 Th.
1238 478 1370 527 Kidd
1405 493 1456 544 p.
1489 477 1606 526 ⁴83.
1669 477 1711 527 J.
1742 475 1798 526 G.
1827 477 2058 542 Droysen

75 567 246 617 Kleine
302 566 555 617 Schriften
605 567 649 614 II
703 582 754 632 p.
796 566 916 615 368.
965 566 1065 615 409
1126 580 1241 615 cum
1296 565 1355 615 U.
1399 563 1647 613 Wilckeni
1698 555 2056 613 additamentis

73 669 122 720 p.
154 653 272 702 440.
337 653 392 702 A.
421 653 463 702 J.
495 653 555 702 H.
579 653 792 702 Vincent
828 653 1002 702 Revue
1028 650 1416 717 archeologique
1441 651 1602 701 Nouv.
1634 651 1729 701 ser.
1756 650 1890 700 XVII
1919 650 2055 698 4868

74 757 124 807 p.
146 738 298 806 7sqq.
351 741 405 788 E.
426 740 678 789 Revillout
703 741 876 790 Revue
897 739 1035 789 arch.
1059 739 1220 789 Nouv.
1245 740 1339 788 ser.
1364 739 1567 789 XXXIV
1588 735 1723 787 ⁴877
1750 754 1800 805 p.
1822 738 1924 788 326
1945 752 2053 802 sqq.

74 829 116 877 J.
145 828 198 877 P.
226 825 449 892 Mahaffy
486 826 591 876 The
630 827 822 893 empire
860 826 918 875 of
945 825 1032 875 the
1058 825 1330 875 Ptolemies
1367 841 1416 891 p.
1449 826 1540 875 304
1574 841 1684 891 sqq.
1749 825 1808 875 U.
1826 823 2056 874 Wilcken

78 914 161 964 Gr.
191 912 409 963 Ostraka
433 914 454 961 I
478 929 528 979 p.
558 913 648 962 ⁴54
699 917 748 962 et
773 913 890 961 alibi
915 912 1122 979 passim.
1189 912 1251 960 M.
1280 912 1334 961 L.
1365 911 1546 961 Strack
1583 912 1673 960 Die
1701 911 1942 976 Dynastie
1968 910 2058 959 der

77 1001 360 1050 Ptolemaer
396 1015 446 1066 p.
481 1000 580 1050 426
605 1015 715 1066 sqq.
780 999 834 1048 E.
864 999 1191 1049 Kornemann
1235 1013 1319 1064 ap.
1361 998 1413 1048 C.
1442 998 1495 1048 F.
1525 997 1789 1047 Lehmann
1826 998 2058 1062 Beitrage

76 1102 168 1136 zur
204 1088 338 1136 alten
378 1086 677 1136 Geschichte
713 1087 734 1134 I
770 1101 820 1152 p.
853 1083 936 1135 76.
1002 1086 1056 1134 Ρ.
1087 1085 1258 1150 Meyer
1298 1086 1399 1134 Das
1426 1085 1731 1134 Heerwesen
1769 1084 1859 1134 der
1893 1085 2059 1133 Ptole-

79 1176 220 1223 miier
256 1173 362 1222 und
398 1173 586 1222 Romer
622 1173 672 1221 in
709 1172 971 1238 Aegypten
1010 1187 1060 1238 p.
1092 1172 1175 1221 60.

224 1298 590 1359 Βασιλεύοντος
627 1302 714 1352 τοῦ
752 1299 901 1352 νέου1
937 1298 1024 1352 καὶ
1060 1300 1441 1370 παραλαβόντος
1486 1299 1574 1370 τὴν
1621 1298 1880 1370 βασιλείαν
1918 1294 2058 1368 παρὰ

220 1390 308 1440 τοῦ
345 1385 561 1457 πατρὸς2
599 1385 770 1458 κυρίου
809 1387 1108 1457 βασιλειῶν3
1148 1387 1497 1457 μεγαλοδόξου,
1549 1388 1637 1437 τοῦ
1683 1384 1772 1456 τὴν
1812 1381 2060 1455 Αἴγυπτον

192 1535 384 1575 Litterae
415 1545 508 1574 non
538 1534 601 1574 ita
631 1535 840 1575 accurate
870 1533 1051 1586 incisae,
1083 1532 1283 1584 volgaris
1314 1533 1361 1573 in
1380 1533 1647 1573 universum
1675 1530 1861 1585 quidem
1893 1530 2063 1572 formae

80 1608 258 1660 praeter
285 1607 422 1659 ΞΠΠ,
454 1605 534 1647 sed
564 1606 627 1646 ita
656 1608 708 1647 ut
738 1605 979 1647 nonnullae
1010 1604 1290 1657 aliquantum
1323 1605 1513 1658 varient,
1555 1604 1696 1645 veluti
1729 1605 1762 1645 Σ
1793 1603 2063 1656 plerumque

80 1678 263 1731 quidem
306 1678 597 1731 divergentia‚
639 1678 719 1719 sed
762 1678 835 1719 hic
874 1677 964 1718 illic
1004 1676 1216 1730 parallela
1257 1677 1395 1718 habet
1431 1677 1628 1729 brachia,
1670 1676 1846 1717 litterae
1886 1677 1922 1717 Λ
1961 1686 2063 1728 per-

82 1750 339 1803 frequenter
369 1750 507 1791 altera
536 1751 667 1792 hasta
696 1750 815 1791 ultra
851 1750 1076 1790 cervicem
1113 1749 1263 1802 anguli
1294 1749 1558 1803 prolongata
1591 1738 1760 1801 (Λλλ),
1791 1747 1912 1788 idem
1944 1746 2067 1788 haud

81 1834 183 1864 raro
215 1824 261 1863 in
291 1825 327 1865 Α
360 1822 533 1864 accidit.
585 1823 821 1864 Praeterea
851 1824 896 1863 et
927 1822 1063 1863 huius
1084 1822 1259 1863 litterae
1280 1821 1396 1863 linea
1415 1823 1675 1863 transversa
1705 1822 1751 1861 et
1779 1817 1893 1876 θῆτα
1923 1830 2064 1873 punc-

81 1896 180 1936 tum
211 1894 552 1948 perfrequenter
582 1896 729 1936 autin
751 1894 989 1936 incidendo
1011 1894 1213 1946 neglecta
1245 1896 1351 1936 sunt
1382 1896 1459 1936 aut
1487 1894 1784 1946 evanuerunt,
1815 1894 1868 1934 ut
1898 1892 1954 1934 ab
1986 1894 2066 1934 ΛΟ

83 1967 207 2009 nullo
239 1967 375 2009 modo
407 1966 622 2020 distingui
651 1967 841 2021 possint.
894 1967 979 2008 Sed
1010 1978 1113 2008 cum
1146 1967 1233 2008 hoc
1261 1978 1487 2020 nusquam
1514 1965 1856 2019 ambiguitatem
1888 1964 2065 2018 habeat,

82 2039 341 2092 singillatim
380 2041 564 2081 enotare
603 2051 692 2081 non
731 2051 847 2093 opus
886 2041 967 2081 est.
1038 2039 1328 2081 Memorabile
1367 2042 1437 2081 est
1477 2038 1584 2096 ζῆτα
1620 2038 1792 2091 ubique
1832 2038 2064 2090 antiquam

82 2111 273 2153 formam
305 2113 339 2152 Ι
369 2111 548 2154 habere.
611 2113 821 2154 Ceterum
853 2114 937 2154 ΘΟ
969 2114 1243 2166 constanter,
1283 2113 1324 2153 Ω
1355 2112 1528 2165 aliquot
1564 2111 1677 2152 locis
1716 2111 1895 2151 minore
1926 2122 2064 2163 quam

82 2184 281 2237 reliquae
311 2195 525 2226 mensura
554 2186 806 2226 exaratum.
955 2188 972 2224 4
1017 2184 1086 2225 Ad
1116 2184 1471 2226 adulescentiam
1503 2185 1635 2237 regis,
1668 2194 1758 2224 non
1789 2183 1845 2224 ad
1876 2193 2065 2234 regnum

83 2267 238 2298 recens
269 2257 432 2299 initum
462 2258 553 2298 hoc
594 2259 800 2311 spectare
833 2257 949 2298 vidit
978 2257 1224 2298 Drumann.
1276 2257 1454 2298 Etenim
1487 2256 1704 2309 regnabat
1741 2255 1814 2296 ille
1845 2257 1943 2296 tum
1974 2255 2066 2296 iam

82 2330 184 2370 octo
215 2339 357 2370 annos
387 2331 433 2370 et
463 2328 717 2383 dimidium,
759 2329 837 2370 sed
870 2331 963 2370 tam
1003 2331 1157 2370 tenera
1189 2331 1334 2370 aetate
1365 2330 1473 2381 erat,
1513 2330 1565 2368 ut
1595 2328 1732 2369 etiam
1769 2328 1888 2368 inter
1918 2328 2066 2379 impu-

82 2400 212 2442 beres
242 2401 478 2442 habendus
508 2403 640 2455 esset,
683 2402 767 2442 nisi
801 2402 1068 2442 anacleteria
1100 2401 1208 2453 (not.
1233 2401 1299 2449 32)
1341 2402 1569 2442 maturata
1600 2402 1763 2441 essent.
1815 2399 1876 2440 Cf.
1910 2399 2064 2452 Polyb.

0 2510 1 2530 3
82 2473 234 2527 XVIII,
265 2476 333 2527 55,
365 2477 408 2514 3:
456 2471 622 2515 οὐδέπω
663 2473 740 2528 μὲν
777 2478 854 2531 τῆς
891 2471 1061 2528 ἡλικίας
1098 2471 1441 2531 κατεπειγούσης.
1505 2473 1618 2514 Cum
1658 2472 1903 2525 Epiphanis
1946 2472 2063 2512 diem

83 2545 278 2586 natalem
301 2549 340 2586 8.
362 2557 422 2586 m.
440 2545 648 2586 Octobris
670 2548 752 2587 209
776 2557 814 2587 a.
826 2545 926 2587 Chr.
950 2545 1089 2587 fuisse
1113 2545 1490 2587 demonstraverit
1512 2546 1736 2586 Letronne
1759 2545 1826 2596 (cf.
1849 2546 1942 2586 not.
1957 2548 1971 2584 l
1986 2545 2066 2597 34),

85 2627 189 2658 eum
227 2629 318 2670 quo
356 2619 562 2670 tempore
602 2618 714 2659 haec
754 2618 934 2659 decreta
973 2620 1079 2659 sunt
1121 2618 1203 2669 (27.
1233 2629 1292 2659 m.
1326 2619 1453 2659 Mart.
1485 2621 1566 2659 496
1597 2629 1634 2658 a.
1669 2617 1784 2668 Chr.)
1828 2616 2066 2658 duodecim

88 2701 227 2731 annos
259 2691 304 2730 et
334 2689 574 2730 dimidium
601 2692 757 2731 natum
789 2690 928 2732 fuisse
957 2691 1243 2743 intellegitur.
1297 2691 1508 2732 Ceterum
1540 2701 1646 2731 cum
1677 2690 1775 2731 aliis
1806 2689 2066 2731 nominibus

89 2761 266 2803 decreta
303 2762 556 2815 Canopium
594 2764 639 2803 et
668 2762 962 2804 Rosettanum
1006 2774 1214 2815 magnam
1255 2764 1373 2804 inter
1414 2773 1462 2804 se
1493 2762 1688 2804 habeant
1725 2762 2065 2803 similitudinem

87 2835 221 2887 atque
252 2833 362 2875 adeo
393 2834 516 2875 haud
546 2835 702 2888 paucis
724 2835 838 2876 locis
869 2835 926 2876 ad
948 2835 1141 2876 verbum
1173 2837 1470 2888 consentiant,
1502 2846 1800 2888 permagnum
1824 2834 2066 2875 discrimen

86 2905 361 2947 intercedere
402 2907 517 2947 inter
546 2907 701 2948 laudes
733 2909 777 2948 et
806 2908 1049 2960 praeconia
1087 2909 1204 2960 regis
1233 2908 1479 2961 utrobique
1518 2908 1802 2949 occurrentia
1840 2907 2066 2948 neminem

17 2964 21 3042 Α,
86 2976 268 3031 fungere
298 2980 502 3031 poterat3
534 2990 586 3020 ea
616 2980 736 3020 enim
766 2980 856 3020 illic
877 2981 1059 3032 quidem
1085 2981 1139 3032 (n.
1155 2984 1220 3034 56,
1236 2984 1252 3020 l
1271 2981 1383 3035 sqq.)
1407 2981 1574 3022 Graeca
1596 2981 1715 3032 sunt,
1747 2980 1821 3020 hic
1842 2990 1951 3020 vero
1974 2980 2067 3019 tota

20 3061 21 3067 ¹
89 3049 372 3103 Aegyptiace.
423 3050 553 3099 Quod
584 3051 828 3092 discrimen
860 3053 956 3093 sine
987 3052 1126 3094 dubio
1158 3053 1354 3095 editores
1385 3055 1507 3094 recte
1539 3064 1591 3094 eo
1622 3052 1906 3103 rettulerunt,
1945 3049 2066 3102 quod

21 3119 23 3143 l
91 3132 204 3163 anno
226 3126 307 3163 496
331 3134 368 3163 a.
386 3122 486 3163 Chr.
503 3134 544 3164 n.
567 3123 659 3163 iam
686 3124 830 3164 multo
855 3125 1002 3165 maior
1023 3126 1118 3166 erat
1141 3126 1186 3165 in
1212 3125 1352 3166 rebus
1376 3126 1500 3177 regni
1524 3125 1890 3165 Ptolemaeorum
1913 3124 2067 3163 aucto-

25 3233 27 3253 ,
91 3193 195 3235 ritat
224 3195 510 3236 sacerdotum
541 3194 867 3246 indigenarum.
929 3197 1013 3237 Sed
1045 3208 1152 3237 num
1194 3197 1296 3238 inde
1334 3199 1456 3238 recte
1497 3197 1728 3248 collegerit
1758 3195 2067 3247 Revilloutius‚

25 3258 34 3309 ⁴¹.-
91 3264 177 3306 hoc
205 3266 436 3308 decretum
469 3278 525 3307 ex
544 3266 872 3319 Aegyptiorum
897 3279 1105 3309 sermone
1127 3269 1310 3309 demum
1333 3270 1378 3309 in
1401 3269 1618 3309 Graecum
1651 3277 1923 3308 conversum
1955 3277 2067 3319 esse,

94 3338 318 3390 antiquius
347 3339 458 3379 illud
479 3339 579 3379 vice
600 3349 732 3380 versa
763 3351 818 3380 ex
847 3341 934 3381 hoc
964 3341 1010 3381 in
1031 3341 1173 3394 illum,
1207 3351 1313 3382 sane
1345 3341 1517 3381 dubito.
1564 3339 1624 3380 Cf.
1656 3351 1697 3380 n.
1723 3337 1814 3379 569.
1948 3342 1971 3378 2
2006 3339 2065 3379 Cf.

31 3458 33 3474 *
94 3418 137 3448 n.
160 3409 268 3451 561⁷.
453 3414 475 3449 3
514 3411 569 3451 Et
598 3422 735 3462 regna
775 3414 820 3452 et
849 3413 1040 3464 insignia
1072 3424 1316 3465 regnorum
1347 3423 1511 3453 nomen
1542 3411 1792 3463 significare
1823 3421 1956 3464 posse
1989 3411 2068 3452 ob-

33 3492 39 3523 }
96 3483 244 3522 servat
263 3482 503 3534 Letronne3
535 3483 613 3523 sed
636 3494 752 3535 quae
781 3495 824 3524 v.
852 3486 901 3523 43
935 3485 990 3525 de
1021 3485 1177 3525 decem
1209 3477 1418 3525 ‘coronis'
1447 3484 1671 3536 leguntur,
1703 3483 1892 3524 suadere
1912 3483 2068 3524 viden-

96 3551 172 3592 tur
199 3555 250 3593 ut
279 3555 369 3595 hoc
399 3565 583 3606 quoque
613 3554 712 3595 loco
743 3555 806 3595 ita
835 3556 1198 3609 interpretemur,
1241 3556 1506 3608 praesertim
1550 3566 1654 3596 cum
1686 3555 1799 3596 Letr.
1833 3556 2068 3608 aptissime

38 3664 40 3670 .
98 3623 293 3665 attulerit
321 3626 663 3679 inscriptionem
694 3626 919 3669 Ramessis
951 3628 1007 3670 ab
1029 3628 1330 3680 Hermapione
1360 3627 1599 3668 tanslatam
1631 3627 1752 3680 apud
1778 3627 2068 3668 Ammianum

97 3692 396 3762 Marcellinum
428 3698 560 3751 XVII,
586 3700 623 3751 4,
646 3701 719 3739 2⁴:
765 3694 978 3741 Ἀπόλλων
1009 3699 1212 3758 ’κρατερὸς
1242 3697 1386 3754 κύριος
1419 3697 1691 3755 διαδήματος.
