2314 3970
91 207 161 261 56]
574 205 817 247 Ptolemaei
846 205 904 245 III
935 205 1282 246 monumentum
1314 203 1578 256 Canopium.
1994 204 2062 254 95

88 380 135 421 id
165 381 218 421 ut
245 391 408 421 verum
449 380 509 420 sit
546 381 723 420 tantum
754 379 893 432 abest,
932 380 985 420 ut
1016 380 1175 420 contra
1205 390 1261 419 ex
1289 378 1378 419 illis
1409 377 1562 419 verbis
1603 376 1798 418 dilucide
1839 378 2067 430 appareat,

89 453 210 493 diem
231 453 504 504 vigesimum
535 453 704 492 mensis
724 452 826 492 Iulii
847 454 945 492 tum
976 463 1080 492 non
1110 451 1251 492 fuisse
1272 451 1453 492 initium
1475 450 1579 491 anni
1601 449 1746 490 civilis
1777 448 1844 500 (of.
1877 451 1967 490 not.
1988 449 2068 500 64).

88 524 152 564 De
183 524 282 565 aliis
313 524 416 565 anni
446 523 524 564 fixi
566 524 663 565 sive
694 525 850 564 Siriaci
880 534 963 576 per
993 524 1276 564 Pharaonum
1299 525 1344 563 et
1371 522 1736 563 Ptolemaeorum
1766 532 1903 573 regna
1933 522 2071 562 vesti-

88 596 172 647 giis
203 607 318 648 quae
348 596 437 636 viri
477 595 599 636 docti
639 595 988 648 deprehendisse
1029 595 1120 635 sibi
1149 595 1238 635 visi
1277 595 1384 635 sunt
1425 593 1492 646 (cf.
1523 594 1572 634 A.
1594 605 1685 635 von
1707 593 1974 634 Gutschmid
2003 593 2069 634 Kl.

88 667 308 708 Schriften
339 669 357 707 I
386 678 430 721 p.
463 671 558 708 388.
594 671 673 708 392
692 668 805 721 sqq.)
848 667 958 720 quid
989 666 1281 708 statuendum
1321 667 1380 707 sit
1418 666 1667 707 deliberare
1706 676 1852 718 neque
1883 665 1974 706 mei
2004 666 2072 706 iu-

88 739 195 780 dicii
225 741 294 780 est
323 750 470 792 neque
499 739 636 780 huius
666 740 766 781 loci.
827 738 1029 781 Sufficiat
1066 737 1305 791 indicasse,
1344 738 1460 778 inter
1502 749 1579 779 eos
1619 740 1698 791 qui
1735 737 1870 779 hodie
1909 738 2073 778 harum

87 823 240 852 rerum
274 811 539 865 peritissimi
569 812 669 853 iure
700 812 955 864 meritoque
984 809 1211 851 habentur
1241 809 1332 851 fere
1364 811 1606 851 convenire
1645 810 1700 851 de
1738 810 1924 863 antiquo
1956 821 2072 851 anno

88 883 247 924 mobili
275 894 422 936 usque
452 883 510 924 ad
539 883 731 936 Augusti
770 885 964 924 aetatem
995 883 1277 923 conservato.
1331 881 1395 922 Cf.
1427 881 1472 922 U.
1494 881 1700 922 Wiloken
1732 882 1803 922 Gr.
1837 882 2026 923 Ostraka
2056 882 2074 920 I

88 966 132 1009 p.
157 958 261 996 783:
305 951 436 996 Auch
464 957 590 997 sonst
617 952 679 997 ist
707 952 780 998 die
802 951 1063 1009 praktische
1092 950 1362 1008 Bmutmmq
1392 950 1514 995 emes
1542 951 1666 1007 feltren
1695 951 1865 995 Jahres
1893 951 1975 1007 fiir
2003 951 2076 995 die

87 1024 429 1069 Ptolemderxeit
456 1024 584 1069 nicht
613 1024 870 1069 erweislick.
931 1026 1092 1079 Utique
1129 1026 1300 1067 nemini
1333 1025 1443 1065 dum
1475 1026 1720 1077 contigisse
1760 1026 1983 1079 existimo,
2024 1028 2077 1066 ut

90 1098 316 1153 probabili
345 1099 520 1141 ratione
551 1099 810 1153 explicaret,
853 1098 1087 1151 quomodo
1119 1098 1227 1138 huic
1258 1096 1439 1138 decreto
1469 1096 1707 1150 Apellaeus
1747 1098 1917 1138 mensis
1947 1108 2076 1150 prae-

91 1171 229 1213 scribi
259 1173 498 1225 potuisset.
550 1172 761 1213 Ceterum
791 1171 895 1212 inde
938 1171 1062 1224 quod
1092 1171 1137 1211 et
1167 1171 1242 1211 hic
1273 1171 1318 1210 et
1346 1170 1394 1210 in
1425 1169 1558 1210 titulo
1590 1170 1833 1210 Rosettano
1867 1170 1920 1216 (n.
1945 1173 2012 1222 90,
2038 1169 2075 1220 6)

90 1243 180 1284 diei
209 1244 380 1285 notatio
419 1255 475 1284 ex
504 1243 800 1285 Macedonum
839 1242 966 1284 fastis
997 1242 1188 1296 repetita
1226 1243 1426 1295 priorem
1467 1241 1619 1283 locum
1650 1243 1773 1283 tenet
1809 1253 1900 1283 non
1940 1240 2076 1282 modo

90 1315 135 1355 in
167 1315 336 1356 Graeco
367 1315 589 1368 exemplo,
629 1315 710 1356 sed
740 1315 878 1356 etiam
908 1315 954 1355 in
985 1314 1328 1367 hieroglyphice
1370 1315 1416 1355 et
1447 1313 1687 1366 demotico,
1726 1313 1870 1354 Miller
1901 1313 2080 1365 collegit

89 1386 202 1428 haec
231 1387 412 1428 Graecis
443 1386 596 1428 verbis
627 1389 847 1440 concepta
878 1397 931 1428 ac
959 1388 1120 1440 postea
1157 1386 1343 1427 demum
1373 1386 1419 1427 in
1459 1396 1717 1426 sermonem
1747 1385 2078 1439 Aegyptiacum

90 1459 306 1500 translata
335 1469 449 1511 esse,
479 1459 604 1512 quod
629 1458 750 1500 idem
772 1458 827 1499 de
846 1459 1090 1500 Rosettano
1111 1459 1408 1500 monumento
1430 1458 1520 1499 iam
1543 1458 1815 1499 Letronnius
1844 1458 2078 1499 statuerat.

91 1529 147 1570 At
175 1530 474 1572 Revilloutius
505 1541 609 1571 cum
642 1530 908 1572 observaret
939 1530 1060 1571 haud
1092 1530 1307 1582 exiguum
1338 1530 1456 1571 inter
1476 1530 1588 1570 haec
1618 1529 1709 1570 duo
1732 1530 1913 1571 decreta
1942 1530 2079 1571 inter-

92 1601 250 1643 cedere
281 1602 538 1656 discrimen,
571 1602 822 1656 Canopium
854 1602 1037 1655 quidem
1062 1602 1229 1642 Graece
1258 1602 1482 1655 scriptum
1515 1603 1560 1642 et
1587 1600 1863 1655 Aegyptiace
1894 1612 2079 1643 versum

93 1684 207 1727 esse,
239 1674 534 1715 Rosettanum
565 1685 676 1715 vero
717 1685 926 1715 sermone
967 1673 1281 1726 indigenarum
1319 1674 1595 1726 conceptum
1636 1675 1681 1714 et
1721 1673 1882 1718 deinde
1914 1674 2081 1715 Graece
2159 1720 2162 1723 Α

92 1757 360 1799 expressum
402 1746 490 1788 sibi
528 1747 767 1799 persuasit.
827 1746 1031 1798 Denique
1071 1745 1268 1798 Mahaffy
1309 1746 1399 1786 The
1444 1745 1617 1798 empire
1659 1743 1708 1786 of
1733 1746 1809 1786 the
1839 1746 2080 1787 Ptolemies

92 1829 135 1872 p.
159 1821 384 1859 226—228
407 1818 617 1859 evincere
638 1820 841 1871 conatur,
870 1820 1118 1870 utrumque
1139 1818 1497 1858 instrumentum
1521 1829 1546 1858 a
1567 1817 1882 1859 sacerdotibus
1902 1818 2079 1872 Aegyp-

93 1890 168 1930 tiis
199 1890 440 1931 vernacula
471 1890 624 1942 lingua
654 1890 960 1943 compositum
983 1900 1096 1943 esse,
1128 1890 1191 1930 ita
1221 1891 1272 1930 ut
1298 1889 1544 1942 utrobique
1566 1889 1787 1931 Graecum
1819 1891 2079 1944 exemplum

95 1973 184 2004 non
216 1962 275 2003 sit
303 1963 391 2003 nisi
419 1962 732 2014 interpretatio
771 1961 828 2003 ab
867 1961 1130 2003 hominibus
1171 1962 1411 2014 utriusque
1451 1962 1629 2014 linguae
1666 1962 1826 2015 peritis
1865 1962 2080 2004 confecta.

94 2033 158 2075 Ac
187 2034 389 2088 primum
419 2034 604 2087 quidem
646 2033 806 2088 ordini,
846 2045 938 2086 quo
979 2034 1068 2075 diei
1106 2033 1374 2086 significatio
1404 2034 1692 2075 Macedonica
1732 2036 1778 2074 et
1804 2033 2082 2088 Aegyptiaca

94 2107 169 2147 hic
205 2117 254 2147 se
292 2106 537 2160 excipiunt,
583 2107 767 2148 omnino
813 2106 924 2147 nihil
961 2106 1255 2147 tribuendum
1288 2108 1369 2147 est.
1432 2106 1482 2147 Id
1527 2107 1645 2147 enim
1693 2107 1919 2148 maiestati
1964 2108 2082 2159 regis

95 2177 240 2231 datur,
271 2179 324 2219 ut
353 2177 456 2219 fasti
486 2177 655 2231 quibus
686 2178 783 2231 ipse
814 2179 958 2219 utitur
986 2178 1241 2231 principem
1276 2178 1429 2219 locum
1460 2180 1661 2231 teneant3
1698 2179 1772 2219 cui
1803 2180 2082 2220 reverentiae

94 2260 237 2302 aeque
267 2250 418 2291 locum
450 2249 588 2291 fuisse
619 2250 717 2291 sive
749 2250 918 2291 Graeco
950 2250 1048 2291 sive
1068 2250 1347 2303 Aegyptiaco
1379 2260 1588 2291 sermone
1609 2250 1720 2291 haec
1741 2251 1955 2303 primitus
1978 2262 2083 2292 con-

95 2322 264 2375 scripta
293 2324 444 2363 essent
474 2332 607 2363 nemo
639 2321 767 2363 facile
796 2321 991 2374 negabit.
1051 2323 1115 2362 De
1157 2332 1338 2362 summa
1376 2322 1518 2363 totius
1561 2322 1839 2373 quaestionis
1878 2334 1964 2375 me,
2004 2323 2083 2374 qui

94 2395 139 2434 et
167 2393 345 2446 linguae
375 2395 420 2434 et
451 2394 705 2447 scripturae
735 2393 1039 2447 Aegyptiacae
1070 2394 1312 2446 imperitus
1350 2394 1451 2446 sim,
1491 2395 1667 2434 certum
1705 2393 1926 2434 iudicium
1967 2394 2083 2435 ferre

93 2465 196 2518 plus
226 2477 365 2519 quam
395 2467 690 2507 temerarium
721 2468 853 2507 esset.
907 2465 1055 2514 Quare
1084 2477 1223 2507 unam
1256 2465 1637 2518 observationem,
1670 2477 1787 2518 quae
1818 2477 1925 2507 sane
1956 2477 2084 2507 meae

93 2538 359 2591 provinciae
404 2539 486 2591 est,
532 2538 830 2591 proposuisse
876 2538 986 2579 satis
1032 2537 1193 2591 habeo,
1239 2537 1414 2591 reliqua
1465 2537 1764 2590 peritioribus
1809 2538 2082 2591 relinquens.

93 2608 228 2658 Quod
258 2609 516 2662 singillatim
548 2609 689 2651 verba
719 2609 1031 2662 formulaeque
1062 2621 1170 2651 vere
1201 2610 1358 2650 Graeci
1389 2610 1558 2650 coloris
1599 2610 1771 2662 passim
1811 2610 1857 2650 in
1887 2612 2085 2663 utroque

93 2681 274 2722 decreto
296 2682 602 2735 inveniuntur,
634 2681 681 2722 id
702 2692 809 2722 sane
831 2681 998 2722 nullius
1020 2682 1241 2722 momenti
1272 2683 1353 2722 est.
1403 2681 1520 2723 Nam
1551 2693 1641 2722 non
1672 2681 1808 2722 modo
1839 2681 1936 2723 fieri
1958 2684 2084 2735 pote-

93 2755 176 2806 rat,
206 2755 259 2794 ut
279 2754 416 2794 etiam
438 2754 661 2806 interpres
684 2753 940 2794 litterarum
961 2753 1346 2807 Aegyptiacarum
1367 2753 1438 2794 his
1459 2755 1678 2807 uteretur,
1712 2754 1792 2794 sed
1813 2754 1924 2794 adeo
1957 2754 2085 2795 aliter

92 2825 190 2867 fieri
219 2826 296 2867 vix
328 2826 520 2879 poterat.
572 2825 658 2866 Sed
687 2826 955 2878 neutiquam
986 2825 1107 2866 idem
1139 2825 1261 2866 cadit
1291 2826 1336 2866 in
1368 2825 1479 2866 illud
1511 2823 1631 2866 εἶπαν
1653 2848 1711 2855 -—
1738 2823 1945 2884 δεδόχθαι
1977 2823 2084 2876 (ἕδο-

93 2894 187 2950 ξεν),
225 2897 348 2950 quod
379 2896 624 2950 utrobique
654 2897 848 2950 legimus
879 2897 967 2949 (hic
996 2909 1039 2939 v.
1065 2901 1101 2938 6.
1127 2901 1194 2950 49,
1228 2909 1269 2938 n.
1290 2901 1341 2938 90
1376 2909 1416 2937 v.
1450 2901 1487 2938 8.
1514 2898 1595 2949 36).
1645 2897 1759 2939 Nam
1787 2897 1874 2938 hoc
1897 2897 2082 2949 quidem

94 2979 150 3010 ex
178 2980 306 3011 more
335 2969 383 3009 in
413 2969 689 3010 Graecorum
719 2969 1008 3022 populiscitis
1046 2969 1216 3010 usitato
1255 2970 1501 3022 repetitum
1533 2980 1632 3010 esse
1672 2969 1773 3010 luce
1803 2969 1970 3010 clarius
2001 2971 2081 3010 est.

93 3040 150 3081 At
178 3040 236 3082 ab
266 3042 514 3094 interprete
545 3041 731 3082 demum
769 3042 1002 3082 invectum
1041 3052 1142 3083 esse
1180 3042 1444 3083 incredibile
1481 3044 1550 3083 est
1588 3042 1791 3094 primum
1834 3041 1938 3093 quia
1977 3052 2082 3081 cum

93 3112 234 3154 totius
265 3113 434 3154 decreti
465 3114 696 3154 structura
726 3114 771 3153 et
801 3113 1098 3166 dispositione
1130 3114 1354 3167 cohaeret,
1387 3113 1547 3154 deinde
1577 3124 1684 3154 vero
1717 3113 1823 3164 quia
1853 3113 1964 3153 haec
1995 3112 2082 3154 ior-

87 3184 217 3244 ,mula
245 3185 502 3226 accuratius
538 3184 824 3226 considerata
854 3186 901 3225 in
930 3186 1094 3226 horum
1127 3185 1315 3237 quidem
1347 3185 1637 3226 decretorum
1669 3186 1878 3224 naturam
1920 3185 1964 3224 et
1995 3186 2083 3225 ori-

94 3256 242 3308 ginem
273 3257 457 3298 omnino
489 3268 579 3298 non
609 3256 803 3308 quadrat
835 3257 902 3308 (cf.
925 3259 1016 3298 not.
1040 3257 1123 3308 20).
1176 3258 1247 3298 Sic
1269 3257 1476 3298 ordinare
1498 3256 1680 3297 titulum
1704 3255 1877 3295 homini
1900 3256 2081 3310 Graeco,

95 3328 174 3380 qui
204 3329 291 3369 illis
322 3328 704 3382 populiscitorum
736 3327 942 3369 formulis
974 3328 1152 3381 pridem
1183 3330 1448 3370 assueverat
1478 3329 1522 3367 et
1553 3327 1817 3368 mandatum
1847 3331 2083 3381 acceperat

95 3401 148 3439 ut
175 3411 293 3452 quae
325 3400 582 3441 sacerdotes
613 3400 854 3441 scivissent
891 3400 948 3441 ab
979 3401 1090 3453 ipsis
1122 3400 1304 3441 adiutus
1337 3401 1381 3439 in
1411 3399 1602 3439 formam
1634 3398 1880 3440 sollennem
1914 3400 2082 3441 decreti

96 3469 330 3526 redigeret,
370 3471 498 3513 facile
528 3471 574 3511 in
605 3473 802 3512 mentem
834 3473 988 3513 venire
1018 3474 1210 3525 poterat,
1251 3471 1331 3512 sed
1361 3470 1564 3523 profecto
1596 3482 1685 3512 non
1727 3472 1905 3524 poterat
1943 3473 2083 3513 inter-

100 3543 216 3594 preti
246 3544 320 3584 cui
357 3544 590 3595 negotium
619 3542 895 3596 Aegyptiaca
933 3545 979 3585 in
1013 3545 1233 3585 Graecum
1274 3553 1529 3583 sermonem
1567 3542 1774 3584 vertendi
1815 3544 2082 3597 impositum

99 3614 206 3655 erat.
264 3615 313 3656 In
343 3616 585 3657 Rosettano
608 3614 788 3657 decreto
815 3616 870 3667 (n.
895 3617 962 3668 90)
995 3616 1262 3656 Letronnius
1285 3614 1480 3654 multum
1503 3616 1721 3655 momenti
1752 3616 1792 3655 ei
1821 3617 1885 3656 rei
1908 3618 2080 3673 tribuit,

24 3714 27 3746 ἦ
99 3685 222 3736 quod
251 3687 510 3741 exemplum
541 3686 868 3739 Aegyptiacum
900 3688 1073 3741 aliquot
1103 3687 1214 3727 locis
1259 3687 1394 3727 etiam
1426 3686 1664 3730 verbosius
1695 3689 1764 3728 est
1796 3689 1840 3728 in
1871 3688 2082 3732 laudibus
