2314 3970
231 172 336 220 216
914 170 960 208 ll.
1008 168 1207 219 Regnum
1240 168 1519 218 Lagidarum.
2046 168 2078 220 [4
2092 171 2204 208 34-

374 345 505 395 θεῶν
535 341 866 411 Εὐεργετῶνῑ),
904 336 1105 410 Ἀριστὼ
1148 340 1154 409 Ι
1197 338 1382 398 Δίωνος
1408 337 1627 409 Κρῆσσα
1662 338 1744 392 τὸν
1774 340 2032 410 (π)ατε’ρα6
2068 344 2154 393 τοῦ
2190 356 2200 392 :

323 445 347 485 5
380 428 555 499 ἀνδρὸς
615 428 768 496 αὑτῆς
818 426 833 497 ΙΙ
872 425 1210 496 Μελαγκόμου
1267 429 1354 478 τοῦ
1410 424 1491 478 ἐπὶ
1547 430 1635 495 τῆς
1691 427 1917 485 πόλεως7
1955 442 1966 478 2
2008 426 2093 478 καὶ
2139 424 2202 479 τὰ

374 515 558 568 τούτων
601 514 606 583 Ι
646 514 842 566 παιδία.

346 688 367 724 5
411 685 440 723 l.
466 694 502 723 e.
527 682 768 723 Ptolemaei
789 679 886 721 VIII
912 680 1157 733 Euergetae
1179 681 1215 720 11
1239 681 1268 732 (4
1284 681 1479 720 [ιδ-446
1503 692 1539 722 a.
1565 680 1665 722 Chr.
1689 681 1745 731 n.)
1778 692 1883 721 cum
1915 692 2060 721 uxore
2082 681 2208 721 Cleo-

230 759 359 809 patra
390 757 467 796 aut
497 755 713 795 alterutra
754 754 832 795 aut
861 755 1068 805 utraque.
1218 756 1241 793 6
1281 753 1503 794 ΤΑΤΕΡΑ
1543 753 1752 794 Pocockii
1795 753 2121 806 apographum,
2161 754 2206 793 in

231 840 320 880 quo
352 839 444 868 uno
477 827 588 868 haec
618 826 737 867 tituli
768 837 875 879 pars
908 827 1086 867 servata
1117 826 1198 866 est.
1347 827 1368 863 7
1416 823 1476 865 Cf.
1509 827 1600 866 not.
1623 828 1661 866 4.

341 1063 451 1117 135
501 1067 645 1116 Basis
685 1070 883 1115 statuae
921 1066 1128 1114 inventa
1166 1065 1273 1114 Deli
1312 1066 1377 1114 ad
1415 1064 1569 1114 finem
1608 1066 2050 1130 septentrionalem
2089 1081 2209 1131 por-

229 1156 358 1204 ticus
402 1154 636 1220 Philippi.
715 1154 802 1202 Ed.
853 1151 942 1202 Th.
973 1153 1201 1201 Homolle
1248 1152 1371 1201 Bull.
1426 1153 1500 1220 dev
1534 1166 1660 1201 corr.
1710 1153 1834 1201 Hell.
1875 1153 1983 1200 VIII
2032 1149 2207 1220 (4884)

228 1258 278 1307 p.
312 1239 411 1289 407
465 1238 542 1307 (Μ.
574 1241 627 1289 L.
658 1239 838 1289 Strack
888 1240 978 1287 Die
1016 1239 1258 1303 Dynastie
1298 1238 1387 1287 der
1424 1239 1709 1287 Ptolemaei·
1754 1254 1804 1303 p.
1837 1239 1939 1287 258
1987 1254 2036 1287 n.
2069 1238 2203 1302 443).

231 1327 301 1376 Cf.
344 1342 473 1392 quae
520 1328 893 1376 adnotaverunt
931 1325 979 1375 S.
1008 1324 1232 1374 Reinach
1279 1325 1403 1374 Bull.
1444 1326 1505 1374 de
1545 1339 1675 1374 corr.
1718 1326 1840 1374 Hell.
1881 1326 1992 1373 XIII
2032 1323 2208 1392 (4889)

228 1430 280 1480 p.
304 1414 413 1463 120.
456 1414 497 1462 J.
520 1414 572 1461 P.
594 1412 816 1477 Mahaffy
847 1411 951 1461 The
972 1412 1175 1477 empire'
1192 1411 1250 1461 of
1270 1410 1358 1460 the
1384 1412 1654 1461 Ptolemies
1678 1428 1728 1478 p.
1760 1412 1861 1460 346
1891 1426 2006 1461 cum
2031 1417 2135 1462 not.
2161 1412 2205 1461 4.

365 1550 636 1623 Ῥωμαίων
682 1554 728 1605 οἱ
777 1553 1187 1623 εὐεργετηθέντες
1232 1552 1508 1622 ναύκληροι
1556 1552 1562 1619 Ι
1603 1551 1688 1605 καὶ
1733 1553 1975 1624 ἔμποροι,1
2023 1554 2073 1605 ἐν
2126 1558 2211 1623 τῆι

372 1641 614 1710 γενομένῃ
654 1638 951 1710 καταλήἱψει
983 1635 1384 1709 Ἀλεξανδρείας2
1423 1637 1515 1691 ὑπὸ
1559 1639 1804 1710 βασιλέως
1846 1638 1853 1710 Ι
1894 1638 2210 1708 Πτολεμαίου

322 1743 344 1781 5
376 1727 498 1779 θεοῦ
525 1725 836 1797 Εὖεργέτου3
871 1725 887 1795 ΙΙ
923 1726 1088 1796 Λόχον
1117 1723 1500 1796 Καλλιμήδου4,
1539 1724 1622 1779 τὸν
1663 1729 1909 1796 συγγενῆὸ
1951 1727 2210 1797 βασιΙλέως
2282 1795 2283 1799 ¹

375 1813 687 1883 Πτολεμαίου
726 1811 810 1865 καὶ
851 1812 1143 1884 βασιλίσσης
1185 1811 1190 1882 Ι
1233 1810 1610 1884 Κλεοπάτραςθ,
1660 1813 1840 1884 ἀρετῆς
1880 1814 2045 1866 ἕνεκεν
2085 1811 2206 1883 καὶΙ

375 1901 662 1970 εὐεργεσίας
699 1905 788 1969 τῆς
827 1901 897 1959 εἰς
936 1898 1145 1959 ἑαυτοὺς
1187 1898 1193 1970 Ι
1232 1895 1517 1962 Ἀπόλλωνι.
2282 1886 2314 1903 Ὗ

344 2069 536 2109 Litterae
567 2068 784 2109 ΑΘΠΞΣ.
954 2070 968 2105 4
1020 2066 1080 2107 Cf.
1113 2078 1154 2107 n.
1180 2070 1261 2107 433
1273 2067 1303 2107 ’7.
1471 2070 1493 2106 2
1538 2067 1604 2107 Ex
1634 2066 1781 2108 tribus
1813 2067 2112 2120 temporibus,
2156 2067 2211 2108 de
2278 2090 2283 2110 .
2313 2121 2314 2124 ¹

229 2141 396 2193 quibus
418 2141 602 2180 omnino
623 2140 697 2180 hic
719 2140 905 2191 cogitari
926 2141 1094 2192 posset,
1122 2142 1199 2179 470
1225 2151 1261 2179 a.
1281 2139 1397 2192 Chr.7
1425 2151 1516 2191 quo
1537 2139 1780 2191 Euergetes
1803 2140 2002 2191 primum
2024 2150 2211 2191 regnare
2310 2179 2311 2182 ,

230 2213 466 2264 coepisset,
510 2215 589 2252 ⁴45
623 2224 660 2252 a.
693 2212 808 2264 Chr.,
848 2223 939 2264 quo
970 2213 1076 2264 post
1112 2211 1263 2252 fratris
1305 2214 1500 2252 mortem
1532 2211 1718 2264 Cyrenis
1749 2211 2065 2252 Alexandriam
2106 2223 2210 2264 pro-

229 2284 372 2325 fectus
411 2293 601 2336 regnum
640 2285 685 2324 et
725 2284 1065 2324 matrimonium
1097 2283 1360 2336 Cleopatrae
1391 2284 1428 2322 II
1466 2283 1631 2324 viduae
1661 2285 1820 2324 nactus
1861 2287 1992 2336 esset,
2043 2285 2088 2324 et
2127 2287 2208 2323 427
2278 2314 2279 2319 ,

231 2369 267 2397 a.
292 2357 392 2397 Chr.
417 2369 473 2409 n.‚
514 2368 604 2408 quo
644 2367 851 2408 repressa
891 2355 1136 2396 rebellione
1166 2355 1328 2396 urbem
1360 2357 1405 2395 et
1444 2366 1634 2407 regnum
1673 2356 1816 2396 totius
1851 2356 2044 2408 Aegypti
2083 2366 2211 2396 recu·
2272 2349 2278 2397 f

230 2430 448 2482 perasset,
488 2429 575 2470 hoc
604 2431 891 2481 postremum
922 2429 996 2468 hic
1027 2428 1174 2468 solum
1206 2429 1252 2468 in
1283 2439 1471 2469 censum
1502 2428 1656 2469 venire
1694 2428 1914 2469 iudicavit
1944 2428 2210 2480 Homollius,
2246 2441 2278 2478 ..²

230 2502 339 2553 quia
368 2502 414 2541 in
445 2501 543 2541 illas
574 2511 646 2542 res
677 2502 780 2542 ante
811 2502 960 2552 gestas
982 2500 1203 2541 vocabula
1234 2498 1473 2556 κατάληψις
1503 2494 1811 2555 Ἀλεξανδρείας
1842 2501 2107 2552 neutiquam
2138 2511 2210 2540 ca·
2267 2517 2275 2523 ·
2307 2523 2314 2554 ,ι

231 2572 399 2612 derent.
451 2571 566 2614 Nam
597 2584 714 2613 anno
747 2576 826 2612 470
851 2585 887 2613 a.
913 2572 1014 2615 Chr.
1046 2575 1136 2614 iam
1158 2572 1296 2613 fuisse
1326 2572 1619 2613 Alexandriae
1640 2572 1906 2624 Euergetam
1930 2583 2033 2613 cum
2057 2583 2209 2612 rerum
2271 2608 2273 2628 3

229 2645 465 2697 potiretur,
505 2655 622 2684 anno
658 2647 738 2685 446
770 2655 880 2685 vero
920 2656 1010 2685 non
1041 2645 1087 2685 vi
1127 2646 1172 2685 et
1202 2645 1342 2685 armis
1373 2645 1548 2697 cepisse
1578 2644 1755 2697 urbem,
1795 2644 1875 2685 sed
1904 2645 2210 2685 Romanorum
2303 2691 2307 2700 ι

233 2727 320 2767 ope
359 2727 464 2755 cum
503 2726 661 2756 sorore
702 2717 746 2755 in
785 2718 973 2767 gratiam
1014 2716 1252 2757 reductum
1298 2717 1421 2756 nullo
1457 2716 1730 2768 prohibente
1773 2717 2015 2757 introiisse.
2077 2717 2211 2756 Recte

231 2788 342 2828 haec
380 2787 592 2839 probavit
629 2787 836 2840 Reinach,
883 2799 966 2828 nec
1003 2788 1136 2828 video
1176 2799 1266 2840 quo
1307 2788 1406 2827 iure
1446 2787 1641 2840 Mahaffy
1682 2788 1866 2828 titulum
1911 2788 1967 2828 ad
2004 2790 2212 2840 tempora

232 2860 385 2912 priora
422 2858 597 2899 referat.
784 2862 805 2898 3
844 2859 1127 2900 Ptolemaeus
1162 2859 1260 2899 VIII
1302 2859 1545 2911 Euergetes
1575 2860 1612 2899 II
1655 2861 1896 2911 (446-446
1936 2872 1973 2901 a.
2007 2860 2106 2900 Chr.
2138 2860 2208 2910 n.).

235 2934 256 2971 4
298 2930 358 2972 Cf.
401 2933 562 2983 n.437,
587 2934 625 2971 8.
672 2933 766 2983 438,
789 2934 827 2972 2.
872 2934 969 2984 439,
995 2935 1061 2972 45.
1121 2931 1325 2972 Eundem
1366 2930 1595 2988 στρατηγὸν
1633 2935 1709 2986 τῆς
1751 2928 1961 2987 Θηβαΐδος
2002 2932 2056 2982 (n.
2089 2930 2209 2982 4326)

231 3003 454 3044 recenseri
485 3003 530 3043 in
560 3013 734 3055 papyro
768 3003 871 3043 anni
905 3006 983 3043 427
1017 3015 1054 3043 a.
1086 3003 1186 3044 Chr.
1216 3014 1257 3044 n.
1291 3003 1411 3044 edito
1444 3015 1469 3044 a
1502 3004 1739 3044 Letronnio
1778 3004 2018 3056 Fragmens
2049 3004 2211 3044 inedits
2264 3055 2265 3058 Ἰ

233 3076 457 3116 d'anciens
477 3075 634 3127 poetes
666 3086 708 3127 p.
733 3078 785 3114 29
819 3087 859 3115 n.
882 3075 940 3114 IV
972 3074 1166 3126 (Notices
1197 3077 1242 3115 et
1272 3076 1457 3116 extraits
1480 3075 1558 3116 des
1581 3077 1853 3116 manuscrits
1884 3075 2023 3115 XVIII
2045 3079 2069 3115 2
2099 3079 2207 3116 4865

232 3159 275 3199 p.
301 3150 379 3186 460
413 3159 454 3187 n.
480 3150 516 3199 6,
541 3147 578 3198 6)
620 3147 798 3187 monuit
837 3147 1048 3188 Franzius
1087 3147 1142 3187 ad
1173 3147 1217 3188 C.
1240 3148 1270 3188 1.
1295 3147 1341 3187 G.
1367 3150 1478 3188 4896
1513 3148 1567 3198 (n.
1594 3147 1847 3198 437-439).
1898 3147 2032 3188 Vides
2073 3159 2208 3200 quam

232 3218 346 3259 hene
377 3219 486 3260 haec
516 3219 783 3260 conveniant
813 3229 918 3259 cum
950 3219 1014 3259 eis
1046 3229 1161 3271 quae
1188 3218 1439 3259 Homollius
1471 3219 1526 3259 de
1557 3219 1693 3260 huius
1722 3219 1842 3260 tituli
1875 3221 2019 3260 aetate
2040 3219 2206 3260 docuit.

234 3293 258 3330 5
299 3289 360 3331 Cr.
390 3302 432 3331 n.
456 3288 580 3331 4042.
730 3294 754 3331 6
796 3289 857 3332 Cf.
890 3301 932 3332 n.
955 3289 1076 3331 4334.

343 3523 456 3578 136
503 3530 629 3579 Pars
667 3531 901 3596 superior
936 3531 1072 3581 basis
1110 3531 1381 3580 marmoris
1420 3532 1619 3581 candidi
1647 3534 1790 3581 eruta
1813 3532 1921 3580 Deli
1946 3531 2209 3581 meridiem

235 3629 413 3663 versus
466 3629 498 3663 a
547 3618 737 3682 templo
791 3618 1047 3683 Apollinis.
1122 3618 1178 3666 In
1234 3631 1416 3667 aversa
1467 3622 1613 3683 parte
1669 3619 1796 3667 alius
1850 3618 2040 3667 titulus.
2117 3617 2204 3666 Ed.
2294 3614 2297 3626 '
