2314 3970
188 198 292 247 630
685 195 756 234 Vl.
801 194 948 244 Regna
980 192 1141 233 Asiana
1176 193 1361 233 minora.
1425 196 1463 233 8.
1496 192 1671 234 Iudaea.
2013 193 2169 244 [448—

335 365 491 437 ³³><³³⁹
542 362 689 422 ‘³²3⁶‘
726 360 810 415 καὶ
858 362 1169 432 πατε>ι(><)οι”>4
1207 362 1397 431 θῡεοῡ]5
1431 358 1855 432 mammaeae
1905 362 2171 432 ὁμονοεαςτ

333 450 414 503 τὸν
455 448 590 502 οἷκον
634 446 1026 519 ᾠκοδόμ1[ησεν8
1062 477 1250 488 ,,,,,,
1251 446 1267 515 ]

308 628 328 662 3
370 623 525 664 Utrum
573 623 809 676 genetivus
855 621 912 663 ab
956 617 1088 678 εὐχήν
1133 621 1326 675 pendeat
1370 632 1522 675 necne,
1575 621 1753 663 difficile
1797 623 1867 664 est
1909 621 2170 666 diiudicatu.

188 696 302 738 Nam
334 695 391 736 ad
420 694 491 736 τὸν
525 693 644 737 οἶκον
675 695 753 736 vix
783 693 1045 735 referendus
1083 693 1169 734 erit
1199 694 1386 747 propter
1417 693 1758 735 collocationem
1789 694 2052 748 verborum,
2093 695 2172 737 sed

190 769 341 821 potest
386 779 412 807 a
451 766 590 808 verbo
634 760 910 823 ᾠκοδόμησεν
956 764 1159 819 pendens
1199 776 1282 818 pro
1320 765 1473 806 dativo
1513 766 1688 818 positus
1725 776 1824 806 esse
1869 766 1945 807 illa
1982 777 2171 808 casuum

190 838 464 891 confusione,
523 849 641 891 quae
697 840 797 879 tum
854 849 960 878 cum
1010 838 1122 879 haec
1170 838 1352 878 exarata
1402 839 1509 878 sunt
1562 838 1652 879 iam
1706 837 1927 879 latissime
1975 838 2171 891 patebat.
2250 882 2255 888 ,

192 914 214 951 4
256 911 540 963 ΠΑΤΡΙΙΟΥ,
579 909 703 963 quod
743 906 917 967 πατρίου
960 919 1060 950 esse
1097 909 1238 950 sumit
1267 908 1574 961 Waddington
1614 920 1703 950 non
1743 909 1840 950 sine
1877 909 2172 951 dubitatione.
2236 947 2238 949 .

191 982 276 1023 Sed
298 982 409 1022 mihi
434 981 669 1036 πατρι(κ)οῦ
702 980 1035 1022 emendandum
1057 980 1240 1022 videtur
1261 980 1423 1021 collato
1446 980 1576 1021 titulo
1599 991 1670 1034 ap.
1692 980 2040 1022 Wetzsteinium
2059 980 2172 1023 Abh.

190 1055 270 1095 der
300 1054 378 1095 Ak.
411 1054 452 1094 d.
484 1052 554 1095 W.
587 1065 645 1094 zu
676 1053 823 1094 Berlin
857 1055 966 1094 ⁴863
1006 1052 1114 1105 phil.
1143 1052 1248 1093 hist.
1281 1052 1342 1093 Cl.
1374 1063 1418 1105 p.
1442 1055 1524 1094 295
1556 1064 1599 1093 n.
1623 1055 1719 1106 ⁴07,
1741 1055 1781 1094 2.
1806 1056 1849 1094 3;
1893 1047 2173 1109 ᾠκοδόμησαν
2247 1099 2250 1102 ,
2288 1080 2297 1093 ί

123 1135 150 1171 N.
189 1122 426 1179 Μανειηνοὶ
476 1124 672 1181 πατρικῷ
717 1122 804 1180 θεῷ
847 1117 1069 1181 Ἡρακλεῖ.
1285 1128 1308 1164 5
1353 1126 1495 1166 ΟΝΝ.
1562 1124 1822 1166 Emendavi.
1893 1125 1956 1167 Cf.
2005 1129 2098 1167 not.
2134 1128 2174 1168 ⁴.
2243 1139 2247 1142 ·
2288 1128 2305 1155 ’ἱ

152 1175 227 1239 ³⁸6·
262 1199 282 1239 Ι
306 1228 315 1238 .
336 1194 341 1251 Ι
362 1228 372 1239 .
391 1228 400 1239 .
419 1198 595 1238 ΟΛΟΕ.
672 1195 923 1237 Emendare
980 1197 1169 1237 conatus
1215 1206 1342 1249 sum;
1399 1196 1749 1238 incertissimam
1802 1207 1899 1238 rem
1952 1207 2052 1238 esse
2101 1208 2175 1239 me
2246 1199 2253 1260 ζ
2291 1242 2306 1255 μ

191 1281 283 1311 non
329 1268 454 1321 fugit,
498 1269 578 1310 sed
618 1269 777 1321 utique
817 1268 1054 1321 genetivus
1084 1268 1282 1309 nominis
1320 1267 1616 1322 desideratur,
1655 1269 1735 1321 qui
1779 1269 1826 1309 in
1855 1266 1976 1315 -ολος
2016 1269 2177 1323 cadere

191 1342 313 1382 nullo
355 1341 490 1382 modo
532 1342 696 1394 potest.
758 1340 906 1388 Quare
945 1340 1260 1381 emendatione
1302 1351 1420 1393 opus
1459 1350 1558 1381 esse
1597 1352 1730 1381 nemo
1762 1340 1889 1382 facile
1929 1342 2174 1394 negaverit.

191 1416 213 1453 7
254 1413 447 1454 Maxime
477 1412 714 1465 probabile
746 1412 938 1466 videtur,
977 1413 1069 1453 hoc
1099 1423 1264 1453 nomen
1303 1423 1428 1453 mero
1463 1413 1672 1464 genetivo
1713 1413 1915 1466 positum
1955 1424 2055 1455 esse
2091 1425 2175 1467 pro

189 1496 241 1525 eo
265 1484 390 1537 quod
412 1483 606 1525 debebat
627 1483 715 1525 dici
746 1480 851 1538 ὑπὲρ
884 1481 1084 1539 ὁμονοίας
1116 1485 1194 1524 aut
1225 1480 1424 1539 ὁμονοίας
1455 1480 1592 1537 ἕνεκα,
1623 1485 1708 1525 etsi
1738 1484 1785 1525 id
1815 1484 2176 1526 commodiorem

189 1557 341 1597 locum
371 1557 476 1608 post
508 1552 613 1611 ὑπὲρ
645 1553 856 1612 σωτηρίας
885 1578 942 1584 -
971 1553 1044 1596 καὶ
1074 1551 1285 1597 ἐπανόδου
1316 1554 1524 1597 habebat.
1586 1555 1672 1596 Sed
1702 1567 1849 1609 neque
1889 1557 1945 1598 de
1975 1557 2096 1598 Iovis
2132 1562 2177 1598 et

189 1627 408 1681 Apollinis
430 1627 672 1669 concordia
693 1628 882 1680 cogitari
912 1627 1030 1680 licet,
1063 1638 1211 1680 neque
1233 1627 1509 1669 Concordiae
1529 1627 1639 1669 deae
1661 1621 1912 1683 (Ὁμονοίας)
1933 1628 2176 1669 delubrum

187 1699 375 1740 indicari
407 1699 600 1753 videtur,
633 1699 860 1752 siquidem
891 1701 999 1741 vota
1028 1699 1214 1752 quidem
1246 1698 1303 1740 ad
1332 1699 1488 1741 Iovem
1521 1701 1565 1740 et
1594 1699 1847 1752 Apollinem
1878 1699 2176 1753 pertinebant.
2247 1688 2249 1690 ¹
2287 1701 2294 1722 ·'

190 1771 443 1812 Concordia
467 1772 513 1812 ni
534 1771 662 1812 fallor
682 1771 957 1823 intellegitur
978 1782 1095 1824 quae
1118 1771 1235 1812 inter
1264 1782 1417 1824 regem
1441 1772 1487 1812 et
1515 1771 1839 1824 imperatorem
1863 1773 2177 1826 populumque

190 1845 445 1885 Romanum
484 1844 735 1886 intercedit.
913 1847 936 1885 8
977 1844 1123 1897 Lapis,
1162 1845 1384 1896 quantum
1416 1855 1471 1884 ex
1501 1843 1826 1896 Waddingtoni
1861 1845 2056 1898 imagine
2086 1845 2176 1887 col-

190 1917 267 1968 ligi
298 1916 414 1969 licet,
447 1915 504 1956 ab
537 1915 750 1957 omnibus
771 1915 979 1969 partibus
1010 1916 1183 1967 integer
1213 1917 1295 1956 est.
1346 1915 1547 1956 Titulum
1569 1927 1679 1957 vero
1710 1927 1800 1957 non
1829 1917 2055 1969 integrum
2077 1928 2177 1959 esse

192 1989 393 2041 apparet,
426 1987 650 2040 siquidem
684 1999 774 2029 non
806 1987 942 2029 modo
974 1987 1104 2029 verbi
1134 1987 1394 2028 terminatio
1426 1987 1722 2041 desideratur,
1754 1988 1834 2029 sed
1863 1989 2000 2030 etiam
2030 1990 2176 2030 homi·
2292 2043 2294 2046 .

191 2060 259 2100 nis
297 2059 367 2101 vel
399 2060 638 2100 hominum
674 2060 871 2113 nomina,
909 2060 987 2112 qui
1025 2058 1281 2100 aedificium
1312 2059 1637 2100 exstruendum
1675 2063 1964 2103 curaverunt.
2029 2061 2177 2110 Quare
2250 2074 2253 2078 ¹
2288 2046 2301 2098 ’ἶ

192 2130 306 2172 infra
337 2131 476 2172 alium
508 2131 706 2184 lapidem
737 2131 816 2184 qui
847 2131 983 2184 periit
1012 2131 1280 2172 adiunctum
1310 2131 1450 2172 fuisse
1484 2132 1775 2173 statuendum
1807 2134 1888 2174 est.
2290 2115 2299 2133 ’

300 2372 415 2427 419
471 2377 789 2442 Epistylium‚
837 2377 971 2442 quod
1017 2377 1277 2442 quondam
1322 2380 1411 2426 aut
1455 2378 1630 2443 templi
1675 2380 1764 2427 aut
1800 2378 1927 2428 alius
1965 2379 2178 2429 aedificii

193 2464 336 2512 iuxta
361 2463 606 2528 templum
633 2463 878 2512 exstructi
917 2462 1026 2528 fuit,
1065 2463 1116 2511 in
1151 2462 1340 2529 oppido
1368 2463 1482 2512 Seia
1509 2455 1679 2529 (Si‘a).
1734 2465 1822 2514 Ed.
1853 2466 1930 2514 W.
1946 2466 2005 2514 H.
2020 2466 2178 2515 Wad-

195 2549 403 2613 dington
453 2563 533 2615 ap.
587 2549 749 2598 Lebas
794 2550 947 2598 Inscr.
985 2549 1051 2597 III
1087 2549 1243 2599 2365.
1317 2549 1617 2599 Recentiore
1672 2552 1907 2617 tempore
1951 2553 2080 2617 lapis
2124 2553 2176 2601 in

196 2635 322 2684 duas
361 2638 534 2700 partes
574 2635 764 2684 fractus
791 2638 841 2684 et
873 2635 982 2685 aliis
1007 2635 1296 2685 nominibus
1333 2636 1500 2685 laesus
1539 2639 1628 2685 est.
1695 2636 1833 2694 Quae
1871 2639 2074 2687 exstant
2112 2652 2176 2687 ex
2237 2703 2242 2707 ¹
2284 2665 2314 2703 3

193 2722 272 2769 W.
302 2720 514 2784 Ewingii
539 2720 839 2786 apographo
871 2721 1137 2770 ediderunt
1161 2720 1215 2769 A.
1248 2720 1303 2771 G.
1325 2720 1528 2786 Wright
1565 2724 1616 2771 et
1639 2721 1694 2771 A.
1719 2721 1901 2772 Souter
1925 2723 2178 2774 Palestine
2286 2765 2291 2768 .

195 2807 512 2872 exploration
552 2806 677 2856 fund
718 2807 853 2856 4895
894 2823 943 2872 p.
973 2805 1078 2857 272
1119 2821 1167 2855 n.
1201 2806 1318 2856 435.
1352 2807 1468 2856 436.
2232 2799 2234 2803 ’

332 2943 445 2999 Ἐπὶ
501 2947 748 3018 βασιλέως
804 2945 1024 3017 μεγάλου
1064 2942 1305 3018 Ἀγρίππα
1352 2948 1727 3020 Φιλοκαίσαρος
1774 2947 2032 3022 Εὐσεβοῦς
2089 2949 2175 3003 καὶ

340 3030 802 3103 Φιλορωμα[ί]ΙουῙ,
824 3036 911 3085 τοῦ
939 3035 995 3086 ἐκ
1025 3034 1270 3104 βασιλέως
1299 3032 1522 3105 μεγάλου
1545 3030 1785 3106 Ἀγρίππα
1803 3035 2175 3107 Φιλοκαίσαρος
2238 3091 2241 3094 ,
2292 3055 2301 3114 Jj

310 3207 504 3248 Litterae
544 3208 727 3259 ΑΘΠΣ;
770 3210 820 3262 φῖ
859 3207 1000 3248 semel
1039 3219 1080 3248 v.
1107 3209 1128 3245 3
1171 3198 1216 3262 4)
1252 3208 1333 3260 est,
1375 3207 1482 3249 alibi
1523 3209 1754 3261 volgarem
1792 3209 1986 3251 formam
2025 3209 2173 3262 habet,
2223 3215 2227 3217 ’
2296 3189 2309 3221 '²'

195 3279 229 3320 ὦ
252 3276 361 3335 μέγα
382 3279 505 3332 apud
525 3279 721 3321 editores
742 3279 906 3332 Anglos
929 3279 1098 3331 ubique
1127 3279 1165 3323 Ω
1197 3280 1278 3320 est.
1413 3283 1429 3320 4
1468 3282 1523 3322 Μ.
1545 3281 1687 3322 Iulius
1708 3281 1907 3335 Agrippa
1925 3283 1976 3335 11,
1998 3283 2054 3324 Μ.
2076 3282 2177 3323 Iulii
2296 3270 2309 3334 ’ζ

195 3350 431 3403 Agrippal
463 3350 570 3400 (not.
596 3350 634 3401 2)
666 3350 798 3403 filius,
831 3350 1021 3391 Herodis
1050 3351 1195 3403 Magni
1225 3362 1468 3406 pronepos,
1499 3353 1632 3393 natus
1664 3364 1702 3393 a.
1732 3355 1784 3392 28
1813 3363 1856 3405 p.
1879 3353 1979 3405 Chr.
2002 3365 2058 3406 n.,
2090 3353 2174 3394 Ro·
2220 3398 2226 3403 ,
2306 3344 2308 3383 ἶ

196 3433 297 3462 mae
330 3421 704 3463 commorabatur
723 3422 832 3462 dum
856 3421 1068 3463 Claudius
1099 3434 1135 3464 a.
1161 3425 1212 3463 49
1245 3424 1324 3463 aut
1355 3427 1406 3464 50
1440 3435 1482 3476 p.
1507 3424 1608 3464 Chr.
1630 3435 1671 3464 n.
1703 3424 1745 3464 ei
1774 3435 1963 3476 regnum
1985 3423 2175 3465 Herodis
2219 3446 2223 3452 .

198 3493 500 3535 Chalcidensis
545 3495 598 3546 (n.
631 3494 728 3546 427)
767 3505 884 3535 anno
926 3496 978 3535 48
1012 3505 1054 3547 p.
1090 3494 1190 3535 Chr.
1231 3493 1430 3535 defuncti
1468 3495 1692 3536 concessit
1728 3495 1916 3548 (Ioseph.
1948 3495 2047 3536 Ant.
2080 3495 2174 3536 Iud.
2209 3504 2212 3505 ’
2274 3488 2307 3543 ἶ)

196 3564 292 3617 XX,
316 3568 412 3606 ⁴38.
458 3566 563 3606 Bell.
586 3565 635 3619 II,
659 3566 770 3617 284).
832 3565 916 3606 Sed
955 3578 1071 3606 anno
1105 3568 1156 3606 53
1189 3577 1230 3618 p.
1261 3565 1361 3606 Chr.
1395 3578 1435 3606 n.
1468 3566 1514 3606 id
1550 3577 1712 3608 rursus
1742 3566 1966 3620 Agrippae
2006 3567 2176 3608 ademit
2208 3553 2209 3556 ¹
2275 3576 2279 3586 '

195 3637 327 3687 eique
358 3637 621 3678 tetrarchias
664 3648 780 3689 quae
813 3637 1006 3690 Philippi
1047 3638 1092 3678 et
1122 3637 1340 3690 Lysaniae
1378 3627 1554 3679 fuerant
1593 3638 1813 3679 attribuit.
1875 3639 1990 3679 Eum
2026 3649 2163 3708 υεωοᾳ·
2255 3689 2266 3698 .
2304 3637 2313 3705 ‘¹
