2314 3970
144 227 241 281 487]
619 226 902 267 Ptolemaeus
933 225 1032 265 XIII
1065 226 1238 277 (80—54
1269 236 1306 267 a.
1329 225 1430 266 Chr.
1453 224 1523 276 n.).
2011 223 2112 274 269

252 395 354 452 187
408 399 550 450 Basis
606 399 788 466 effigiei
844 399 1096 466 crocodili,
1153 400 1334 466 lapidis
1389 399 1634 465 grauitae,
1697 398 1932 448 inventae
1987 398 2117 447 inter

140 488 326 538 rudera
360 487 598 536 Arsinoes
646 485 821 552 oppidi
855 487 908 536 in
955 487 1159 552 regione
1196 482 1436 551 Favg’y'zzm.
1502 486 1590 535 Ed.
1633 485 1691 535 U.
1719 483 1948 534 Wilcken
1987 485 2117 534 Zeit-

141 573 320 624 schrift
374 573 456 622 fiir
510 572 808 640 'aigyptische
865 572 1092 640 Sprache
1147 571 1282 621 4884
1337 587 1386 638 p.
1430 571 1529 621 436
1589 572 1668 639 (Μ,
1705 571 1759 622 L.
1780 570 1976 621 ¹Strack
2027 571 2115 619 Die

140 660 383 727 Dynastie
419 660 508 710 der
541 639 826 710 Ptolemaer
862 675 911 727 p.
943 657 1045 712 270
1085 674 1134 709 n.
1166 655 1302 726 454).

292 802 336 855 i.
368 797 444 873 κγ’
495 801 765 873 Φαρμουθὶ
821 797 917 873 ιβ’1
971 799 1095 873 ὑπὲρ
1154 799 1401 872 βασιλέως
1468 796 1686 871 μεγάλου
1746 798 1751 870 Ι
1801 797 2117 870 Πτολεμαίου

233 904 257 944 5
288 889 411 942 θεοῦ
467 889 581 942 νέου
637 888 915 942 Διονύσου2
953 886 960 960 Ι
1003 886 1351 958 Πετεσοδχον3
1398 884 1404 956 Ι
1445 884 1563 939 θεὸν
1628 886 1780 956 μέγαν
1836 884 1852 957 ΙΙ
1903 885 1986 939 τὸν
2044 881 2113 940 ἐπ’

286 976 438 1029 αὐτοῦ
484 976 737 1047 φανέντα4
784 973 947 1029 Παϋνὶ
999 970 1066 1045 ιη’
1106 970 1256 1042 (κ)α’5
1294 973 1341 1025 Ι-
1382 971 1388 1043 Ι
1421 969 1750 1032 Ἀπολλώνιος
1792 968 2119 1026 Ἀπολλωνίου

285 1060 587 1133 Ταλέσ(ε)ως
598 1066 632 1116 ⁶.

257 1226 273 1264 4
314 1223 464 1265 Mense
494 1223 636 1277 Aprili
677 1223 781 1265 anni
813 1225 864 1263 58
887 1234 924 1263 a.
948 1222 1048 1263 Chr.
1109 1221 1278 1263 Eodem
1319 1221 1558 1263 etlamtum
1598 1232 1715 1263 anno
1758 1230 1908 1272 regem
1946 1219 1991 1260 in
2030 1219 2120 1260 exi-

140 1295 251 1336 lium
283 1295 403 1349 iisse,
436 1294 517 1337 sed
547 1306 602 1336 ex
633 1296 719 1336 hoc
750 1295 850 1348 ipso
882 1294 1014 1336 titulo
1046 1294 1172 1348 disci,
1209 1293 1253 1335 id
1285 1294 1537 1348 posteriore
1567 1293 1752 1334 demum
1782 1294 1989 1345 tempore
2020 1292 2121 1332 anni

141 1367 309 1409 factum
341 1378 441 1409 esse
481 1367 666 1409 adnotat
694 1366 911 1408 Wilcken.
1079 1370 1103 1406 2
1144 1366 1203 1408 Cf.
1236 1378 1277 1407 n.
1304 1365 1425 1407 4821.
1594 1370 1615 1407 3
1658 1366 1778 1406 Deus
1816 1376 1953 1418 quem
1993 1365 2122 1415 antea

140 1440 347 1494 ignotum
378 1451 434 1481 ex
463 1441 551 1481 hoc
582 1439 768 1481 demum
798 1440 930 1481 titulo
953 1440 998 1480 et
1018 1450 1194 1493 papyro
1218 1439 1404 1481 alterius
1426 1440 1504 1481 aut
1525 1439 1647 1479 tertii
1676 1450 1718 1491 p.
1743 1438 1843 1479 Chr.
1868 1450 1908 1479 n.
1942 1436 2122 1489 saeculi,

140 1512 220 1555 ubi
256 1513 484 1555 invenitur
526 1510 660 1569 ἱερεὺς
701 1508 968 1571 Πετεσούχου
1008 1509 1108 1554 θεοῦ
1150 1509 1336 1569 μεγάλου
1382 1509 1568 1569 μεγάλου
1615 1510 1681 1564 (cf.
1715 1523 1755 1552 n.
1781 1514 1860 1551 476
1874 1509 1903 1562 3)
1944 1507 2121 1558 ἀειζώου

138 1583 240 1638 zmil)
282 1585 340 1632 ὡς
377 1582 628 1643 χρηματίζει
667 1584 792 1636 (Berl.
825 1596 890 1638 gr.
922 1584 1162 1626 Urkunden
1194 1584 1211 1624 Ι
1253 1595 1294 1637 p.
1320 1587 1400 1625 445
1434 1596 1475 1625 n.
1501 1585 1597 1638 424,
1622 1587 1659 1624 7.
1684 1583 1723 1635 8)
1762 1583 1806 1623 in
1838 1582 1988 1623 lucem
2021 1592 2123 1634 pro—

142 1657 244 1699 tulit
273 1657 478 1699 Wilcken
509 1657 698 1710 eiusque
729 1657 823 1697 vim
855 1658 900 1697 et
930 1657 1139 1698 naturam
1179 1656 1309 1697 docte
1348 1658 1392 1697 et
1430 1656 1651 1708 sagaciter
1679 1655 1938 1696 illustravit.
1990 1655 2121 1695 Sacra

140 1730 251 1783 eius,
282 1731 334 1770 ut
363 1730 511 1783 Suchi,
551 1730 681 1770 cuius
712 1741 738 1770 a
768 1729 951 1770 nomine
984 1725 1249 1786 Πετεσοῢχος
1288 1728 1532 1782 descendit,
1574 1728 1697 1769 nomi
1727 1727 1982 1768 Arsino‘itae
2023 1737 2124 1779 pro-

140 1802 240 1855 pria
270 1803 409 1855 erant,
447 1802 555 1843 item
587 1801 801 1843 crocodili
832 1800 976 1853 figura
1006 1800 1433 1854 repraesentabatur
1471 1800 1544 1841 hic
1574 1802 1625 1841 ut
1657 1800 1743 1852 ille,
1783 1799 1845 1840 ita
1875 1800 1927 1840 ut
1957 1798 2123 1851 effigies

140 1874 276 1915 huius
316 1873 522 1916 animalis
559 1874 633 1915 hic
673 1874 817 1927 ipsius
848 1873 1029 1915 nomine
1068 1872 1358 1926 significetur.
1420 1872 1544 1922 Quae
1581 1872 1697 1913 ratio
1736 1872 1851 1912 inter
1894 1871 1977 1912 hos
2017 1871 2124 1913 deos

141 1945 400 2000 intercedat,
432 1957 596 1988 nomen
626 1939 810 1987 ‘donum
832 1939 986 1987 Suchi’
1019 1944 1275 1998 significans
1304 1945 1597 1987 demonstrat.
1650 1944 1780 1993 Quod
1801 1955 1910 1986 vero
1933 1943 2126 1986 Wilcke-

140 2018 243 2060 nius
275 2018 446 2071 origine
476 2030 566 2060 non
590 2029 752 2060 verum
784 2018 934 2072 deum,
967 2018 1046 2059 sed
1077 2029 1227 2071 regem
1261 2018 1498 2071 antiquum
1525 2017 1690 2059 divinis
1711 2016 1964 2058 honoribus
1995 2015 2126 2058 affec-

139 2092 239 2133 tum
269 2091 391 2134 hunc
421 2102 520 2134 esse
552 2091 721 2145 statuit,
755 2091 884 2132 cuius
907 2091 1078 2132 Plinius
1098 2090 1149 2133 N.
1172 2091 1277 2132 hist.
1298 2090 1499 2144 XXXVI,
1523 2093 1573 2132 84
1610 2090 1885 2131 mentionem
1907 2089 2041 2131 faciat
2072 2089 2125 2130 de

140 2163 399 2218 labyrintho
445 2163 556 2205 haec
602 2174 808 2206 narrans:
858 2160 942 2218 qui
978 2160 1164 2218 primus
1201 2160 1351 2217 factus
1388 2165 1451 2206 est
1487 2164 1591 2206 ante
1630 2175 1792 2216 ammos,
1837 2164 1887 2204 ut
1926 2160 2123 2213 tradunt,

140 2232 382 2279 MMMDO
413 2248 444 2279 a
479 2233 718 2279 Petesueho
757 2236 836 2288 (sic
873 2235 1091 2290 Wilcken,
1134 2236 1382 2290 petesuchi,
1421 2236 1638 2290 petesuci‚
1679 2237 1894 2289 petesuco
1933 2234 2124 2285 codices)

142 2321 243 2364 φερε
270 2306 364 2351 sive
397 2306 555 2363 Tithoe,
596 2308 643 2350 id
674 2308 1013 2351 diiudicandum
1047 2308 1231 2362 quidem
1263 2319 1417 2349 rerum
1448 2308 1774 2362 Aegyptiarum
1807 2308 1964 2360 peritis
1993 2307 2127 2348 relin-

145 2393 250 2435 quo,
282 2380 363 2422 sed
393 2393 481 2422 non
512 2381 663 2422 omnia
694 2382 791 2422 eius
820 2382 1086 2434 argumenta
1106 2380 1254 2422 valida
1284 2391 1383 2422 esse
1410 2381 1529 2421 tituli
1550 2381 1707 2422 Graeci
1729 2381 1921 2433 Aegypti
1952 2379 2126 2431 docent,

145 2465 265 2507 quos
295 2453 367 2495 ille
399 2463 506 2495 sane
537 2455 634 2494 tum
667 2453 867 2494 nondum
899 2454 1079 2495 novisse
1122 2454 1312 2507 poterat.
1373 2451 1488 2495 Nam
1529 2454 1729 2507 primum
1772 2452 1956 2506 quidem
1999 2448 2128 2494 Πετε-

149 2528 302 2583 σοῦχος
346 2536 510 2567 nomen
547 2526 800 2567 humanum
831 2525 876 2567 in
908 2537 1044 2567 nomo
1077 2525 1303 2568 Arsinoite
1344 2525 1640 2579 perfrequens
1680 2536 1779 2567 esse
1818 2525 1940 2576 dicit,
1982 2535 2128 2578 neque

149 2609 258 2640 vero
290 2598 436 2640 ullum
468 2597 727 2652 exemplum
761 2597 848 2640 sibi
880 2600 1037 2640 notum
1077 2609 1176 2640 esse
1206 2598 1402 2639 nominis
1441 2598 1582 2639 divini
1614 2598 1710 2639 sine
1747 2597 1838 2639 ulla
1878 2597 2129 2639 mutatione

147 2670 283 2712 etiam
330 2670 386 2712 ab
431 2665 692 2712 hominibus
737 2671 862 2723 gesti.
932 2670 989 2711 At
1033 2670 1087 2712 cf.
1133 2682 1174 2712 n.
1215 2674 1283 2725 95,
1315 2674 1423 2712 3-5
1467 2668 1568 2713 θεοῦ
1611 2668 1797 2727 μεγάλου
1844 2665 2129 2725 Σεμενούφιος

149 2738 408 2800 Σεμενοῦφις
429 2739 687 2796 Φανεῦ(τ)ος.
737 2742 893 2796 Neque
924 2743 1106 2785 nomina
1137 2755 1192 2784 ex
1223 2757 1343 2784 πετε-
1374 2745 1420 2784 et
1451 2743 1522 2784 dei
1542 2743 1796 2796 cuiuspiam
1830 2742 2129 2796 appellatione

67 2856 74 2867 ,
149 2815 400 2868 composita
430 2816 667 2856 hominum
701 2815 835 2857 modo
857 2827 969 2869 esse,
1002 2816 1081 2857 sed
1111 2816 1220 2856 item
1242 2815 1445 2870 deorum,
1478 2815 1835 2858 luculentissime
1856 2816 2045 2868 apparet
2075 2825 2128 2855 ex

148 2887 292 2930 titulis
326 2891 422 2942 444,
447 2892 484 2930 5.
511 2892 548 2929 6.
581 2891 676 2941 430,
701 2892 737 2929 8.
762 2892 800 2930 9.
827 2892 891 2942 40,
923 2888 1002 2930 ubi
1034 2891 1299 2942 comparent
1329 2885 1537 2931 Διονύσωι
1568 2894 1648 2930 τῶι
1678 2887 1749 2929 καὶ
1771 2885 2129 2944 Πετεμπαμέντει,

150 2955 405 3016 Πετενσήτει
433 2966 508 3001 τῶι
538 2958 611 3001 ’καὶ
643 2955 825 3016 Κρόνωι,
858 2957 1107 3016 Πετενσήνει
1136 2966 1214 3002 τῶι
1243 2955 1498 3016 καὶἛρμεῖ.
1561 2961 1885 3002 Recentissimo
1925 2961 2129 3012 tempore

150 3032 235 3074 alia
275 3033 411 3074 huius
450 3032 522 3073 dei
554 3043 789 3074 sacrorum
830 3034 1088 3076 testimonia
1129 3034 1417 3087 epigraphica
1454 3035 1499 3075 in
1537 3034 1685 3075 lucem
1727 3033 2005 3087 prodierunt.
2067 3032 2127 3073 Cf.

151 3102 320 3158 Fayum
350 3107 502 3147 towns
534 3105 622 3146 and
651 3105 769 3146 their
798 3107 962 3159 papyri
992 3117 1034 3159 p.
1060 3109 1111 3147 32
1145 3118 1185 3148 n.
1209 3106 1240 3159 1,
1263 3110 1302 3147 2.
1329 3110 1365 3147 3.
1409 3117 1451 3159 p.
1477 3109 1528 3146 33
1562 3118 1602 3148 n.
1625 3107 1676 3159 II,
1702 3109 1738 3146 3.
1780 3117 1821 3146 n.
1845 3106 1915 3157 ΙΙΙ,
1938 3108 1984 3144 2:
2026 3100 2129 3146 Πνε-

152 3182 308 3233 φερῶτι
346 3176 420 3218 καὶ
458 3174 742 3235 Πετεσούχωι.
804 3189 846 3231 p.
871 3181 922 3219 34
963 3191 1004 3220 n.
1027 3178 1098 3231 IV,
1126 3182 1166 3220 3:
1216 3175 1473 3236 Πετεσούχῳ
1513 3175 1603 3234 θεῷ
1644 3175 1816 3234 μεγάλῳ
1855 3174 1929 3218 καὶ
1970 3172 2130 3234 Πνεφε-

153 3253 267 3304 ρῶτι.
431 3251 453 3290 4
496 3250 623 3290 Anno
655 3251 700 3290 et
731 3249 887 3291 decem
919 3251 1152 3292 mensibus
1191 3252 1293 3292 ante
1323 3251 1444 3291 hunc
1474 3250 1657 3290 titulum
1690 3249 1947 3290 dedicatum
1981 3246 2131 3304 ἐπιφοί-

152 3333 240 3361 νεια
271 3320 341 3362 dei
364 3321 599 3363 Petesuchi
631 3321 747 3363 facta
776 3333 875 3364 esse
907 3323 1188 3364 credebatur.
1338 3327 1360 3363 5
1402 3310 1469 3378 βα’
1488 3322 1615 3375 lapis,
1648 3321 1907 3362 emendavit
1928 3319 2129 3362 Wilcken

155 3393 407 3435 certissima
430 3394 616 3435 ratione.
649 3393 932 3446 Significatur
948 3396 1085 3448 igitur
1104 3395 1270 3436 mensis
1294 3395 1448 3435 Iunius
1472 3394 1575 3434 anni
1596 3397 1645 3433 60
1665 3405 1701 3434 a.
1714 3393 1813 3434 Chr.
1827 3406 1869 3435 n.
1992 3398 2014 3435 6
2046 3390 2130 3436 Τα-

154 3461 286 3512 λεσως
317 3465 450 3519 lapis;
483 3465 607 3519 quod
641 3477 745 3507 cum
777 3466 945 3508 nullam
974 3466 1139 3509 habeat
1160 3466 1442 3520 probabilem
1465 3465 1822 3519 explicationem,
1855 3466 2131 3507 Wilckenius

156 3537 261 3588 quia
291 3537 365 3578 hic
397 3538 581 3590 originis
613 3537 876 3590 significatio
909 3539 1239 3581 desideraretur
1269 3537 1541 3591 emendavit,
1573 3548 1678 3578 cum
1701 3539 1900 3578 sumeret
1921 3539 2055 3579 alicui
2078 3549 2128 3578 ex

159 3609 393 3660 permultis
425 3610 551 3661 vicis,
584 3621 700 3662 quos
732 3621 896 3651 nomus
926 3611 1177 3652 Arsinoites
1208 3609 1417 3661 habebat,
1448 3605 1628 3654 Τάλεσις
1658 3621 1824 3651 nomen
1855 3610 2005 3651 fuisse.
