2314 3970
91 225 161 278 90]
571 223 813 264 Ptolemaei
834 222 872 262 V
904 223 1250 264 monumentum
1280 222 1588 264 Rosettanum.
1959 224 2060 274 157

232 396 426 466 πλῆθος
465 397 555 448 οὐκ
594 397 758 467 ὀλίγον
805 394 891 448 καὶ
935 398 1256 466 καταστήσας
1307 395 1467 455 ἱππεῖς
1513 415 1567 448 τε
1604 393 1691 448 καὶ
1727 392 1908 454 πεζοὺς
1944 393 2066 466 πρὸς

231 487 315 552 τῆι
340 484 564 553 φυλακῆι
587 482 592 553 Ι
619 484 778 537 αὐτῶν
795 485 853 552 ⁷8,
875 484 926 536 ἐν
955 483 1130 554 ὀλίγωι
1153 484 1344 554 χρόνωι
1367 483 1455 552 τήν
1482 502 1536 535 τε
1561 483 1704 535 πόλιν
1730 478 1862 535 κατὰ
1890 479 2067 552 κράτος

232 567 362 621 εἷλεν
409 567 496 621 καὶ
539 567 653 628 τοὺς
698 571 749 623 ἐν
797 570 947 640 αὖτῆι
995 569 1193 640 ἀσεβεῖς
1237 567 1426 629 πάντας
1479 569 1780 641 διέφθειρεν,
1837 566 2067 639 καθάπερ

231 651 458 725 [Ἑρμ]ῆς
507 655 594 708 καὶ
620 649 764 726 Ὦρος
811 657 836 708 ὁ
875 660 963 726 τῆς
997 649 1150 715 Ἴσιος
1194 653 1280 708 καὶ
1322 652 1534 726 Ὀσίριος
1581 654 1685 716 υἱὸς
1731 655 2066 727 ἐχειρώσαντο

229 740 344 801 τοὺς
370 744 421 795 ἐν
449 741 552 802 τοῖς
580 743 747 802 αὐτοῖς
771 743 776 813 Ι
804 743 971 802 τόποις
986 744 1031 778 ⁷⁹
1057 739 1370 801 ἀποστάντας
1396 744 1646 813 πρότερον.
1674 741 1789 802 τοὺς
1815 740 1905 813 (δὲ)
1935 741 2068 814 ἀφη-

230 829 599 900 γησαμένους80
636 833 732 882 τῶν
774 827 1090 882 ἀποστάντων
1139 826 1219 881 ἐπὶ
1264 831 1351 881 τοῦ
1390 830 1569 882 ἑαυτοῦ
1613 828 1801 901 πατρὸς
1844 828 1930 882 καὶ
1979 828 2067 901 τὴν

89 1019 509 1062 circumvallaverat
539 1030 618 1060 rex
648 1019 824 1072 urbem,
856 1030 994 1072 quam
1018 1029 1066 1059 se
1097 1020 1200 1059 ante
1230 1018 1570 1060 inundationem
1591 1018 1681 1061 Nili
1703 1021 1945 1073 capturum
1969 1030 2069 1074 spe-

88 1092 227 1134 rabat.
280 1092 364 1133 Sed
395 1104 501 1133 cum
534 1091 709 1133 obsidio
741 1091 1077 1144 exspectatione
1107 1091 1284 1143 longius
1306 1091 1574 1144 traheretur,
1605 1092 1858 1133 verendum
1889 1094 1986 1134 erat
2015 1103 2070 1133 ne

87 1164 301 1206 fluctibus
332 1165 478 1206 amnis
509 1165 653 1217 ipsius
685 1163 870 1217 quidem
902 1174 1040 1216 opera
1071 1163 1340 1215 delerentur,
1374 1164 1804 1216 Lycopolitanorum
1828 1176 1935 1206 vero
1959 1164 2070 1206 urbs

89 1237 260 1290 campis
298 1237 430 1289 longe
479 1237 657 1289 lateque
704 1247 822 1289 aqua
866 1236 1094 1288 coopertis
1142 1237 1382 1288 tegeretur.
1445 1235 1574 1284 Quod
1621 1247 1677 1277 ne
1713 1236 1852 1290 fieret,
1893 1237 2070 1278 canales

89 1309 285 1351 molibus
305 1308 580 1350 claudendos
602 1309 780 1350 curavit
800 1319 892 1349 rex.
1054 1311 1106 1349 78
1147 1309 1213 1349 Sc.
1254 1312 1339 1350 τῶν
1381 1306 1680 1367 ὠχυρωμένων
1723 1307 1945 1364 στομάτων
1983 1315 2068 1352 τῶν

87 1386 305 1437 ποταμῶν.
363 1381 479 1423 Nam
510 1381 762 1435 periculum
794 1382 891 1421 erat
921 1391 975 1421 ne
997 1381 1287 1433 Lycopolitae
1309 1380 1627 1434 eruptionibus
1658 1393 1714 1422 ex
1745 1382 1913 1435 oppido
1943 1382 2070 1424 factis

88 1455 262 1496 canales
310 1455 484 1507 aperire
537 1455 582 1494 et
622 1464 810 1506 campos
858 1453 1232 1494 circumiacentes
1282 1453 1499 1494 inundare
1537 1456 1821 1496 conarentur.
1884 1455 1972 1496 Cur
2013 1455 2069 1497 ab

87 1527 171 1568 hac
211 1527 446 1580 aptissima
476 1526 705 1568 Letronnii
748 1527 793 1566 et
822 1525 1064 1567 Revillouti
1104 1526 1474 1578 interpretatione
1515 1526 1752 1567 dissentiat
1793 1527 1989 1580 Mahaffy
2027 1530 2072 1569 et

87 1597 225 1641 αὐτῶν
264 1599 321 1640 ad
358 1599 610 1652 seditiosos,
650 1610 848 1651 quorum
890 1597 1101 1639 versibus
1139 1599 1346 1651 proxime
1387 1598 1699 1652 superioribus
1740 1599 1862 1641 nulla
1902 1602 2069 1642 mentio

87 1670 203 1713 facta
232 1673 313 1725 est,
345 1670 510 1712 referre
540 1671 668 1712 malit
707 1682 797 1712 non
835 1671 1074 1724 perspicio.
1287 1674 1338 1712 79
1381 1671 1644 1714 Drumanno
1683 1672 1902 1714 calliditas
1933 1685 2070 1726 quae-

89 1744 194 1785 dam
225 1743 515 1785 sacerdotum
555 1743 744 1785 subesse
782 1743 976 1796 videtur‚
1019 1744 1097 1796 qui
1138 1754 1193 1784 ex
1233 1744 1415 1785 nomine
1445 1741 1600 1786 Λύκων
1631 1742 1755 1790 πόλις
1797 1745 2069 1799 collegerint,

88 1816 133 1856 in
164 1816 238 1856 illa
269 1816 368 1869 ipsa
400 1816 579 1868 regione
611 1810 876 1869 Typhonem
908 1817 1174 1868 superatum
1206 1827 1306 1857 esse
1337 1816 1394 1857 ab
1425 1817 1558 1870 Horo,
1601 1817 1771 1870 quippe
1811 1818 1885 1858 cui
1916 1817 1972 1858 ab
2004 1819 2070 1858 in-

89 1887 193 1929 feris
239 1888 378 1929 Osiris
425 1890 553 1941 pater
599 1888 766 1929 auxilio
812 1888 988 1929 veniret
1031 1888 1127 1941 lupi
1171 1888 1316 1940 figura
1362 1886 1493 1943 (λύκῳ
1534 1887 1612 1945 τὴν
1661 1886 1755 1947 ὄψιν
1802 1887 2072 1945 ὁμοιωθέντα

88 1959 272 2001 Diodor.
295 1960 326 2012 I,
350 1963 417 2012 88,
442 1962 494 2012 6).
553 1959 610 2000 At
640 1960 731 2000 hoc
762 1960 966 2012 argutius
997 1971 1135 2012 quam
1158 1961 1315 2002 verius
1337 1960 1618 2014 disputatum
1645 1961 1837 2003 videtur.
1889 1963 2069 2004 Rectius

89 2030 283 2085 Mahaffy
316 2031 590 2085 observavit,
622 2032 843 2073 usitatum
873 2033 960 2073 hoc
990 2032 1129 2074 fuisse
1161 2033 1206 2073 in
1238 2033 1600 2075 Ptolemaeorum
1631 2045 1768 2087 regno
1801 2034 2070 2077 adulationis

90 2115 241 2158 genuS,
280 2106 332 2145 ut
362 2104 495 2157 idem,
527 2104 651 2157 quod
682 2116 762 2146 rex
793 2105 955 2158 aliquis
986 2105 1181 2157 gloriose
1213 2107 1426 2159 gesserat,
1465 2107 1597 2148 antea
1629 2106 1764 2148 deum
1807 2108 2069 2160 quempiam

90 2176 363 2231 Aegyptium
393 2177 552 2218 fecisse
582 2177 895 2231 praedicarent
927 2189 1015 2220 non
1046 2178 1182 2220 modo
1213 2178 1370 2220 eadem
1402 2179 1588 2233 ratione,
1631 2179 1710 2221 sed
1742 2180 1878 2222 etiam
1909 2180 2068 2222 eodem

91 2249 202 2291 loco.
371 2253 421 2290 80
465 2250 736 2292 Particulam
777 2263 802 2292 a
842 2250 1034 2304 lapicida
1073 2251 1290 2292 omissam
1328 2251 1559 2305 supplevit
1590 2252 1825 2293 Letronne.
1877 2251 1917 2294 οἱ
1957 2251 2069 2309 ἀφη-

89 2319 323 2379 γησάμενοι
351 2327 434 2364 τῶν
466 2320 737 2364 ἀποστάντων
770 2323 882 2364 mihi
904 2323 1051 2364 eidem
1075 2323 1287 2365 videntur
1319 2324 1396 2376 qui
1428 2324 1548 2377 apud
1571 2324 1812 2377 Polybium
1833 2325 1969 2378 XXII,
1989 2328 2026 2378 7,
2047 2329 2062 2365 4

91 2393 194 2446 (not.
214 2394 279 2445 76)
313 2391 352 2435 οἱ
383 2392 581 2435 δυνάσται
607 2400 691 2436 τῶν
723 2390 965 2452 Αἰγυπτίων
997 2395 1199 2436 audiunt.
1249 2395 1408 2449 Neque
1444 2397 1565 2436 enim
1597 2407 1703 2437 cum
1734 2397 1996 2438 Drumanno
2028 2398 2073 2437 et

91 2465 329 2507 Letronnio
357 2471 441 2508 τῶν
473 2462 715 2523 Αἰγυπτίων
747 2467 802 2508 de
832 2468 957 2509 omni
987 2469 1118 2520 gente
1148 2468 1370 2522 intellego,
1413 2468 1493 2510 sed
1525 2468 1579 2509 de
1608 2469 1695 2510 illis
1726 2469 1962 2522 Aegyptiis
1993 2470 2071 2522 qui

90 2537 308 2591 Lycopoli
338 2538 676 2580 obsidebantur.
722 2539 892 2581 Horum
916 2541 1156 2594 principes,
1190 2552 1295 2582 cum
1317 2541 1524 2582 viderent
1546 2552 1698 2594 regem
1730 2541 1962 2583 canalibus
1996 2553 2071 2583 oc-

91 2610 227 2651 clusis
254 2611 592 2652 inundationem
618 2612 838 2653 avertisse
863 2613 966 2663 (huc
992 2614 1166 2666 spectat
1187 2610 1529 2670 καταπλαγέντες
1554 2612 1602 2655 τὸ
1624 2612 1824 2671 γεγονός),
1860 2615 1905 2655 in
1935 2613 2069 2655 fidem

91 2683 208 2735 regis
239 2684 460 2724 venerunt
491 2681 668 2736 (ἔδωκαν
701 2687 809 2740 σφᾶς
840 2681 993 2730 αὐτοὺς
1023 2683 1083 2732 εἰς
1120 2683 1198 2741 τὴν
1229 2687 1304 2727 τοῦ
1339 2683 1545 2740 βασιλέως
1575 2684 1737 2739 πίστιν),
1779 2687 1805 2727 i.
1839 2698 1876 2727 e.
1910 2686 2070 2728 urbem

91 2753 369 2796 dediderunt.
428 2755 544 2797 Nam
575 2756 630 2797 de
661 2756 887 2798 deditione
918 2757 1039 2810 apud
1069 2758 1295 2799 Romanos
1336 2757 1578 2799 formulam
1607 2753 1677 2800 ‘in
1706 2755 1906 2801 alicuius
1934 2756 2072 2812 fidem

89 2821 258 2870 venire'
290 2828 499 2880 usurpari
530 2829 576 2869 in
607 2828 768 2882 volgus
799 2831 958 2871 notum
989 2831 1069 2871 est.
1132 2830 1193 2872 Cf.
1225 2830 1381 2883 Polyb.
1406 2831 1502 2884 XX,
1527 2835 1564 2885 9,
1588 2834 1639 2871 ⁴0
1663 2842 1760 2884 sqq.
1823 2831 2073 2872 Crudeliter

92 2909 118 2940 a
146 2899 401 2941 Ptolemaeo
431 2900 578 2953 puniti
609 2903 713 2942 sunt
752 2901 1072 2943 seditiosorum
1104 2903 1352 2956 principes;
1395 2914 1486 2956 qua
1527 2914 1582 2944 ex
1623 2914 1671 2944 re
1710 2903 1836 2956 quod
1877 2904 2072 2956 scriptor

90 2970 198 3012 dicit
228 2972 370 3013 multa
399 2973 603 3025 pericula
633 2975 737 3014 nata
767 2985 867 3015 esse
897 2976 1004 3028 regi,
1043 2974 1089 3016 id
1120 2986 1210 3016 non
1241 2987 1347 3016 cum
1379 2976 1642 3017 Drumanno
1675 2975 1731 3016 ad
1762 2976 2070 3017 continuatam

92 3042 394 3085 defensionem
426 3045 679 3099 Lycopolis,
717 3057 833 3099 quae
872 3048 971 3088 tum
1002 3048 1092 3089 iam
1125 3047 1276 3089 dedita
1307 3049 1415 3101 erat,
1455 3048 1536 3089 sed
1576 3048 1634 3089 ad
1674 3048 1880 3089 iteratam
1912 3048 2070 3100 paucis

91 3116 217 3156 annis
246 3118 352 3169 post
381 3117 650 3158 seditionem
681 3118 849 3172 (Polyb.
867 3119 1043 3173 XXVII,
1066 3123 1105 3173 7,
1129 3124 1255 3174 2—7,
1287 3120 1340 3162 cf.
1373 3122 1464 3162 not.
1493 3120 1558 3172 76)
1590 3120 1873 3161 referendum
1906 3121 1987 3173 est,
2019 3122 2071 3160 ut

91 3187 225 3228 etiam
254 3189 520 3231 Letronnius
551 3190 733 3244 iudicat,
772 3192 857 3232 etsi
887 3193 926 3233 is
958 3189 1162 3239 δυνάστας
1193 3204 1283 3234 non
1314 3192 1548 3234 seditionis
1579 3194 1788 3233 auctores
1819 3192 1898 3244 qui
1929 3192 2070 3244 Lyco-

26 3292 30 3308 .
90 3259 184 3312 poli
221 3259 396 3302 obsessi
426 3263 565 3314 erant,
607 3262 687 3303 sed
726 3263 1007 3315 singulorum
1038 3276 1280 3306 nomorum
1311 3276 1393 3318 per
1423 3266 1571 3306 totum
1611 3275 1801 3316 regnum
1842 3264 2070 3316 principes

91 3329 421 3385 interpretatur.
482 3334 654 3374 Dixerit
683 3335 924 3390 quispiam,
964 3339 1282 3391 expugnatam,
1321 3348 1409 3378 non
1445 3336 1643 3377 deditam
1682 3335 1845 3376 urbem
1884 3335 2070 3377 indicari

92 3413 135 3444 v.
156 3406 209 3444 26
245 3403 355 3446 κατὰ
391 3404 547 3463 κράτος
587 3403 689 3447 εἷλε.
747 3407 804 3448 At
846 3409 934 3450 hoc
974 3409 1217 3450 discrimen
1259 3410 1376 3450 inter
1412 3408 1596 3449 titulum
1636 3409 1680 3448 et
1709 3407 1886 3460 Polybii
1917 3420 2069 3450 narra-

90 3474 258 3517 tionem
295 3478 525 3530 quomodo
565 3480 721 3520 natum
763 3481 821 3521 sit
861 3480 989 3522 facile
1027 3483 1313 3535 perspicitur.
1383 3481 1558 3521 Etenim
1607 3481 1819 3522 atrocitas
1858 3481 2070 3534 supplicii

33 3532 36 3557 ¹
90 3555 251 3588 eorum
298 3550 376 3602 qui
417 3550 686 3592 defectiones
726 3553 952 3606 principes
993 3553 1170 3595 fuerant
1208 3554 1358 3594 minus
1398 3551 1658 3593 offensionis
1690 3552 1898 3606 habebat,
1939 3554 1976 3594 si
2008 3553 2071 3593 illi

93 3627 180 3659 non
211 3630 292 3662 sua
322 3624 483 3674 sponte
518 3624 564 3663 in
596 3622 867 3666 deditionem
902 3628 1129 3668 venerant.
1191 3625 1338 3673 Quare
1377 3625 1681 3665 assentatione
1719 3625 1792 3665 hic
1831 3625 2066 3666 veritatem

94 3691 156 3730 rei
187 3694 334 3742 gestae
365 3706 390 3734 a
421 3695 733 3737 sacerdotibus
765 3696 999 3738 obscurari
1030 3708 1301 3750 persuasum
1334 3696 1494 3737 habeo.
1596 3692 1602 3700 '
