2314 3970
242 229 343 280 388
875 226 946 266 IV.
993 226 1193 277 Regnum
1225 226 1572 266 Seleucidarum.
2051 228 2209 280 [234.-

300 413 354 454 25
384 400 555 471 χώραν
588 396 904 449 ἀναδεικνόει
942 394 1123 448 ἄσυλον
1163 393 1247 448 καὶ
1288 392 1425 467 ἱερὰν
1443 398 1486 432 1⁸
1522 399 1608 449 τοῦ
1648 397 1765 458 Διὸς
1802 396 2212 470 ΧρυσαορέΙΙως19

382 484 467 537 καὶ
514 480 819 542 Ἀπόλλωνος
863 478 1179 552 Ἰσοτίμουῖθ,
1238 480 1320 535 τὸν
1370 481 1424 535 δὲ
1473 483 1630 553 δᾶμον
1682 484 1843 538 αὐτῶν
1891 484 1977 538 καὶ
2027 486 2208 556 βασιλῆ

378 567 621 640 Ἀντίοχον
664 567 670 639 Ι
711 568 918 638 ἐπαινεῖ,
958 566 1042 622 καὶ
1081 569 1317 640 στεφανοῖ
1354 566 1587 640 ἑκάτερον
1626 571 1780 625 εἰκόνι
1814 572 2034 643 χαλκέαι
2067 573 2213 624 ὀκτα-

381 658 541 727 πάχεϊ
585 654 666 708 ἐπὶ
702 659 827 710 πᾶσι
867 655 873 727 Ι
913 656 1015 715 τοῖς
1052 656 1525 727 προγεγραμμένοις.
1579 660 1759 712 στᾶσαι
1796 658 1851 711 δὲ
1888 656 1980 718 τὰς
2018 658 2213 718 εἰκόνας

381 744 432 796 ἐν
478 745 569 796 τῶι
617 744 756 814 ἱερῶι
800 746 888 797 τοῦ
930 739 1249 815 ἈπόλΙλωνος
1293 746 1380 796 τοῦ
1419 742 1615 796 Πυθίου
1652 743 1738 798 καὶ
1775 748 1985 817 καρῢξαι
2022 748 2073 799 ἐν
2111 746 2214 805 τοῖς

383 829 616 889 Πυθίοις·
661 831 854 884 ἐπαινεῖ
893 830 947 883 δὲ
985 827 1069 883 καὶ
1109 828 1457 902 ΠαυσίΙμαχον
1493 828 1815 902 Ἰατροκλέος,
1853 833 1938 886 καὶ
1978 834 2214 904 στεφανοῖ

299 930 352 970 30
380 917 602 988 χρυσέωι
649 915 899 989 στεφάνωι
948 917 1128 989 ἀρετᾶς
1176 915 1353 989 ἕνεΙΙκεν
1401 915 1488 970 καὶ
1536 920 1822 989 φιλοτιμίας
1869 923 1958 979 τᾶς
2002 920 2073 979 εἰς
2120 917 2212 973 τάν

383 1003 535 1056 αὑτοῦ
572 1005 806 1076 πατρίδα.
857 1003 943 1057 καὶ
980 1006 1189 1076 καρῦξαι
1224 1003 1307 1057 τὸν
1345 1002 1601 1076 στέΙφανον
1630 1005 1782 1059 αὐτοῦ
1808 1006 1860 1059 ἐν
1886 1009 1970 1059 τᾶι
1993 1005 2210 1076 πατρίδι,

380 1093 496 1145 ὅταν
536 1090 738 1162 εἰσάγηι
774 1090 856 1145 τὸν
893 1094 990 1145 τῶν
1030 1091 1298 1163 Σωτηρίων
1340 1090 1670 1163 στέΙφανονῖῙ.
1733 1094 1867 1153 ὅπως
1902 1092 1956 1145 δὲ
1981 1092 2068 1146 καὶ
2095 1092 2215 1146 ὑπό-

382 1198 555 1249 μναμα
579 1178 637 1249 ἧι
663 1180 734 1238 εἰς
767 1179 963 1232 ἅπαντα
997 1177 1078 1232 τὸν
1104 1180 1305 1250 χρόνον,
1347 1177 1639 1250 ἀναγράψαι
1678 1178 1686 1251 Ι
1725 1181 1840 1232 τόδε
1874 1178 1928 1232 τὸ
1969 1178 2214 1252 ψάφισμα

380 1266 432 1318 ἐν
478 1268 562 1319 τᾶι
610 1264 755 1336 βάσει
801 1269 886 1318 τᾶι
932 1269 1019 1318 τοῦ
1069 1266 1316 1337 βασιλέως
1360 1261 1613 1337 Ἀντιόχου
1663 1267 1715 1319 ἐν
1762 1269 1853 1319 τῶι
1892 1265 1900 1338 Ι
1944 1267 2082 1338 ἱερῶι
2126 1270 2215 1319 τοῦ

296 1365 350 1406 35
377 1348 682 1411 Ἀπόλλωνος
718 1355 805 1405 τοῦ
845 1351 1057 1421 Πυθίου,
1097 1353 1183 1405 καὶ
1223 1353 1518 1406 ἀποστεῖλαι
1548 1350 1659 1406 ποτ’
1695 1349 1963 1425 Ἀντιοχεῖς
1999 1352 2016 1423 ΙΙ
2052 1373 2215 1425 σφρα-

379 1439 738 1509 γισαμένους22
774 1441 859 1492 τᾶι
894 1442 1059 1492 κοινᾶι
1096 1442 1192 1493 τῶν
1227 1436 1583 1511 Ἀμφικτιόνων
1623 1440 1875 1512 σφραγῖδι.

530 1523 800 1586 Mezada&
838 1527 1037 1596 ἐπόησε.

352 1691 405 1729 48
447 1687 560 1728 Cum
592 1687 792 1728 Couvius
823 1687 897 1727 hic
927 1687 998 1727 ius
1029 1687 1159 1741 asyli,
1191 1686 1314 1740 quod
1339 1686 1444 1728 urbi
1475 1687 1565 1728 iam
1595 1688 1727 1728 antea
1751 1697 2019 1728 concessum
2043 1685 2214 1741 fuisset,

235 1761 370 1801 etiam
402 1760 458 1801 ad
488 1759 730 1801 delubrum
759 1760 879 1800 Iovis
911 1760 956 1800 et
984 1758 1203 1812 Apollinis
1233 1758 1466 1801 transferri
1504 1760 1716 1813 opinatus
1746 1761 1878 1813 esset,
1920 1761 2042 1801 recte
2072 1759 2215 1801 Haus-

236 1833 423 1873 soullier
451 1832 633 1873 monuit
662 1831 945 1872 contrarium
974 1831 1129 1885 potius
1159 1842 1322 1873 verum
1353 1842 1467 1873 esse.
1527 1831 1704 1873 Etenim
1742 1843 1848 1873 cum
1889 1831 1965 1873 illa
1995 1831 2096 1873 fana
2125 1832 2216 1872 iam

234 1904 411 1958 pridem
442 1915 570 1945 sacra
599 1905 645 1944 et
672 1903 951 1945 inviolabilia
988 1902 1143 1945 habita
1173 1905 1338 1958 essent,
1375 1903 1710 1946 Alabandenses
1747 1904 1974 1958 probante
2002 1903 2216 1957 Amphic-

233 1978 411 2019 tionum
441 1976 630 2018 consilio
662 1977 806 2017 totam
836 1975 999 2016 urbem
1029 1975 1118 2017 illis
1150 1975 1245 2017 deis
1276 1986 1555 2029 consecrare,
1593 1978 1648 2018 ut
1687 1978 1787 2030 ipsa
1824 1987 2009 2030 quoque
2047 1975 2217 2029 asyliae

233 2050 461 2103 particeps
499 2050 633 2090 esset.
693 2048 823 2096 Quod
858 2048 933 2089 illa
973 2049 1118 2089 aetate
1159 2048 1281 2089 haud
1318 2049 1585 2089 inusitatum
1625 2047 1724 2102 fuit,
1774 2059 1863 2089 non
1905 2050 1999 2089 tam
2035 2048 2217 2101 pietatis
2284 2084 2287 2086 ,

233 2132 372 2162 causa
400 2132 539 2174 quam
567 2121 791 2173 utilitatis,
830 2131 994 2174 nempe
1023 2122 1076 2161 ut
1105 2131 1186 2174 per
1215 2120 1334 2161 bella
1363 2131 1536 2174 regum,
1577 2120 1729 2173 qualia
1767 2122 1866 2161 tum
1903 2119 2215 2173 imminebant,
2278 2108 2288 2167 ἦ

234 2194 290 2234 ab
321 2195 622 2246 utrorumque
651 2193 698 2234 vi
729 2194 774 2233 et
803 2193 942 2233 armis
980 2194 1104 2234 tutae
1141 2194 1292 2238 essent
1330 2193 1551 2234 civitates.
1613 2192 1675 2234 Cf.
1718 2192 1768 2234 H.
1789 2192 1954 2234 Usener
1990 2193 2102 2234 Mus.
2135 2193 2214 2232 Rh.

232 2266 379 2307 XXIX
407 2277 451 2319 p.
476 2269 528 2307 38
546 2276 644 2318 sqq.
696 2264 840 2313 Quam
879 2275 1007 2318 spem
1046 2264 1196 2306 fallere
1227 2275 1363 2318 posse
1398 2276 1506 2306 sane
1537 2266 1695 2318 paucis
1726 2267 1834 2318 post
1863 2265 1950 2306 hoc
1981 2264 2215 2306 decretum

234 2339 362 2380 annis
393 2339 568 2391 experti
598 2339 704 2379 sunt
733 2337 1082 2391 Alabandenses,
1113 2349 1219 2378 cum
1249 2337 1485 2391 Philippus
1505 2337 1723 2378 Demetrii
1745 2336 1773 2378 f.
1805 2348 1924 2378 anno
1947 2340 2027 2378 ⁴90
2052 2349 2090 2378 a.
2112 2337 2215 2378 Chr.
2267 2342 2277 2369 ⁶,

233 2423 392 2453 eorum
425 2422 585 2463 agrum
614 2411 913 2465 popularetur
952 2410 1127 2464 (Polyb.
1155 2409 1271 2464 XVI,
1294 2412 1362 2464 24,
1386 2413 1430 2451 8:
1470 2407 1547 2466 τὴν
1589 2403 1623 2450 δ’
1643 2404 1932 2465 Ἀλαβανδέων
1971 2409 2116 2468 χώραν
2157 2409 2216 2456 ὡς

231 2481 440 2540 πολεμίαν
476 2480 747 2542 κατέφθειρε,
788 2482 927 2541 φήσας
965 2481 1196 2541 ἀναγκαῖον
1239 2480 1348 2524 εἶναι
1384 2479 1568 2539 πορίζειν
1605 2481 1669 2539 τῷ
1703 2479 1984 2540 στρατεύματι
2021 2479 2075 2523 τὰ
2111 2481 2217 2538 πρὸς

231 2555 310 2613 τὴν
345 2553 538 2613 τροφήν).
584 2555 818 2597 Holleaux.
966 2559 1018 2597 49
1063 2555 1124 2597 Cf.
1156 2554 1317 2596 strabo
1349 2554 1463 2608 XIV,
1495 2557 1534 2608 2,
1564 2557 1617 2596 25
1650 2565 1694 2608 p.
1718 2557 1798 2594 660
1831 2554 1951 2596 Cas.:
1994 2551 2085 2596 ἔστι
2116 2547 2149 2595 δ’
2171 2552 2215 2595 ἐν

232 2627 288 2687 τῇ
325 2629 449 2686 χώρᾳ
483 2633 567 2670 τῶν
599 2624 916 2684 Στρατονικέων
959 2625 1033 2670 δύο
1073 2625 1177 2683 ἱερά,
1225 2625 1269 2670 ἐν
1310 2625 1387 2683 μὲν
1418 2623 1617 2684 Λαγίνοις
1651 2625 1700 2668 τὸ
1737 2629 1814 2682 τῆς
1847 2619 2031 2682 Ἑκάτης
2062 2623 2215 2683 ἐπιφα-

230 2699 445 2754 νέστατον,
475 2698 733 2759 πανηγύρεις
764 2698 952 2758 μεγάλας
984 2698 1162 2757 συνάγον
1192 2693 1282 2742 ’κατ’
1307 2697 1518 2742 ἐνιαυτόν·
1553 2696 1675 2758 ἐγγὺς
1707 2697 1754 2741 δὲ
1772 2701 1852 2755 τῆς
1874 2696 2041 2746 πόλεως
2071 2698 2119 2741 τὸ
2139 2700 2215 2740 τοῦ
2261 2695 2274 2741 ἦ
2313 2688 2314 2705 ³

231 2768 516 2831 Χρυσαορέως
546 2769 648 2819 Διὸς
676 2771 819 2815 ’κοινὸν
850 2771 1048 2816 ἁπάντων
1079 2769 1253 2828 Καρῶν,
1294 2770 1354 2819 εἰς
1385 2769 1407 2813 ὃ
1441 2769 1601 2814 συνίασι
1629 2769 1832 2819 θύσοντές
1861 2786 1908 2813 τε
1937 2769 2010 2814 καὶ
2040 2768 2214 2827 βουλευ-
2254 2752 2275 2805 ἦ
2303 2800 2305 2802 -

233 2843 404 2900 σόμενοι
433 2843 531 2902 περὶ
558 2850 643 2887 τῶν
673 2850 842 2887 κοινῶν.
990 2849 1042 2886 20
1086 2844 1263 2887 Nomen
1292 2843 1551 2886 inauditum
1582 2845 1627 2885 et
1657 2843 1906 2886 obscurum
1937 2844 2094 2885 dicunt
2123 2843 2217 2885 edi·
2258 2836 2273 2864 '⁶‘

231 2919 377 2971 tores3
410 2928 518 2959 sane
548 2917 655 2959 alibi
686 2929 775 2959 non
805 2918 980 2971 legitur,
1013 2918 1092 2959 sed
1114 2917 1224 2970 quid
1255 2917 1342 2958 sibi
1362 2917 1473 2958 velit
1502 2916 1630 2958 facile
1660 2918 1730 2958 est
1748 2917 1990 2958 intellectu.
2039 2915 2214 2969 Nempe
2259 2907 2269 2931 ⁵

233 2991 430 3043 antiquis
451 2990 616 3031 Carum
647 2991 800 3043 sacris,
833 2989 1000 3042 quibus
1028 2991 1182 3031 Iovem
1205 2989 1491 3042 Chrysaorea
1510 2989 1859 3043 venerabantur,
1891 2991 1995 3042 post
2021 2989 2213 3030 Graecas
2255 3002 2264 3005 ⁸

232 3063 440 3103 civitates
469 3062 516 3102 in
546 3062 675 3104 Caria
705 3061 912 3103 conditas
943 3062 1015 3103 vel
1046 3062 1224 3103 Caricas
1259 3063 1306 3103 in
1337 3062 1552 3104 Graecam
1592 3061 1788 3104 formam
1826 3063 2024 3103 mutatas
2063 3060 2214 3102 addita
2297 3110 2298 3114 Ι

234 3138 340 3176 sunt
369 3135 551 3176 novicia
579 3134 798 3188 Apollinis
827 3146 880 3175 ea
910 3133 1190 3189 condicione,
1228 3136 1280 3175 ut
1310 3135 1385 3176 hic
1415 3135 1526 3176 deus
1557 3146 1647 3176 non
1685 3135 1860 3175 minore
1890 3134 2063 3175 honore
2093 3134 2215 3174 esset
2252 3172 2259 3181 ,
2295 3118 2299 3199 Ι

234 3219 372 3261 quam
403 3208 491 3248 1116.
637 3210 681 3247 21
721 3206 927 3248 Victores
958 3219 1063 3248 cum
1095 3218 1309 3248 coronam
1341 3219 1367 3248 a
1397 3218 1446 3248 se
1476 3210 1654 3261 partam
1685 3208 1732 3248 in
1768 3207 1964 3261 patriam
1996 3205 2213 3247 referrent
2243 3192 2259 3238 *Ι

234 3281 408 3332 magnis
437 3279 691 3321 honoribus
723 3291 748 3320 a
778 3279 956 3321 civibus
988 3280 1135 3332 excipi
1166 3279 1326 3321 solitos
1356 3291 1457 3322 esse
1487 3281 1531 3322 in
1553 3280 1715 3332 volgus
1747 3281 1905 3321 notum
1936 3281 2017 3319 est.
2065 3277 2211 3325 Quare
2251 3271 2260 3287 ¹
2292 3307 2294 3326 Ι

234 3352 670 3405 Ροι151111361111η1μοᾱ
700 3352 872 3394 Soteria
901 3352 1098 3405 Delphos
1128 3354 1307 3394 venisse
1348 3354 1560 3394 existimo
1592 3352 1747 3406 ibique
1776 3352 1942 3393 vicisse
1981 3351 2028 3391 in
2059 3350 2210 3403 aliquo
2246 3334 2258 3363 ¹
2290 3395 2292 3408 Ι

233 3436 288 3464 ex
329 3425 652 3466 certaminibus
694 3425 848 3466 sacris.
917 3425 1045 3465 Certe
1086 3425 1218 3466 aliam
1257 3425 1542 3478 probabilem
1578 3425 1828 3467 verborum
1864 3423 2210 3477 explicationem
2248 3432 2249 3441 ¹

233 3496 366 3538 video
397 3497 579 3539 nullam.
631 3497 784 3539 Couve
805 3508 913 3538 sane
934 3497 1106 3538 Soteria
1126 3497 1343 3549 intellegit
1367 3498 1500 3540 ferias
1519 3498 1784 3539 Antiochiae
1805 3496 2210 3548 Chrysaorensium
2288 3529 2289 3541 ,

233 3568 409 3610 habitas
430 3570 475 3610 in
496 3571 719 3610 honorem
734 3569 944 3610 Antiochi
973 3570 1164 3622 Soteris;
1197 3570 1243 3610 in
1268 3570 1437 3622 quibus
1461 3582 1516 3612 eo
1538 3572 1758 3623 tempore,
1783 3580 1874 3622 quo
1898 3569 2100 3622 praemia
2114 3568 2209 3609 vie·
2286 3610 2287 3622 Ι

233 3641 410 3682 toribus
442 3642 714 3696 dividantur,
751 3643 868 3683 hanc
899 3653 1112 3684 coronam
1143 3643 1490 3684 renuntiandam
1527 3654 1639 3684 esse.
1698 3642 1756 3683 At
1794 3652 1940 3694 neque
1971 3640 2208 3694 singularis
2284 3626 2287 3675 ἕ

231 3711 302 3753 τὸν
334 3712 551 3770 στέφανον,
587 3726 732 3766 neque
764 3714 955 3756 verbum
987 3713 1165 3772 εἰσάγηι,
1198 3715 1327 3755 cuius
1359 3716 1615 3756 subiectum
1647 3725 1781 3755 nemo
1812 3724 1911 3755 esse
1942 3715 2095 3766 potest
2122 3711 2208 3754 nisi
2252 3703 2255 3706 ’

2262 2472 2282 2658 «Ἀλκεθοπω
2275 2446 2277 2449 -
2271 2413 2282 2422 ι
