2314 3970
116 201 213 253 224]
592 199 842 240 Antiochus
871 200 888 239 I
921 200 1048 241 Soter
1079 200 1312 251 (280-264
1342 211 1379 239 a.
1402 199 1502 240 Chr.
1527 199 1596 250 n.).
1991 201 2093 251 345

178 387 229 428 15
259 372 344 425 καὶ
396 370 478 424 τὸν
522 372 527 443 Ι
571 373 745 442 δῆμον,
799 371 930 426 εἶναι
979 372 1032 425 δὲ
1084 371 1233 426 αὐτὸν
1282 371 1367 424 καὶ
1418 371 1665 443 πρόξεΙΙνον
1705 370 1790 424 καὶ
1831 372 2093 442 εὐεργέτην

257 464 345 528 τῆς
383 460 599 517 πόλεως·
644 458 650 529 Ι
692 460 933 512 δεδόσθαι
973 455 1017 510 δ’
1065 460 1221 511 αὖτῶι
1259 456 1343 511 καὶ
1367 459 1619 511 πολιτείαν
1649 457 1656 530 Ι
1685 456 1770 511 καὶ
1797 457 2095 528 (ἔγ)κτησιν7

258 544 342 598 καὶ
380 544 566 615 ἔφοδον
616 544 696 597 ἐπὶ
745 546 833 617 τὴν
877 548 882 616 Ι
926 546 1107 616 βουλὴν
1156 545 1240 597 καὶ
1280 544 1361 597 τὸν
1411 548 1568 615 δῆμον
1606 544 1875 616 πρώτω(ι8)
1919 543 1923 614 Ι
1967 541 2092 614 μετὰ

175 645 229 684 20
260 628 322 684 τὰ
374 629 497 702 ἱερά.
564 633 745 690 ἐξεῖναι
795 631 842 683 δ’
899 633 1055 684 αὐτῶι
1103 631 1189 683 καὶ
1228 630 1244 702 ΙΙ
1278 632 1349 689 εἰς
1398 631 1559 702 φυλὴν
1610 630 1695 683 καὶ
1742 632 1985 702 φρατρίαν
2031 633 2092 701 ἢν

256 717 316 770 ἂν
357 717 613 788 βούΙληται
652 717 1021 789 ἐ[γγράφεσθαι
1058 747 1357 755 ---------
1367 717 1383 785 ]
2058 715 2062 717 ’

111 878 316 929 Namque
367 878 411 917 id
462 879 620 930 utique
669 878 765 918 fieri
816 877 1032 930 nequibat
1077 877 1186 918 dum
1233 876 1353 917 filius
1409 878 1520 916 natu
1571 878 1798 918 maximus
1847 879 2096 919 Antiochus

113 951 167 1001 (n.
192 953 288 1002 232,
314 953 350 990 4.
384 952 481 1002 233,
505 950 543 1000 5)
576 951 694 990 inter
723 951 856 991 vivos
887 951 1002 1001 erat;
1043 949 1167 1001 atqui
1200 959 1305 988 eum
1338 959 1454 988 anno
1491 951 1567 988 493
1594 960 1630 989 a.
1655 949 1754 989 Chr.
1789 949 1973 990 deinum
2006 950 2095 990 fato

114 1022 318 1062 functum
359 1032 459 1062 esse
497 1024 678 1062 constat
715 1022 821 1073 (Liv.
853 1021 1032 1074 XXXV,
1057 1025 1123 1073 45,
1148 1020 1201 1072 2),
1248 1031 1354 1060 cum
1395 1031 1447 1060 ea
1490 1031 1607 1071 quae
1646 1021 1718 1060 hic
1759 1024 2011 1073 narrantur,
2059 1022 2096 1061 si

113 1095 296 1135 omnino
337 1094 393 1134 ad
430 1094 703 1135 Antiochum
745 1095 955 1146 Magnum
997 1094 1268 1145 spectarent,
1307 1093 1466 1144 utique
1507 1091 1563 1132 ad
1604 1103 1772 1133 annum
1813 1096 1895 1133 496
1925 1106 1962 1134 a.
1994 1093 2095 1133 Chr.

111 1166 343 1207 referenda
381 1168 543 1207 essent.
605 1166 735 1214 Quod
781 1168 939 1206 contra
978 1165 1032 1205 de
1072 1164 1294 1205 Antiocho
1326 1165 1342 1203 I
1380 1164 1533 1204 omnia
1578 1164 1777 1216 perbene
1822 1176 1870 1205 se
1917 1165 2097 1217 hahent,

111 1238 363 1279 dummodo
394 1250 463 1291 ne,
503 1240 555 1278 ut
585 1249 667 1289 ego
702 1238 810 1278 olim
844 1237 938 1289 feci,
981 1237 1219 1276 Seleucum
1259 1247 1410 1288 regem
1451 1236 1765 1287 intellegamus
1805 1238 1979 1289 patrem
2014 1238 2099 1277 An-

111 1311 249 1352 tiochi
280 1310 556 1362 defunctum,
599 1310 678 1350 sed
708 1309 850 1350 filium
884 1310 993 1350 natu
1025 1309 1243 1349 maiorem
1284 1320 1307 1348 a
1340 1311 1468 1361 patre
1499 1309 1544 1349 in
1576 1310 1840 1350 societatem
1871 1310 1996 1360 regni
2029 1321 2097 1349 as-

111 1386 361 1434 sumptum,
393 1382 439 1422 id
470 1381 592 1434 quod
621 1381 899 1422 Wilckenius
929 1383 974 1421 et
1005 1380 1370 1422 Haussoullierus
1401 1381 1538 1433 primi
1570 1384 1912 1433 perspexerunt.
1962 1381 2098 1423 Nam-

112 1466 199 1507 que
230 1455 344 1495 hanc
375 1455 499 1506 regni
531 1454 794 1494 societatem
828 1454 882 1494 de
905 1454 1031 1494 annis
1055 1456 1282 1493 275-269
1306 1465 1343 1494 a.
1367 1453 1468 1493 Chr.
1492 1465 1533 1493 n.
1556 1455 1780 1494 testantur
1812 1455 1930 1494 tituli
1952 1454 2099 1506 Baby-

111 1528 220 1567 lonii
251 1528 477 1579 scriptura
498 1526 766 1567 cuneii'ormi
797 1526 1006 1578 concepti
1036 1536 1154 1578 quos
1187 1523 1317 1566 affert
1338 1525 1542 1566 Wilcken
1564 1525 1687 1578 apud
1708 1526 2099 1578 Pauly-Wissowa

112 1598 544 1651 Realencyklopiidie
567 1599 597 1651 Ι,
621 1602 645 1638 2
678 1609 721 1650 p.
745 1600 872 1651 2452,
906 1609 1011 1638 cum
1033 1598 1162 1638 annis
1185 1601 1282 1650 266,
1314 1601 1411 1650 265,
1441 1601 1523 1637 263
1548 1609 1585 1639 a.
1608 1598 1708 1638 Chr.
1733 1599 1823 1638 iam
1845 1599 2098 1639 Antiochus

113 1671 163 1722 (11
194 1671 343 1724 Deus),
376 1670 493 1711 filius
524 1673 633 1711 natu
666 1672 827 1723 minor,
859 1682 963 1710 cum
997 1672 1126 1723 patre
1156 1681 1348 1722 regnans
1380 1672 1679 1711 recenseatur.
1743 1670 1840 1718 Qua
1871 1672 2100 1712 vicissitu-

82 1743 214 1784 'dine
245 1743 503 1784 confirmari
533 1743 815 1784 narrationes
848 1745 1055 1783 veterum
1098 1743 1153 1783 de
1185 1743 1354 1783 maiore
1384 1742 1593 1783 Antiochi
1635 1742 1726 1783 filio
1767 1746 1957 1795 propter
1993 1744 2099 1783 insi-

111 1815 288 1856 diarum
320 1815 628 1867 suspicionem
661 1814 717 1855 ab
756 1815 857 1867 ipso
898 1817 1025 1867 patre
1064 1816 1222 1856 necato
1266 1814 1332 1866 (cf.
1365 1814 1498 1866 Trogi
1528 1815 1642 1867 prol.
1667 1817 1741 1855 26:
1782 1816 1833 1856 ut
1871 1812 1926 1856 in
1959 1812 2100 1869 Syria

110 1899 190 1928 ‘rex
227 1884 478 1928 Antiochus
515 1884 780 1941 cognomine
818 1883 944 1928 Soter
979 1884 1118 1928 altero
1163 1883 1263 1939 filio
1308 1883 1464 1938 occiSO,
1510 1883 1648 1927 altero
1692 1898 1792 1940 φερε
1835 1888 2099 1941 nuncupato

111 1956 331 2000 Antiocho
362 1956 605 2000 decesserit.
684 1959 875 1999 Ioannes
921 1959 1228 1999 Antiochenus
1274 1969 1344 2011 ap.
1380 1958 1541 1999 Miiller
1581 1959 1754 2010 Fragm.
1791 1959 1894 1999 hist.
1932 1959 2003 2000 Gr.
2042 1959 2098 1998 lV

111 2041 155 2084 p.
173 2034 254 2072 558
287 2031 338 2072 fr.
362 2035 435 2072 55:
477 2029 539 2071 ὅτι
567 2025 795 2089 Ἀντιόχου,
827 2027 875 2071 οὗ
909 2028 1134 2086 ἐπώνυμός
1165 2028 1251 2071 ἐστι
1282 2028 1408 2076 πόλις
1439 2028 1554 2086 παρὰ
1584 2025 1819 2086 Ἀσσυρίους
1855 2031 1943 2082 (hic
1973 2043 2100 2072 error

111 2106 207 2157 est),
238 2102 327 2149 υἱὸς
350 2099 559 2150 Σέλευκος
588 2101 661 2145 καὶ
679 2097 887 2161 Ἀντίοχος
919 2101 940 2144 ὁ
972 2099 1224 2158 ἐπικληθεὶς
1255 2099 1375 2148 θεός·
1407 2100 1502 2144 ἀλλ’
1526 2100 1547 2143 ὁ
1581 2101 1658 2157 μὲν
1683 2099 1898 2149 Σέλευκος
1930 2102 2101 2158 ἐπιβου-

114 2174 251 2218 λεύειν
282 2173 562 2222 ὑποπτευθεὶς
597 2175 659 2232 τῷ
688 2173 813 2230 πατρὶ
851 2173 1186 2226 κατακτείνεται)
1226 2176 1404 2227 egregie
1443 2175 1702 2216 confirmari
1734 2176 1850 2217 vidit
1879 2176 2099 2217 Wilcken.

117 2251 140 2288 ‘1
181 2249 498 2290 ΚΑΙΚΤΗΣΙΝ
532 2247 668 2289 Hunt.
719 2249 828 2289 ΛΙΤΙ
860 2248 910 2288 Κ.
964 2248 1096 2289 ΝΣΙΝ
1131 2247 1301 2300 Clarke,
1342 2247 1543 2287 Koehler.
1606 2247 1875 2288 Emendavit
1905 2248 2096 2289 Boeckh.

117 2323 140 2360 8
184 2321 410 2362 ΠΡΩΤΟΝ
444 2319 578 2374 Haut,
611 2321 838 2361 ΠΡΩΤΩΝ
872 2320 1047 2372 reliqui.
1109 2319 1378 2360 Emendavit
1406 2319 1599 2360 Boeckh.

223 2562 327 2617 221
382 2566 574 2616 Tabula
610 2580 900 2615 marmorea
936 2566 1143 2615 inventa
1180 2566 1266 2615 Ilii.
1341 2566 1430 2615 Ed.
1472 2566 1533 2615 H.
1564 2565 1885 2616 Schliemann
1923 2567 2099 2615 Troia-

116 2651 288 2702 nische
331 2651 673 2702 Alterthiimer
709 2668 759 2718 p.
790 2652 883 2702 204
944 2649 1190 2719 (Droysen
1233 2651 1411 2701 Gesch.
1454 2653 1542 2702 des
1593 2652 1928 2702 Hellenismus
1967 2654 2024 2717 ΙΙ,
2066 2654 2095 2703 2

114 2736 285 2804 p.377
312 2754 360 2788 n.
380 2739 436 2802 43
477 2739 624 2804 Sy11.1
654 2739 770 2788 458.
836 2738 923 2788 Ch.
950 2738 1126 2791 Michel
1165 2739 1366 2788 Recueil
1394 2734 1595 2788 d⁷inscr.
1627 2739 1709 2788 Gr.
1739 2755 1789 2805 p.
1815 2739 1878 2787 44
1921 2755 1968 2788 n.
1995 2737 2096 2806 35).

26 2855 28 2886 ᾖ
117 2824 188 2874 Cf.
218 2840 347 2890 quae
373 2828 720 2891 exposuerunt
756 2825 813 2874 B.
841 2826 1187 2875 Haussoullier
1212 2825 1385 2875 Revue
1413 2826 1474 2875 de
1499 2825 1769 2891 philologie
1795 2826 1929 2874 XXV
1964 2826 2087 2875 4904

27 2907 29 2923 ¹
116 2927 165 2977 p.
196 2911 260 2960 30
284 2928 358 2977 sq.
425 2900 615 2961 Etudes
653 2926 741 2960 sur
777 2907 1024 2962 l'histoire
1051 2912 1113 2962 de
1139 2913 1274 2961 Milet
1313 2916 1361 2962 et
1388 2912 1458 2961 du
1482 2912 1783 2977 Didymeion
1820 2928 1870 2977 p.
1899 2912 1989 2961 404
2022 2927 2095 2977 sq.

28 2994 30 3029 l
117 2999 195 3047 W.
233 2998 570 3048 Hiinerwadel
617 2998 977 3063 Forschungen
1025 3014 1117 3048 zur
1165 2998 1343 3048 Gesch.
1392 2999 1483 3048 des
1530 2998 1719 3062 Konigs
1764 2998 2097 3063 Lysimachos

117 3099 166 3150 p.
199 3083 299 3134 447
338 3089 442 3135 not.
473 3085 520 3135 2.

263 3224 644 3297 Μελέαγρος1
696 3222 917 3280 Ἰλιέων
969 3231 1069 3297 τῆι
1129 3229 1345 3298 βουλῆι
1389 3224 1491 3278 καὶ
1537 3230 1646 3280 τῶι
1692 3227 1890 3295 δήμωι
1936 3225 2098 3297 χαί)-

261 3386 452 3428 Litterae
484 3388 658 3428 ΘΠΞΣ.
807 3389 823 3426 4
863 3386 1067 3428 Eundem
1098 3398 1198 3428 esse
1238 3398 1290 3427 ac
1322 3398 1362 3426 n.
1387 3389 1483 3438 220,
1509 3389 1532 3425 6
1564 3385 1903 3426 existimaverat
1934 3386 2098 3427 Schlie-

122 3467 268 3509 mann,
306 3469 411 3499 cum
442 3460 691 3510 utrumque
721 3458 904 3500 titulum
935 3458 991 3500 ad
1022 3459 1230 3499 Antiochi
1262 3459 1317 3498 llI
1349 3458 1495 3509 Magni
1533 3459 1726 3497 aetatem
1757 3457 1956 3498 referret.
2017 3458 2098 3499 Cui

121 3527 394 3584 Droysenus,
425 3531 504 3584 qui
535 3530 609 3570 hic
637 3530 908 3571 Antiochum
940 3531 958 3570 1
989 3532 1143 3572 Sotera
1176 3532 1439 3582 agnosceret
1469 3529 1682 3570 dubitans
1713 3539 1820 3570 sane
1853 3530 1971 3581 (nam
2003 3542 2099 3570 cer-

121 3598 236 3640 tiora
266 3602 422 3642 aetatis
444 3601 608 3642 indicia
630 3602 777 3642 inesse
796 3604 918 3642 recte
939 3602 1147 3655 negavit),
1179 3601 1420 3643 oblocutus
1442 3603 1523 3642 est.
1576 3601 1632 3641 At
1662 3600 1806 3654 nobis,
1839 3612 1944 3642 cum
1969 3602 2097 3642 illum

123 3680 302 3723 quoque
333 3674 514 3713 titulum
547 3674 810 3714 certissimis
833 3676 1110 3726 argumentis
1133 3674 1353 3714 Antiocho
1378 3674 1526 3726 primo
1552 3673 1947 3726 vindicaverimus,
1979 3674 2099 3714 nulla
