2314 3970
245 179 313 230 86
927 179 978 220 Il.
1024 180 1223 230 Regnum
1255 178 1535 229 Lagidarum.
2148 181 2216 233 [54

390 353 448 405 ἐκ
507 354 602 404 τῶν
664 356 843 421 χωρῶν
907 349 1092 401 τούτων
1156 348 1436 418 ἐθήρευσαν
1505 348 1510 417 Ι
1575 347 1662 400 καὶ
1721 351 2087 420 καταγαγόντες
2150 352 2220 410 εἰς

390 435 638 508 Αἴγυπτον
686 434 1058 487 κατεσκεύασαν
1105 432 1227 504 πρὸς
1273 433 1361 504 τὴν
1403 433 1410 493 1
1449 434 1723 506 πολεμικὴν
1761 435 1937 506 χρείαν
1953 439 2007 487 ¹4.
2085 456 2222 507 κυρι-

391 524 542 581 εύσας
581 520 636 573 δὲ
672 525 760 590 τῆς
797 541 849 573 τε
888 519 1025 579 ἐντὸς
1063 517 1335 590 Εὐφράτου
1364 518 1371 589 Ι
1399 520 1572 590 χώρας
1609 518 1832 591 πάσης15
1867 521 1951 574 καὶ
1990 519 2222 582 Κιλικίας

311 617 363 657 15
393 606 477 661 καὶ
526 606 829 676 Παμφυλίας
846 609 888 642 1⁶
943 604 1029 659 καὶ
1078 601 1269 665 Ἰωνίας
1287 608 1327 641 ¹⁷
1382 604 1468 657 καὶ
1519 609 1605 658 τοῦ
1654 603 2094 676 ἙλΙΙλησίτόντου18
2136 607 2222 660 καὶ

394 691 677 764 Θράικης19
732 692 818 745 καὶ
873 694 970 745 τῶν
1029 690 1286 762 δυνάμεων
1337 694 1433 743 τῶν
1483 693 1534 744 ἐν
1585 692 1692 751 ταῖς
1738 694 1932 764 χώραις
1973 692 1979 763 Ι
2019 693 2222 753 ταύταις

246 902 404 953 πρῶτοι
444 907 681 949 perperam
718 895 969 938 incidendo.
1039 894 1154 935 Nam
1195 905 1286 947 quo
1325 896 1457 947 pacto
1497 894 1543 935 id
1581 896 1705 947 quod
1742 896 1832 936 iam
1871 907 1896 936 a
1933 895 2223 949 Philadelpho

246 969 415 1010 factum
446 978 546 1010 esse
576 968 663 1009 hoc
693 967 854 1009 eodem
880 967 979 1008 loco
1003 966 1302 1019 praedicatur,
1335 965 1579 1017 Euergetes
1608 966 1786 1018 primus
1817 968 2075 1019 suscepisse
2105 967 2224 1009 dica-

247 1043 336 1093 tur,
368 1052 457 1082 non
479 1050 710 1093 assequor.
829 1041 881 1079 ⁴4
924 1039 989 1079 De
1009 1037 1328 1079 venationibus
1349 1037 1693 1090 elephantorum
1715 1037 1768 1078 cf.
1793 1050 1834 1079 n.
1859 1037 1951 1078 823.
2079 1042 2131 1080 45
2163 1039 2223 1080 Cf.

245 1112 433 1166 Appian.
466 1112 564 1165 Syr.
589 1115 639 1152 65
675 1109 747 1153 ’καὶ
772 1107 1039 1166 Πτολεμαῖος
1071 1108 1093 1151 ὁ
1123 1111 1199 1150 τοῦ
1230 1105 1504 1164 Φιλαδέλφου
1529 1107 1654 1154 -ἐς
1687 1105 1842 1165 Συρίαν
1874 1106 2048 1164 ἐνέβαλε
2076 1108 2147 1151 ’καὶ
2182 1109 2225 1156 ἐς

246 1180 486 1239 Βαβυλῶνα
515 1180 687 1238 ἤλασεν.
739 1182 1044 1234 Hieronymus
1065 1182 1109 1222 in
1131 1180 1300 1222 Daniel.
1321 1179 1395 1232 XI,
1415 1184 1462 1221 8:
1494 1177 1549 1221 in
1568 1181 1748 1222 temtum
1767 1182 1817 1222 ut
1842 1176 2030 1235 Syriam
2054 1183 2227 1236 caperet

247 1257 286 1298 et
312 1251 527 1298 Ciliciam
555 1251 893 1309 superioresque
906 1254 1061 1308 partes
1081 1254 1211 1294 trans
1231 1249 1524 1306 Euphratem,
1554 1253 1594 1293 et
1616 1250 1944 1306 propemodum
1962 1250 2226 1295 universam

246 1324 413 1369 Asiam
442 1358 452 1368 .
484 1338 672 1380 cumque
700 1323 899 1368 audisset
927 1323 983 1367 iu
1011 1323 1205 1379 Aeyypto
1234 1321 1502 1365 seditionem
1541 1321 1724 1376 moveri,
1770 1321 1997 1378 dirip‘e'ens
2035 1337 2227 1380 reqnwm

249 1396 432 1451 Seleuci,
464 1395 771 1452 quadrayinta
789 1394 927 1439 milia
959 1394 1126 1439 talenta
1153 1393 1333 1451 wryeuti
1349 1417 1406 1425 -
1426 1397 1465 1437 et
1492 1393 1747 1438 simulacra
1766 1395 1954 1438 deorwm
1982 1395 2071 1438 duo
2090 1394 2227 1438 milia
2305 1438 2314 1442 ,

246 1467 503 1525 quinqerita,
533 1467 590 1511 in
618 1466 780 1523 quibus
810 1470 940 1510 eramt
969 1480 1082 1522 quae
1117 1465 1355 1522 Cambyses
1392 1469 1525 1522 capta
1553 1464 1749 1522 Aegypto
1786 1465 1842 1509 in
1869 1465 2036 1510 Persas
2073 1480 2228 1523 aspor-

247 1543 416 1583 taverat
446 1571 456 1581 .
487 1538 678 1594 denique
711 1552 824 1595 ‚qens
860 1536 1196 1594 Aeyyptiorum,
1243 1537 1356 1593 quia
1391 1541 1495 1593 post
1531 1537 1695 1581 multos
1736 1551 1885 1581 aomos
1928 1538 2029 1582 deos
2072 1552 2228 1582 eorum
2304 1547 2307 1550 ’

246 1610 471 1666 retulerat,
501 1609 750 1667 Meryetert
778 1623 882 1654 eum
911 1608 1165 1666 appellavit.
1224 1610 1323 1651 Hoc
1351 1613 1637 1663 postremum
1669 1621 1776 1652 sane
1815 1610 1983 1653 dubiae
2012 1611 2115 1653 fidei
2145 1614 2227 1654 est.
2301 1629 2307 1637 ·

248 1686 311 1726 De
343 1684 536 1726 deorum
567 1684 822 1725 simulacris
854 1683 1134 1736 recuperatis
1164 1681 1218 1723 cf.
1251 1683 1343 1723 not.
1367 1685 1435 1723 25.
1579 1685 1633 1722 46
1672 1683 1874 1724 Ciliciam
1913 1686 2012 1724 tum
2044 1684 2228 1726 Seleuco
2311 1730 2314 1738 ¹

249 1758 451 1810 ereptam
493 1756 629 1797 etiam
670 1755 977 1808 Hieronymus
1018 1754 1084 1805 (cf.
1117 1755 1210 1795 not.
1232 1753 1301 1804 45)
1340 1755 1547 1806 testatur,
1589 1754 1644 1795 de
1685 1754 1952 1807 Pamphylia
1992 1766 2045 1796 eo
2076 1756 2227 1797 minus

249 1828 446 1869 dubitari
483 1828 600 1879 licet,
648 1826 772 1879 quod
808 1837 906 1867 eam
950 1826 1232 1867 Ptolemaeus
1263 1825 1320 1865 IV
1361 1825 1624 1878 Philopator
1663 1826 1902 1867 etiamtum
1948 1828 2104 1868 tenuit.
2165 1827 2225 1869 Cf.

247 1899 403 1952 Polyb.
425 1899 476 1952 V,
501 1901 567 1952 34,
591 1902 613 1939 7
654 1895 900 1954 παρέκειντο
931 1896 978 1939 δὲ
1009 1897 1215 1950 (Aegypti
1245 1907 1373 1949 reges
1409 1908 1557 1950 usque
1588 1898 1644 1938 ad
1674 1898 1976 1950 Philopatoris
2006 1899 2226 1952 tempora)

246 1973 340 2016 τοῖς
365 1969 476 2012 κατὰ
504 1969 582 2026 τὴν
602 1964 736 2012 Ἀσίαν
769 1967 1003 2022 δυνάσταις,
1036 1966 1195 2023 ὁμοίως
1226 1965 1274 2009 δὲ
1302 1966 1375 2009 καὶ
1403 1971 1499 2014 ταῖς
1528 1966 1687 2023 νήσοις,
1721 1967 1994 2017 δεσπόζοντες
2024 1975 2108 2011 τῶν
2140 1968 2228 2012 ἐπι-

250 2039 518 2098 φανεστάτων
549 2038 719 2082 πόλεων
749 2038 822 2082 καὶ
850 2038 992 2082 τόπων
1022 2039 1095 2081 ’καὶ
1124 2036 1309 2095 λιμένων
1341 2037 1453 2081 κατὰ
1481 2043 1618 2081 πᾶσαν
1648 2038 1727 2096 τὴν
1758 2038 1967 2096 παραλίαν
1999 2039 2084 2083 ἀπὸ
2106 2038 2227 2096 Παμ-

250 2109 402 2168 φυλίας
433 2109 514 2158 ἕως
534 2107 854 2166 Ἑλλησπόντου
884 2109 957 2153 καὶ
984 2116 1069 2152 τῶν
1099 2109 1211 2152 κατὰ
1230 2108 1522 2167 Λυσιμάχειαν
1552 2109 1708 2152 τόπων.
1758 2110 1858 2153 Non
1879 2112 2070 2154 nimium
2091 2113 2228 2165 igitur

250 2185 332 2237 est,
370 2183 497 2236 quod
532 2184 607 2224 hic
637 2183 842 2224 refertur.
903 2184 1049 2223 Immo
1088 2183 1281 2224 miretur
1320 2183 1561 2235 quispiam,
1600 2183 1914 2235 Pamphyliam
1955 2186 2000 2225 et
2028 2184 2227 2226 Ciliciam

247 2256 367 2296 inter
396 2257 541 2296 terras
572 2266 598 2295 a
627 2255 885 2296 Ptolemaeo
916 2254 1136 2306 Euergeta
1167 2254 1352 2295 demum
1384 2256 1539 2308 captas
1569 2255 1807 2308 recenseri,
1837 2266 1943 2296 cum
1965 2256 2227 2297 Theocritus

247 2327 382 2379 XVII,
412 2329 462 2367 87
505 2327 596 2367 iam
628 2326 682 2368 de
713 2326 1004 2379 Philadelpho
1035 2325 1285 2378 praedicet:
1334 2322 1606 2382 Παμφύλοισί
1651 2340 1696 2367 τε
1734 2330 1835 2367 πᾶσι
1885 2326 1957 2368 καὶ
1998 2325 2227 2386 αἰχμηταῑς
2284 2382 2286 2385 .

248 2393 467 2441 Κιλίκεσσι
498 2394 704 2452 σαμαίνει.
766 2397 851 2439 Sed
881 2397 928 2438 id
956 2398 1003 2438 B.
1025 2397 1159 2438 Niese
1191 2397 1349 2439 Gesch.
1382 2397 1462 2439 der
1490 2409 1555 2450 gr.
1586 2409 1629 2438 u.
1662 2398 1779 2439 mak.
1802 2399 1982 2439 Staaten
2011 2399 2049 2439 11
2079 2410 2122 2452 p.
2145 2402 2225 2440 439

248 2471 340 2511 not.
359 2473 383 2509 2
406 2471 528 2511 recte
550 2470 616 2511 sic
637 2469 849 2522 expedire
870 2470 1072 2522 conatur,
1094 2471 1147 2510 ut
1167 2479 1278 2522 pace
1299 2481 1414 2510 auno
1438 2472 1518 2509 250
1542 2481 1581 2511 a.
1604 2470 1705 2512 Chr.
1727 2470 1843 2510 inter
1863 2470 2171 2511 Ptolemaeum
2191 2470 2228 2510 11

248 2541 589 2594 Philadelphum
618 2543 664 2582 et
693 2541 966 2583 Antiochum
997 2542 1034 2581 11
1063 2541 1209 2582 Deum
1247 2541 1364 2582 facta
1393 2542 1475 2583 has
1505 2543 1713 2594 regiones
1743 2542 1986 2583 Seleucidis
2018 2543 2227 2595 redditas,

248 2612 462 2665 proximo
503 2623 610 2653 vero
656 2612 775 2653 bello
813 2624 839 2653 a
875 2612 1130 2653 Ptolemaeo
1162 2613 1220 2652 III
1257 2612 1481 2665 Euergeta
1521 2613 1669 2654 denuo
1712 2613 1897 2655 Seleuco
1938 2615 1977 2654 II
2018 2614 2227 2655 Callinico

249 2686 427 2736 ereptas
459 2685 689 2725 statueret.
840 2687 890 2724 47
929 2683 1161 2736 Ephesum
1192 2695 1218 2724 a
1248 2684 1504 2725 Ptolemaeo
1538 2686 1575 2725 II
1606 2685 1895 2738 Philadelpho
1926 2688 2119 2738 captam,
2151 2685 2228 2727 sed

247 2755 340 2797 iam
381 2755 439 2796 ab
476 2754 696 2796 Antiocho
728 2756 767 2795 ΙΙ
804 2755 898 2796 Deo
937 2757 1250 2807 recuperatam
1291 2765 1391 2796 esse
1429 2766 1485 2796 ex
1520 2756 1747 2797 nonnullis
1786 2757 2065 2810 scriptorum
2106 2757 2229 2799 testi-

249 2827 428 2879 moniis,
476 2836 583 2867 sane
627 2826 778 2878 paullo
825 2825 1183 2878 obscurioribus,
1229 2827 1519 2878 cognoscitur
1567 2827 1788 2879 <Polyaen.
1825 2827 1877 2880 V,
1911 2832 1977 2870 48.
2032 2829 2227 2870 Frontin.

248 2899 379 2940 Strat.
401 2898 472 2949 ΙΙΙ,
495 2901 534 2950 9,
558 2898 639 2948 4ο).
690 2897 852 2949 Utique
882 2907 987 2937 cum
1017 2897 1265 2938 Antiochus
1288 2896 1352 2938 ibi
1384 2898 1595 2938 mortuus
1627 2898 1698 2950 sit,
1729 2899 1827 2939 tum
1861 2898 1957 2949 (246
1980 2910 2018 2940 a.
2037 2899 2152 2950 Chr.)
2183 2900 2229 2940 in

249 2968 586 3010 Seleucidarum
608 2969 830 3020 potestate
851 2967 935 3009 fuit
957 2968 1190 3020 oppidum.
1240 2968 1365 3008 Idem
1388 2968 1443 3009 de
1464 2968 1612 3009 Mileto
1641 2970 1817 3009 certum
1839 2971 1908 3010 est
1928 2969 2024 3019 (225
2033 2968 2085 3011 23.
2107 2968 2227 3020 2268)

249 3051 395 3093 neque
431 3040 571 3082 ullam
617 3050 672 3080 ex
717 3040 880 3080 Ionicis
918 3039 1180 3080 civitatibus
1217 3039 1305 3080 sub
1342 3039 1590 3091 Euergetae
1634 3040 1761 3081 initia
1805 3040 1852 3082 in
1898 3040 2074 3081 dicione
2112 3040 2228 3092 regis
2272 3070 2274 3075 .

248 3112 441 3165 Aegypti
464 3111 602 3153 fuisse
623 3111 806 3152 scimus.
853 3109 915 3151 Cf.
936 3109 1070 3152 Niese
1091 3110 1250 3151 Gesch.
1267 3110 1348 3150 der
1367 3121 1430 3162 gr.
1452 3122 1496 3151 u.
1520 3112 1638 3152 mak.
1655 3113 1833 3153 Staaten
1854 3113 1891 3152 II
1914 3124 1957 3165 p.
1982 3115 2063 3153 435
2085 3115 2229 3153 not.6.

252 3183 365 3224 Cum
397 3183 639 3235 Euergetes
670 3183 842 3223 Ioniam
874 3182 1132 3234 recepisset,
1167 3192 1271 3234 pars
1302 3183 1422 3222 certe
1453 3183 1551 3223 eius
1581 3184 1716 3224 etiam
1751 3183 1807 3224 ab
1839 3184 1937 3224 eius
1968 3193 2230 3225 successore
2267 3191 2269 3194 ⁴
2312 3185 2314 3216 ἶ

252 3255 537 3306 Philopatore
559 3254 808 3295 tenebatur.
856 3253 1257 3306 Locupletissimus
1279 3253 1407 3294 testis
1429 3255 1498 3294 est
1513 3254 1742 3307 Polybius,
1763 3255 1842 3308 qui
1858 3254 1910 3307 V,
1930 3258 1998 3306 35,
2017 3258 2061 3295 44
2092 3263 2228 3295 naves

251 3325 366 3374 regis
388 3325 508 3365 Sami
530 3325 767 3366 stationem
791 3323 1018 3377 habuisse,
1042 3324 1240 3365 militum
1260 3334 1369 3365 vero
1391 3324 1730 3366 multitudinem
1751 3325 1797 3365 in
1819 3324 2043 3377 praesidio
2065 3323 2228 3377 Ephesi

252 3395 515 3436 collocatam
552 3396 691 3437 fuisse
720 3396 872 3439 refert.
1017 3399 1071 3438 48
1115 3395 1175 3437 cf.
1207 3395 1363 3448 Polyb.
1384 3395 1436 3448 V,
1461 3398 1527 3448 34,
1551 3399 1573 3436 ’1
1619 3397 1726 3447 (not.
1750 3395 1833 3447 46).
1981 3398 2033 3436 49
2073 3396 2122 3436 In
2159 3405 2227 3436 sa-

253 3466 365 3506 cello
403 3467 526 3517 quod
563 3467 646 3508 fuit
684 3468 919 3521 Latonpoli
961 3465 1154 3520 (Esneh),
1195 3468 1334 3507 cuius·
1366 3477 1486 3508 nunc
1522 3467 1697 3508 nullum
1736 3467 1946 3520 superest
1973 3466 2227 3519 vestigium,

258 3548 374 3578 anno
400 3539 508 3578 4829
542 3539 851 3591 Champollion
883 3542 928 3580 et
956 3539 1168 3580 Rosellini
1198 3538 1382 3579 titulum
1413 3539 1806 3591 hieroglyphicum
1837 3539 2148 3590 reppererunt,
2186 3537 2231 3577 in

261 3619 355 3660 quo
386 3608 589 3661 regiones
620 3621 701 3661 per
730 3610 843 3652 illud
871 3610 1041 3653 bellum
1071 3609 1129 3652 ab
1159 3611 1378 3662 Euergeta
1415 3609 1629 3651 subactae
1668 3607 2060 3651 enumerabantur.
2110 3609 2230 3649 Inter
2302 3647 2303 3650 ,
