2314 3970
85 260 186 313 234]
523 258 769 319 Antiochus
801 258 858 298 III
888 258 1074 310 Magnus
1106 257 1346 310 (223-487
1371 269 1408 299 a.
1433 257 1533 299 Chr.
1556 257 1627 308 n.).
1961 257 2062 309 385

194 458 304 515 234
352 462 497 513 Basis
536 464 787 529 quadrata
822 464 1029 514 inventa
1054 462 1279 530 Delphis.
1344 464 1422 514 Ex
1446 463 1683 514 Homollii
1715 466 1766 514 et
1788 462 2066 526 Bourgueti

86 550 385 617 apographo
425 550 503 599 ed.
544 552 597 600 L.
629 550 799 602 Couve
842 551 964 601 Bull.
1009 551 1071 600 de
1118 565 1246 600 corr.
1287 550 1410 600 Hell.
1452 551 1607 601 XVIII
1656 548 1831 617 (4894)
1876 565 1926 616 p.
1959 548 2062 599 235

2 656 3 661 ¹
85 654 134 688 n.
165 638 208 686 H
248 636 310 703 (J.
338 637 580 686 Baunack
625 653 707 704 ap.
761 637 932 688 Collitz
971 637 1053 687 Gr.
1094 636 1480 687 Dialektinschr.
1522 638 1566 686 Π
1601 654 1652 704 p.
1683 635 1786 686 708
1826 652 1875 687 n.
1905 635 2062 688 2529.

3 734 5 775 3
86 723 174 775 Ch.
203 723 379 774 Michel
428 725 630 775 Recueil
677 721 879 775 d’inscr.
922 724 1005 774 Gr.
1047 741 1098 791 p.
1128 724 1231 775 205
1272 739 1320 773 n.
1351 721 1490 791 252).
1557 723 1629 773 Cf.
1679 738 1809 790 quae
1852 722 2068 772 adnota-

6 851 7 855 ,
84 815 267 862 verunt
322 811 374 860 F.
413 811 668 861 Staehelin
724 811 904 863 Gesch.
964 812 1056 861 der
1110 810 1391 860 kleinasiat.
1443 809 1627 860 Gallier
1671 827 1721 877 p.
1762 811 1827 860 46
1874 813 1978 859 not.
2017 808 2065 858 3.

8 945 9 950 ,
83 898 139 947 A.
167 897 404 948 Wilhelm
438 898 655 963 Gotting.
683 901 778 963 gel.
806 900 927 948 Anz.
961 898 1098 947 4898
1137 912 1186 947 n.
1210 897 1239 946 3
1279 913 1329 963 p.
1354 897 1476 949 224.
1530 898 1590 946 M.
1622 898 1870 947 Holleaux
1894 897 2069 946 Revue

86 986 173 1035 des
212 985 388 1035 etudes
420 984 675 1052 Grecques
702 986 791 1034 XII
831 984 1004 1052 (4899)
1043 1000 1093 1051 p.
1128 984 1230 1033 345
1254 1000 1364 1050 sqq.
1429 985 1484 1033 B.
1515 984 1859 1034 Haussoullier
1896 984 2070 1034 Revue

10 1054 12 1113 ἵ
85 1073 147 1122 de
183 1071 455 1139 phfl010gie
491 1073 651 1122 xxm
690 1071 865 1139 (4899)
903 1088 954 1138 p.
988 1072 1086 1121 453
1128 1076 1233 1121 not.
1266 1072 1312 1121 4.

228 1227 361 1282 Θεοί.
406 1228 411 1301 Ι
446 1222 714 1302 Ἄρχοντος
759 1229 811 1282 ἐν
858 1228 1074 1300 Δελφοῖς
1119 1228 1440 1282 Φιλαιτώλου
1454 1231 1486 1298 1,
1536 1227 1752 1288 πυλαίας
1801 1230 2067 1300 ὀπωρινῆς,

230 1314 728 1387 ἱερομναΙμονούντων
786 1313 1072 1369 Αἰτωλῶν
1136 1313 1456 1387 Τελεσάρχου
1507 1312 1809 1387 Ἀπιρικοδ2,
1871 1315 2070 1374 Λέωνος

230 1401 597 1474 ΝαυπαΙκτίου,
644 1402 859 1473 Στομίου
904 1400 1240 1475 Μαχετῑέος3,
1291 1400 1556 1474 Θεοδώρου
1597 1399 1868 1474 Ἀργείου4,
1915 1400 2072 1455 Νικο-

173 1504 197 1544 5
231 1489 414 1561 βούλου
441 1487 665 1561 Θηβαίου
681 1492 716 1559 ⁵,
741 1488 758 1560 ΙΙ
782 1487 1094 1561 Εὐρυμάχου
1120 1488 1413 1561 Θαυμακοό,
1442 1489 1752 1561 Δορυμένεος
1774 1485 2069 1558 Ὑπαταίου,

17 1456 20 1491 4

18 1495 20 1513 l

21 1638 25 1728 ι
201 1709 472 1750 Litterarum
489 1708 661 1750 formae
677 1709 884 1761 volgares
901 1710 1081 1762 praeter
1101 1710 1162 1762 Π;
1196 1710 1324 1752 ΘΟΩ
1345 1709 1532 1762 reliquis
1548 1710 1762 1751 minores.
1874 1712 1889 1749 4
1927 1708 2072 1750 Huius

24 1798 26 1812 ›
86 1780 316 1822 archontis
347 1791 511 1823 nomen
542 1780 722 1835 indicat,
754 1782 939 1822 titulum
970 1782 1093 1822 tertii
1125 1793 1164 1822 a.
1188 1781 1288 1823 Chr.
1311 1793 1353 1823 n.
1386 1782 1555 1824 saeculi
1584 1792 1696 1822 esse.
1756 1780 1965 1833 Namque
1996 1792 2072 1822 an-

25 1865 27 1894 )
83 1863 249 1894 norum
280 1856 508 1894 204-457
531 1865 568 1895 a.
592 1853 693 1895 Chr.
716 1865 758 1895 n.
781 1854 1021 1895 archontes
1041 1854 1324 1908 Delphorum
1348 1865 1506 1896 omnes
1539 1855 1634 1895 noti
1666 1855 1785 1908 sunt,
1817 1855 1922 1907 post
1950 1854 2073 1895 hunc

26 1918 29 1959 ῐ
85 1937 254 1987 annum
284 1937 394 1967 vero
424 1925 607 1967 Aetolos
638 1937 729 1968 non
769 1927 861 1967 iam
901 1926 1114 1968 undecim
1146 1926 1360 1980 suffragia
1390 1927 1436 1968 in
1477 1927 1670 1968 concilio
1700 1926 2073 1980 Amphictionum

87 1997 254 2039 habere
284 1998 490 2051 potuisse
531 1999 720 2040 constat.
781 1999 876 2040 Iam
920 2010 1025 2040 cum
1057 1998 1356 2040 Philaetolum
1398 2001 1655 2041 senatorem
1696 1998 1836 2041 fuisse
1872 1999 2073 2041 sciamus

30 2071 32 2099 ³
86 2071 212 2112 annis
246 2067 375 2126 ⁴93s2
418 2070 863 2123 (Wescher-Foucart
901 2073 1037 2113 Inscr.
1070 2083 1159 2113 rec.
1193 2073 1218 2113 a
1248 2072 1443 2125 Delphes
1477 2075 1573 2113 304.
1625 2072 1697 2113 Gr.
1729 2071 2072 2114 Dialektinschr.

86 2142 138 2196 ΙΙ,
161 2145 286 2196 4969,
309 2142 376 2195 24)
409 2144 454 2183 et
484 2140 614 2199 ⁴87l6
637 2155 675 2185 a.
699 2143 800 2185 Chr.
822 2155 864 2184 n.
898 2143 1039 2196 (Syll.2
1060 2147 1156 2198 268,
1181 2145 1291 2197 460),
1324 2145 1422 2185 eius
1452 2145 1769 2197 magistratum
1790 2155 2073 2198 eponymum

87 2215 144 2256 ad
173 2216 453 2268 postremam
486 2216 736 2269 superioris
767 2216 937 2257 saeculi
976 2219 1154 2270 partem
1192 2216 1473 2258 referendam
1513 2227 1612 2258 esse
1653 2219 1855 2272 apparet.
1907 2217 2073 2259 Couve.

87 2286 309 2329 Baunack.
369 2287 637 2329 Accuratius
678 2289 816 2330 etiam
860 2291 982 2330 aetas
1021 2289 1203 2330 definita
1243 2291 1313 2331 est
1358 2301 1385 2331 a
1421 2290 1674 2331 Pomtowio
1719 2291 1765 2331 in
1809 2290 1972 2331 litteris
2018 2288 2075 2330 ad

88 2358 402 2401 Holleauxium
432 2360 562 2414 datis,
594 2361 674 2413 qui
705 2363 859 2402 monet
879 2361 1172 2415 Cephallenas
1203 2361 1259 2415 (v.
1285 2362 1322 2414 7)
1354 2362 1728 2415 Amphictionum
1760 2362 1950 2405 concilio
1983 2374 2073 2404 non

38 2458 40 2474 2
85 2431 344 2473 interfuisse
387 2433 475 2473 nisi
518 2443 600 2486 per
653 2444 875 2474 annorum
922 2437 1149 2475 205-496
1184 2447 1221 2476 a.
1263 2434 1363 2476 Chr.
1403 2436 1617 2490 spatium,
1663 2446 1811 2488 neque
1854 2435 2071 2477 undecim

40 2551 42 2558 .
86 2503 511 2546 hieromnemonum
541 2505 808 2547 Aetolorum
850 2517 1094 2547 numerum
1134 2507 1393 2548 confectum
1435 2518 1534 2549 esse
1575 2510 1677 2549 ante
1716 2507 1925 2549 exclusos
1956 2507 2072 2548 Pho-

41 2604 43 2628 :
88 2585 257 2631 censes,
289 2577 335 2618 id
366 2577 488 2630 quod
519 2578 629 2618 item
659 2589 751 2619 non
781 2580 884 2620 ante
914 2590 1083 2620 annum
1116 2583 1197 2621 205
1221 2592 1259 2622 a.
1283 2579 1383 2622 Chr.
1406 2592 1448 2621 n.
1481 2580 1650 2622 factum
1681 2582 1814 2622 esset.
1874 2580 2075 2634 Apparet

42 2683 45 2694 ,
87 2649 236 2703 igitur,
268 2650 406 2691 huius
436 2650 556 2690 tituli
578 2651 796 2703 originem
817 2663 1038 2693 annorum
1070 2655 1151 2694 205
1175 2654 1220 2693 et
1241 2655 1321 2693 202
1345 2665 1384 2694 a.
1407 2653 1508 2694 Chr.
1532 2665 1573 2695 n.
1606 2653 1814 2694 terminis
1836 2653 2073 2695 contineri.

91 2722 115 2761 2
154 2721 214 2763 Cf.
254 2720 383 2775 Sy11.2
412 2725 508 2776 293,
540 2725 591 2762 47
626 2723 755 2776 (anno
787 2727 868 2765 478
900 2737 937 2766 a.
963 2725 1063 2766 Chr.
1095 2725 1152 2777 n.)
1189 2719 1467 2782 Ἀναξάνδρωι
1507 2722 1782 2785 Τελεσάρχου
1821 2721 2073 2782 Ἀπειρικῶι,

47 2828 48 2833 ,
90 2793 168 2846 qui
197 2793 433 2835 manifesto
465 2795 601 2836 huius
631 2795 1016 2838 hieromnemonis
1046 2797 1165 2839 filius
1197 2799 1278 2839 est.
1330 2798 1448 2839 Cave
1480 2797 1536 2840 de
1561 2798 1750 2853 Epirota
1780 2799 2073 2852 cogitaveris3

90 2875 193 2906 nam
231 2877 284 2907 ea
323 2877 430 2919 gens
460 2866 820 2920 Amphictioniae
857 2881 1090 2923 nunquam
1129 2871 1356 2925 particeps
1400 2870 1496 2925 fuit,
1537 2882 1685 2924 neque
1723 2872 1890 2913 ethnici
1928 2871 2074 2913 forma

91 2939 311 2980 convenit.
362 2940 507 2980 Immo
531 2940 738 2993 ignotum
769 2944 1003 3005 ceterpqui
1025 2943 1294 2997 oppidulum
1326 2946 1405 2985 aut
1423 2944 1625 2986 Aetoliae
1645 2945 1790 2998 ipsius
1816 2946 1894 2986 aut
1915 2955 2073 2986 earum

91 3011 339 3065 regionum,
384 3024 500 3065 quae
542 3014 640 3054 tum
685 3016 904 3069 temporis
948 3015 1004 3058 ab
1048 3016 1218 3058 Aetolis
1263 3017 1548 3071 tenebantur,
1593 3017 1944 3070 intellegendum
1991 3018 2073 3058 est.

95 3083 118 3121 3
154 3082 221 3124 Ad
249 3083 527 3138 Hesychium
567 3081 806 3129 Μακεττία·
846 3085 876 3143 ἡ
909 3083 1155 3131 Μακεδονία
1186 3092 1408 3143 provocat
1439 3090 1605 3144 conve,
1644 3090 1840 3143 ideoque
1869 3089 2073 3132 Macedo-

92 3153 190 3197 niae
211 3157 499 3199 occidentalis
520 3158 715 3200 incolam
734 3160 952 3213 intellegit
973 3163 1218 3215 monetque
1237 3162 1514 3215 Antigonum
1537 3163 1755 3204 Gonatam
1777 3173 1883 3203 cum
1904 3161 2073 3203 Aetolis

94 3223 251 3270 foedus
281 3229 453 3272 fecisse.
510 3230 595 3273 Sed
625 3232 750 3286 haec,
788 3234 874 3275 etsi
905 3244 1143 3276 assensum
1174 3235 1377 3276 tulerunt
1409 3236 1665 3289 Baunackii,
1711 3236 1843 3289 plane
1882 3235 2074 3276 incredi-

97 3295 204 3341 bilia
232 3304 350 3344 sunt.
409 3302 524 3345 Nam
564 3305 617 3345 ut
653 3306 841 3360 taceam,
881 3306 936 3347 de
980 3307 1248 3349 occidentali
1285 3309 1582 3361 potissimum
1619 3307 1908 3350 Macedoniae
1945 3309 2074 3361 parte

95 3370 203 3412 nihil
232 3372 378 3416 dicere
409 3375 700 3430 Hesychium‚
733 3387 824 3430 quo
855 3380 989 3432 pacto
1021 3382 1210 3434 propter
1241 3380 1399 3422 foedus
1430 3380 1541 3421 illud
1572 3380 1711 3421 homo
1743 3379 1927 3422 Macedo
1958 3380 2075 3421 inter

0 3475 5 3486 .
95 3441 352 3488 Aetolorum
382 3449 780 3492 hieromnemonas
802 3461 901 3494 esse
932 3451 1112 3505 potuit?
1164 3453 1461 3495 Macedonum
1484 3464 1595 3506 gens
1623 3454 1745 3494 certe
1771 3464 1919 3507 neque
1942 3453 2075 3495 Aeto-

0 3547 7 3556 .
54 3543 59 3596 ἰ
97 3512 246 3558 lorum
275 3521 564 3573 sympolitiae
594 3533 740 3575 neque
769 3523 1141 3577 Amphictionum
1180 3525 1370 3566 concilio
1408 3537 1612 3578 unquam
1651 3525 1864 3567 interfuit.
1928 3525 2074 3575 Quare

55 3597 65 3619 a*
96 3579 327 3644 Μαχετιεῖς
355 3603 446 3634 non
476 3594 629 3635 minus
661 3605 799 3647 quam
828 3590 1055 3653 Ἀπειρικοὶ
1085 3598 1245 3639 civitas
1277 3597 1475 3639 obscura
1503 3600 1548 3639 et
1578 3599 1741 3652 exigua
1763 3598 1965 3640 Aetoliae
1995 3601 2075 3640 aut

58 3686 62 3727 !
97 3654 391 3705 finitimarum
410 3667 649 3718 regionum
670 3666 808 3708 fuisse
829 3669 941 3710 mihi
961 3669 1187 3712 videntur.
1338 3673 1358 3710 4
1396 3670 1525 3723 Argis
1547 3671 1916 3726 Amphilochicis‚
1949 3671 2073 3724 quod

0 3761 8 3766 .
59 3758 63 3799 ἱ
97 3729 313 3783 oppidum
341 3737 440 3777 tum
468 3737 666 3780 Aetoliae
697 3741 804 3793 erat,
837 3741 1071 3783 oriundus.
1120 3742 1165 3782 B.
1317 3747 1339 3782 5
1385 3741 1449 3783 Ex
1481 3743 1750 3786 Phthiotide.
1798 3744 1844 3785 B.

60 3804 65 3862 2
181 3813 528 3865 Distenberger,
553 3822 710 3856 Orientis
734 3823 792 3856 Gr.
815 3823 919 3858 inser.
958 3825 985 3858 Ι.
1673 3834 1724 3872 25

62 3877 69 3970 l
