2314 3970
101 176 173 229 54]
676 177 921 218 Ptolemaei
951 177 1010 218 111
1039 177 1199 219 titulus
1229 177 1510 219 Adulitanus.
2013 181 2080 233 85

246 347 487 401 Διονύσου
534 351 621 400 τοῦ
660 347 775 408 Διός
793 351 827 417 ⁶,
876 349 1188 420 παραλαβὼν
1227 346 1368 421 παρὰ
1406 353 1495 403 τοῦ
1531 349 1718 422 πατρὸς
1760 349 1766 420 Ι
1807 350 1895 422 τὴν
1938 352 2083 421 βασι-

242 434 380 488 λείαν
428 434 683 505 Αἰγύπτου
739 435 826 489 καὶ
873 437 1100 508 Λιβύης7
1154 437 1240 490 καὶ
1291 436 1475 508 Συρίας
1517 435 1524 510 Ι
1564 435 1649 490 καὶ
1699 438 1940 507 Φοινίκης
1996 436 2082 490 καὶ

243 519 452 592 Κύπρου
490 519 576 574 καὶ
613 522 802 582 Λυκίας
840 522 931 577 καί
964 521 1200 593 ΚαρίαςΘ
1236 523 1322 577 καὶ
1359 527 1455 577 τῶν
1498 523 1504 595 Ι
1546 522 1826 577 Κυκλάδων
1865 525 2030 594 νήσων
2044 527 2079 590 9,

243 605 621 678 ἐξεστράτευσεν
668 611 741 668 εἰς
784 609 873 681 τὴν
917 605 1080 662 Ἀσίαν
1100 611 1143 645 1⁰
1192 607 1318 678 μετὰ
1362 608 1368 680 Ι
1410 609 1672 682 δυνάμεων
1719 613 1939 669 πεζικῶν
1980 609 2082 662 Υκαὶ

158 703 209 744 10
244 695 451 747 ἱππικῶν
489 693 575 746 καὶ
612 698 846 748 ναυτικοῦ
887 697 1063 748 στόλου
1100 693 1118 764 ΙΙ
1152 692 1237 747 καὶ
1275 693 1562 766 ἐλεφάντων
1603 695 2021 768 Τρωγλοδυτικῶν
2041 699 2083 732 1¹

239 778 323 834 καὶ
350 779 678 848 Αἰθιοπικῶν,
718 782 802 842 οὓς
840 784 869 835 ὅ
894 780 950 834 τε
985 780 1149 852 πατὴρ
1190 780 1198 852 Ι
1240 782 1394 834 αὐτοῦ
1409 785 1451 818 12
1487 782 1572 836 καὶ
1613 782 1761 844 αὐτὸς
1798 782 2082 854 πρῶτο(ι)13

95 971 342 1012 Ptolemaei
371 971 390 1010 I
430 973 588 1024 mater,
632 972 807 1023 generis
852 972 1073 1024 originem
1112 983 1136 1012 a
1176 972 1298 1023 regia
1339 971 1475 1012 domo
1524 973 1800 1025 repetiverit.
1870 974 2081 1015 Ceterum

95 1043 293 1084 indidem
327 1046 528 1096 apparet,
572 1044 907 1085 distinctionem
940 1045 1154 1097 paternae
1195 1045 1239 1084 et
1279 1046 1508 1085 maternae
1549 1045 1736 1097 originis
1776 1045 1850 1086 hic
1890 1058 1993 1099 non,
2031 1049 2084 1087 ut

95 1116 243 1168 primo
274 1117 462 1168 aspectu
493 1117 592 1168 ipsa
622 1116 763 1157 verba
794 1116 992 1157 indicare
1024 1103 1266 1168 videntur,
1291 1116 1346 1156 de
1378 1117 1621 1158 Ptolemaei
1651 1117 1900 1169 Euergetae
1937 1119 2084 1170 ipsius

94 1188 359 1241 parentibus
390 1189 736 1241 intellegendam
766 1199 879 1241 esse,
913 1188 990 1230 sed
1022 1187 1078 1229 de
1107 1188 1238 1240 Hyllo
1268 1189 1410 1229 totius
1441 1188 1598 1241 stirpis
1630 1191 1816 1230 auctore
1846 1190 1925 1242 qui
1956 1192 2084 1242 patre

93 1259 308 1301 utebatur
345 1260 548 1312 Hercule,
591 1262 736 1301 matre
774 1261 999 1302 Deianira.
1151 1264 1174 1300 6
1215 1259 1276 1301 Cf.
1310 1261 1500 1313 Satyrus
1541 1271 1611 1314 ap.
1645 1260 1688 1302 C.
1711 1261 1872 1302 Miiller
1909 1262 2082 1314 Fragm.

94 1332 196 1374 hist.
220 1332 291 1372 Gr.
311 1332 369 1372 ΙΙΙ
401 1343 443 1384 p.
468 1334 547 1373 464
581 1332 632 1375 fr.
655 1335 727 1372 24:
777 1329 981 1374 Διονύσου
1019 1330 1093 1373 καὶ
1120 1326 1316 1378 Ἀλθαίας
1346 1336 1423 1387 τῆς
1457 1329 1630 1375 Θεστίου
1671 1331 1921 1390 γεγενῆσθαι
1951 1330 2083 1391 Δηιά-

91 1415 251 1462 νειραν·
282 1407 362 1460 τῆς
393 1401 438 1445 δὲ
459 1403 531 1445 καὶ
556 1397 828 1458 ςΗρακλέους
856 1406 933 1446 τοῦ
964 1400 1077 1458 Διός,
1111 1402 1245 1459 οἶμαι,
1269 1395 1441 1458 (Ὕλλον,
1479 1407 1554 1445 τοῦ
1587 1402 1634 1445 δὲ
1666 1400 1904 1448 Κλεοδαῖον
1938 1406 2080 1458 (codd.

94 1471 364 1534 Κλεόδημον,
396 1488 482 1518 em.
516 1476 704 1530 Miiller),
745 1479 820 1518 τοῦ
852 1475 898 1517 δὲ
928 1471 1244 1534 Ἀριστόμαχον,
1275 1479 1350 1518 τοῦ
1383 1474 1429 1517 δὲ
1460 1473 1672 1531 Τήμενον,
1714 1480 1790 1519 τοῦ
1832 1475 1879 1519 δὲ
1910 1473 2082 1531 Κεῖσον,

93 1550 168 1591 τοῦ
199 1546 246 1590 δὲ
276 1543 482 1604 Μάρωνα,
520 1551 594 1590 τοῦ
635 1546 681 1590 δὲ
713 1545 900 1602 Θέστιον,
938 1551 1012 1590 τοῦ
1055 1545 1102 1590 δὲ
1130 1543 1289 1602 Ἀκοόν,
1327 1550 1403 1590 τοῦ
1443 1547 1489 1590 δὲ
1528 1542 1882 1606 Ἀριστοδαμίδαν,
1921 1552 1996 1591 τοῦ
2037 1547 2084 1592 δὲ

93 1616 307 1676 Κάρανον,
337 1623 412 1662 τοῦ
444 1618 491 1662 δὲ
520 1616 696 1675 Κοῖνον,
735 1623 810 1662 τοῦ
843 1619 891 1662 δὲ
922 1616 1159 1677 Τυρίμμαν,
1197 1623 1272 1662 τοῦ
1305 1618 1352 1661 δὲ
1383 1616 1637 1676 Περδίκκαν,
1669 1623 1743 1662 τοῦ
1777 1620 1823 1662 δὲ
1854 1618 2083 1675 Φίλιππον,

92 1695 169 1734 τοῦ
199 1690 246 1734 δὲ
275 1687 487 1748 Ἀέροπον,
526 1694 601 1734 τοῦ
633 1690 680 1733 δὲ
708 1686 917 1745 Ἀλκέταν,
957 1694 1032 1734 τοῦ
1065 1691 1112 1734 δὲ
1141 1686 1358 1746 Ἀμύνταν,
1397 1694 1472 1734 τοῦ
1506 1690 1553 1733 δὲ
1583 1688 1766 1749 Βόκρον,
1806 1695 1882 1734 τοῦ
1915 1691 1961 1734 δὲ
1991 1688 2083 1735 Με-

93 1762 287 1821 λέαγρον,
324 1767 398 1806 τοῦ
437 1762 483 1804 δὲ
512 1758 740 1820 Ἀρσινόην,
783 1769 860 1821 τῆς
891 1761 939 1805 δὲ
967 1763 1040 1805 καὶ
1072 1760 1216 1821 Λάγου
1248 1759 1520 1818 Πτολεμαῖον
1558 1763 1628 1805 τὸν
1660 1763 1733 1806 καὶ
1765 1760 1961 1822 Σωτῆρα,
2006 1767 2083 1805 τοῦ

95 1835 142 1878 δὲ
171 1834 243 1878 καὶ
272 1832 503 1892 Βερενίκης
534 1831 803 1891 Πτολεμαῖον
843 1834 916 1876 τὸν
948 1832 1236 1892 Φιλάδελφον,
1276 1837 1351 1876 τοῦ
1383 1833 1430 1875 δὲ
1466 1834 1540 1876 καὶ
1570 1830 1781 1892 Ἀρσινόης
1813 1832 2082 1890 Πτολεμαῖον

92 1906 164 1950 τὸν
202 1903 453 1966 Εὐεργέτην,
491 1910 566 1949 τοῦ
610 1906 658 1948 δὲ
695 1905 768 1949 καὶ
807 1904 1040 1965 Βερενίκης
1079 1911 1158 1963 τῆς
1196 1902 1328 1963 Μάγα
1364 1909 1440 1948 τοῦ
1481 1904 1525 1948 ἐν
1566 1902 1747 1963 Κυρήνῃ
1788 1905 2083 1964 βασιλεύοντος

93 1977 362 2034 Πτολεμαῖον
405 1978 475 2021 τὸν
521 1976 801 2035 Φιλοπάτορα
846 1979 926 2032 (sic
970 1990 1086 2020 corr.
1129 1980 1175 2020 in
1218 1980 1418 2031 margine
1463 1990 1548 2032 pro
1589 1975 1888 2036 Φιλάδελφον).
1935 1977 1964 2035 ἡ
2006 1979 2082 2034 μὲν

95 2050 166 2094 οὖν
205 2051 310 2108 πρὸς
354 2049 555 2094 Διόνυσον
594 2055 686 2098 τοῖς
727 2050 769 2093 ἐν
807 2046 1093 2109 Ἀλεξανδρείᾳ
1137 2049 1408 2107 βασιλεύσασι
1449 2049 1663 2107 συγγένεια
1705 2048 1840 2098 οὕτως
1881 2050 2084 2109 περιέχει.

95 2128 118 2165 7
160 2125 406 2177 Praecipue
437 2124 493 2165 de
515 2124 774 2177 Cyrenaica,
807 2135 924 2176 quae
954 2125 1043 2165 iam
1076 2136 1101 2165 a
1132 2124 1392 2165 Ptolemaeo
1425 2125 1461 2164 ΙΙ
1493 2124 1783 2177 Philadelpho
1817 2126 2085 2178 recuperata

93 2198 138 2237 et
167 2207 273 2238 cum
302 2196 495 2250 Aegypti
528 2207 666 2249 regno
698 2197 939 2237 coniuncta
970 2199 1101 2250 esset,
1142 2197 1215 2237 hic
1247 2196 1437 2248 cogitari
1468 2196 1772 2237 observarunt
1801 2197 1831 2236 Ι.
1856 2196 1994 2237 Franz
2027 2197 2083 2237 ad

93 2270 214 2310 hunc
244 2269 428 2309 titulum
461 2271 505 2309 et
535 2269 580 2309 B.
603 2268 737 2310 Niese
776 2269 935 2310 Gesch.
968 2269 1048 2309 der
1084 2279 1147 2320 gr.
1178 2280 1221 2308 u.
1252 2267 1428 2309 maked.
1461 2269 1640 2309 Staaten
1672 2268 1708 2307 II
1740 2278 1783 2320 p.
1811 2271 1892 2308 444
1925 2269 2020 2310 not.
2044 2271 2081 2307 4.

2 2363 3 2386 ;
90 2340 236 2382 Etiam
275 2341 322 2381 in
368 2341 556 2382 sollenni
594 2341 998 2382 administrationis
1036 2341 1400 2381 Ptolemaeorum
1444 2350 1653 2380 sermone
1692 2339 1861 2392 Libyae
1900 2340 2083 2381 nomine

2 2455 4 2461 ,
92 2412 385 2465 Cyrenaicum
416 2413 741 2466 comprehendi
763 2414 952 2466 apparet
972 2423 1027 2453 ex
1048 2411 1204 2464 Polyb.
1227 2411 1323 2463 XV,
1346 2415 1413 2464 25,
1440 2414 1513 2452 ⁴2:
1549 2409 1729 2466 ποιήσας
1761 2409 1887 2452 αὐτὸν
1907 2409 2083 2467 λιβυάρ-

2 2485 5 2527 ἶ
91 2497 175 2541 χην
204 2489 289 2525 τῶν
319 2483 428 2526 κατὰ
459 2479 663 2541 Κυρήνην
694 2482 850 2525 τόπων.
999 2488 1022 2524 8
1061 2483 1399 2525 Meridionalem
1429 2495 1557 2524 oram
1579 2483 1711 2524 Asiae
1734 2483 1924 2524 minoris
1953 2494 2084 2536 prae-

0 2578 7 2618 'i
93 2558 161 2597 ter
189 2555 390 2598 Ciliciam
422 2559 467 2597 et
487 2556 802 2609 Pamphyliam
834 2558 934 2597 tum
958 2556 1004 2596 in
1036 2556 1212 2596 dicione
1233 2555 1597 2596 Ptolemaeorum
1623 2555 1763 2596 fuisse
1794 2556 1929 2596 etiam
1963 2555 2083 2595 tituli

5 2623 8 2673 ἶ
94 2639 134 2669 n.
161 2631 225 2669 55.
251 2632 317 2669 57.
341 2632 393 2669 58
425 2628 641 2681 produnt.
789 2632 813 2668 9
853 2628 914 2669 Cf.
947 2640 988 2668 n.
1013 2631 1065 2669 25
1080 2626 1110 2668 2.
1262 2630 1311 2666 40
1353 2627 1527 2667 Bellum
1558 2638 1640 2680 per
1670 2627 1770 2679 ipsa
1801 2627 1925 2679 regni
1956 2627 2084 2668 initia

6 2689 9 2722 3
94 2699 151 2741 ab
181 2692 400 2752 Euergeta
431 2701 588 2742 contra
619 2700 857 2742 Seleucum
889 2701 926 2740 11
958 2700 1220 2741 Callinicum
1254 2700 1434 2752 gestum
1465 2699 1539 2739 hic
1570 2698 1759 2740 indicari
1792 2698 2083 2740 manifestum

93 2773 173 2812 est.
236 2770 359 2819 Quae
391 2771 446 2812 de
476 2772 612 2812 huius
644 2771 748 2813 belli
780 2774 948 2813 eventu
978 2772 1052 2812 hic
1084 2773 1337 2824 narrantur,
1379 2782 1431 2812 ea
1467 2771 1645 2823 pridem
1675 2771 1906 2823 plerisque
1937 2771 2083 2811 homi-

93 2843 227 2884 nibus
268 2842 413 2884 doctis
451 2844 650 2885 vanitate
688 2846 734 2885 et
771 2845 912 2897 gloria
953 2845 1219 2896 exaggerata
1261 2843 1547 2884 videbantur.
1611 2843 1696 2883 Sed
1737 2854 1784 2883 re
1826 2842 2082 2883 accuratius

93 2916 346 2956 examinata
375 2915 586 2968 apparuit
617 2916 727 2956 nihil
757 2916 832 2957 hic
852 2917 1077 2968 scriptum
1105 2926 1206 2956 esse
1227 2916 1357 2956 cuius
1390 2915 1446 2956 de
1475 2914 1564 2955 fide
1586 2916 1686 2955 iure
1714 2915 1971 2968 meritoque
2001 2913 2082 2953 du-

12 2972 14 3017 ἕ
93 2986 315 3028 bitaretur
346 2986 414 3039 (cf.
447 2988 537 3028 not.
562 2990 630 3028 46.
655 2990 722 3028 47.
746 2990 813 3028 49.
837 2991 904 3028 23.
929 2988 1012 3039 24).
1162 2991 1205 3027 44
1254 2988 1303 3027 In
1333 2987 1434 3039 ipso
1458 2986 1607 3040 lapide
1633 2987 1729 3027 sine
1752 2984 1889 3026 dubio
1911 2981 2083 3040 Τρωγο-

13 3047 15 3122 j
95 3056 275 3099 δυτικῶν
314 3059 534 3112 scriptum
578 3058 675 3100 fuit.
737 3058 798 3100 Cf.
831 3071 872 3100 n.
897 3058 990 3100 705.
1140 3062 1193 3099 42
1233 3058 1294 3100 Cf.
1326 3058 1511 3100 Diodor.
1536 3060 1567 3112 Ι,
1594 3060 1660 3110 37,
1686 3061 1732 3097 5;
1773 3053 1856 3097 ἀπὸ
1886 3054 1965 3112 γὰρ
1995 3059 2081 3096 τῶν

15 3143 16 3146 ’
94 3126 281 3187 ἀρχαίων
322 3127 488 3187 χρόνων
525 3127 628 3188 ἄχρι
659 3126 928 3186 Πτολεμαίου
965 3133 1040 3173 τοῦ
1072 3127 1344 3188 Φιλαδέλφου
1388 3126 1802 3187 προσαγορευθέντος
1844 3125 1925 3185 οὐχ
1966 3122 2083 3173 ὅπως

92 3199 200 3247 τινὲς
239 3206 324 3242 τῶν
361 3192 582 3257 Ἑλλήνων
623 3191 885 3258 ὑπερέβαλον
923 3200 983 3249 εἰς
1014 3198 1259 3256 Αἰθιοπίαν,
1299 3196 1389 3244 ἀλλ’
1436 3199 1535 3243 οὐδὲ
1576 3198 1702 3257 μέχρι
1739 3203 1822 3240 τῶν
1863 3195 1973 3253 ὅρων
2003 3201 2082 3255 τῆς

17 3302 19 3321 ,
95 3267 311 3328 Αἰγύπτου
341 3271 684 3329 προσανέβησαν·
717 3270 852 3321 οὕτως
881 3271 1008 3324 ἄξενα
1039 3272 1177 3316 πάντα
1207 3273 1260 3329 ἦν
1291 3271 1344 3314 τὰ
1374 3272 1468 3325 περὶ
1497 3270 1596 3317 τοὺς
1617 3269 1775 3316 τόπους
1804 3268 1981 3316 τούτους
2011 3268 2085 3311 καὶ

18 3344 20 3358 ²
95 3342 310 3390 παντελῶς
348 3342 611 3386 ἐπικίνδυνα·
652 3347 728 3386 τοῦ
759 3343 806 3387 δὲ
844 3344 1154 3404 προειρημένου
1188 3344 1395 3401 βασιλέως
1439 3337 1530 3399 μεθ’
1558 3337 1823 3400 εΕλληνικῆς
1862 3339 2081 3397 δυνάμεως

98 3411 156 3460 εἰς
186 3411 414 3458 Αἰθιοπίαν
444 3416 614 3474 πρώτου
648 3415 975 3472 στρατεύσαντος
998 3416 1247 3475 ἐπεγνώσθη
1279 3415 1333 3458 τὰ
1361 3413 1470 3457 κατὰ
1500 3413 1578 3470 τὴν
1599 3413 1744 3472 χώραν
1774 3410 1932 3471 ταύτην
1964 3411 2082 3470 ἀκρι-

21 3494 23 3530 1
97 3481 289 3543 βέστερον
320 3483 403 3527 ἀπὸ
433 3484 593 3528 τούτων
625 3493 709 3529 τῶν
731 3486 910 3546 χρόνων.
959 3490 1019 3530 Id.
1042 3491 1114 3542 111,
1137 3493 1205 3542 36,
1231 3492 1267 3529 3.
1408 3490 1457 3526 43
1501 3486 1767 3527 marroc,
1818 3485 2082 3537 Emendavi,

24 3579 25 3592 η
100 3566 208 3596 cum⁴
226 3568 452 3598 sumerem
475 3559 636 3599 eodem
658 3559 797 3601 modo
819 3571 871 3601 ac
902 3572 944 3603 v.
970 3564 993 3600 2
1028 3563 1215 3613 propter
1244 3560 1445 3600 vicinum
1466 3563 1549 3599 τῶν
1581 3569 1738 3598 errore
1761 3554 1968 3612 βασιλέων
2000 3569 2081 3610 pro

24 3639 25 3646 ¹
83 3624 303 3680 βασιλέως
341 3633 576 3672 exaratum
618 3635 750 3683 esset,
787 3633 865 3673 hic
905 3630 1031 3679 αὐτὸς
1070 3632 1351 3683 singularem<
1387 3640 1544 3671 ansam
1588 3630 1766 3670 dedisse
1798 3635 1963 3683 πρῶτος
1996 3640 2080 3681 pro
