<?xml version="1.0" encoding="UTF-8"?>
<!DOCTYPE html PUBLIC "-//W3C//DTD XHTML 1.0 Transitional//EN"
    "http://www.w3.org/TR/xhtml1/DTD/xhtml1-transitional.dtd">
<html xmlns="http://www.w3.org/1999/xhtml" xml:lang="en" lang="en">
 <head>
  <title>
</title>
<meta http-equiv="Content-Type" content="text/html;charset=utf-8" />
  <meta name='ocr-system' content='tesseract 3.04.00' />
  <meta name='ocr-capabilities' content='ocr_page ocr_carea ocr_par ocr_line ocrx_word'/>
</head>
<body>
  <div class='ocr_page' id='page_1' title='image "./orientisgraeciin01dittuoft_0589.png"; bbox 0 0 2314 3970; ppageno 0'>
   <div class='ocr_carea' id='block_1_1' title="bbox 114 221 2084 276">
    <p class='ocr_par' dir='ltr' id='par_1_1' title="bbox 114 221 2084 276">
     <span class='ocr_line' id='line_1_1' title="bbox 114 221 2084 276; baseline -0.003 -12"><span class='ocrx_word' id='word_1_1' title='bbox 114 224 209 276; x_wconf 83' lang='lat'><strong>366]</strong></span> <span class='ocrx_word' id='word_1_2' title='bbox 726 223 973 263; x_wconf 87' lang='lat' dir='ltr'>Pharnaces</span> <span class='ocrx_word' id='word_1_3' title='bbox 1005 223 1035 263; x_wconf 92' lang='grc' dir='ltr'>Ι.</span> <span class='ocrx_word' id='word_1_4' title='bbox 1095 222 1375 263; x_wconf 82' lang='lat' dir='ltr'><strong>Mithridates</strong></span> <span class='ocrx_word' id='word_1_5' title='bbox 1408 221 1478 261; x_wconf 89' lang='lat' dir='ltr'>IV.</span> <span class='ocrx_word' id='word_1_6' title='bbox 1983 223 2084 272; x_wconf 82' lang='lat'>575</span> 
     </span>
    </p>
   </div>
   <div class='ocr_carea' id='block_1_2' title="bbox 109 389 2090 811">
    <p class='ocr_par' dir='ltr' id='par_1_2' title="bbox 109 389 2090 811">
     <span class='ocr_line' id='line_1_2' title="bbox 109 389 2087 449; baseline -0.002 -11"><span class='ocrx_word' id='word_1_7' title='bbox 109 398 355 449; x_wconf 81' lang='lat' dir='ltr'>usurpatae</span> <span class='ocrx_word' id='word_1_8' title='bbox 385 396 432 436; x_wconf 87' lang='lat' dir='ltr'>vi</span> <span class='ocrx_word' id='word_1_9' title='bbox 462 406 665 448; x_wconf 87' lang='lat' dir='ltr'>pugnare</span> <span class='ocrx_word' id='word_1_10' title='bbox 696 397 920 437; x_wconf 88' lang='lat' dir='ltr'>existimo.</span> <span class='ocrx_word' id='word_1_11' title='bbox 980 395 1095 438; x_wconf 90' lang='lat' dir='ltr'>Nam</span> <span class='ocrx_word' id='word_1_12' title='bbox 1126 396 1264 437; x_wconf 89' lang='lat' dir='ltr'>etiam</span> <span class='ocrx_word' id='word_1_13' title='bbox 1295 396 1334 437; x_wconf 92' lang='lat' dir='ltr'>si</span> <span class='ocrx_word' id='word_1_14' title='bbox 1364 396 1540 436; x_wconf 87' lang='lat' dir='ltr'>Perroti</span> <span class='ocrx_word' id='word_1_15' title='bbox 1579 395 1891 448; x_wconf 83' lang='lat' dir='ltr'>interpretatio</span> <span class='ocrx_word' id='word_1_16' title='bbox 1924 389 2087 446; x_wconf 60' lang='lat' dir='ltr'>Cavait</span> 
     </span>
     <span class='ocr_line' id='line_1_3' title="bbox 110 461 2087 520; baseline -0.002 -10"><span class='ocrx_word' id='word_1_17' title='bbox 110 466 320 510; x_wconf 65' lang='lat' dir='ltr'>conectere</span> <span class='ocrx_word' id='word_1_18' title='bbox 355 479 448 510; x_wconf 75' lang='lat' dir='ltr'>aux</span> <span class='ocrx_word' id='word_1_19' title='bbox 485 465 621 510; x_wconf 68' lang='lat' dir='ltr'>dieuco</span> <span class='ocrx_word' id='word_1_20' title='bbox 659 480 716 510; x_wconf 74' lang='lat' dir='ltr'>en</span> <span class='ocrx_word' id='word_1_21' title='bbox 751 464 988 510; x_wconf 77' lang='lat' dir='ltr'>l’lzo‘mwur</span> <span class='ocrx_word' id='word_1_22' title='bbox 1026 470 1066 510; x_wconf 75' lang='lat' dir='ltr'>et</span> <span class='ocrx_word' id='word_1_23' title='bbox 1103 479 1176 510; x_wconf 82' lang='lat' dir='ltr'>au</span> <span class='ocrx_word' id='word_1_24' title='bbox 1213 479 1337 510; x_wconf 73' lang='lat' dir='ltr'>‘nom</span> <span class='ocrx_word' id='word_1_25' title='bbox 1375 466 1427 510; x_wconf 83' lang='lat' dir='ltr'>de</span> <span class='ocrx_word' id='word_1_26' title='bbox 1464 480 1549 510; x_wconf 74' lang='lat' dir='ltr'>son</span> <span class='ocrx_word' id='word_1_27' title='bbox 1576 461 1783 519; x_wconf 56' lang='lat' dir='ltr'>maitre&#39;)</span> <span class='ocrx_word' id='word_1_28' title='bbox 1814 478 1924 508; x_wconf 87' lang='lat' dir='ltr'>vera</span> <span class='ocrx_word' id='word_1_29' title='bbox 1954 468 2087 520; x_wconf 91' lang='lat' dir='ltr'>esset,</span> 
     </span>
     <span class='ocr_line' id='line_1_4' title="bbox 111 539 2088 593; baseline 0 -13"><span class='ocrx_word' id='word_1_30' title='bbox 111 541 199 581; x_wconf 91' lang='lat' dir='ltr'>hoc</span> <span class='ocrx_word' id='word_1_31' title='bbox 230 539 466 581; x_wconf 85' lang='lat' dir='ltr'>manifesto</span> <span class='ocrx_word' id='word_1_32' title='bbox 498 551 587 581; x_wconf 91' lang='lat' dir='ltr'>non</span> <span class='ocrx_word' id='word_1_33' title='bbox 618 540 799 581; x_wconf 87' lang='lat' dir='ltr'>caderet</span> <span class='ocrx_word' id='word_1_34' title='bbox 836 541 882 581; x_wconf 92' lang='lat' dir='ltr'>in</span> <span class='ocrx_word' id='word_1_35' title='bbox 923 551 1075 593; x_wconf 90' lang='lat' dir='ltr'>regem</span> <span class='ocrx_word' id='word_1_36' title='bbox 1114 540 1392 582; x_wconf 87' lang='lat' dir='ltr'>defunctum.</span> <span class='ocrx_word' id='word_1_37' title='bbox 1455 540 1541 581; x_wconf 86' lang='lat' dir='ltr'>Sed</span> <span class='ocrx_word' id='word_1_38' title='bbox 1577 541 1623 580; x_wconf 92' lang='lat' dir='ltr'>ni</span> <span class='ocrx_word' id='word_1_39' title='bbox 1661 540 1794 593; x_wconf 91' lang='lat' dir='ltr'>plane</span> <span class='ocrx_word' id='word_1_40' title='bbox 1831 539 1962 581; x_wconf 85' lang='lat' dir='ltr'>fallor</span> <span class='ocrx_word' id='word_1_41' title='bbox 2000 539 2088 580; x_wconf 91' lang='lat' dir='ltr'>hoc</span> 
     </span>
     <span class='ocr_line' id='line_1_5' title="bbox 111 607 2086 671; baseline -0.001 -18"><span class='ocrx_word' id='word_1_42' title='bbox 111 610 214 671; x_wconf 75' lang='grc' dir='ltr'>ὑπὲρ</span> <span class='ocrx_word' id='word_1_43' title='bbox 262 610 468 668; x_wconf 84' lang='grc' dir='ltr'>βασιλέως</span> <span class='ocrx_word' id='word_1_44' title='bbox 513 613 666 666; x_wconf 92' lang='lat' dir='ltr'>potius</span> <span class='ocrx_word' id='word_1_45' title='bbox 696 607 800 666; x_wconf 78' lang='lat' dir='ltr'>‘pro</span> <span class='ocrx_word' id='word_1_46' title='bbox 840 613 984 654; x_wconf 87' lang='lat' dir='ltr'>salute</span> <span class='ocrx_word' id='word_1_47' title='bbox 1022 614 1067 653; x_wconf 90' lang='lat' dir='ltr'>et</span> <span class='ocrx_word' id='word_1_48' title='bbox 1103 613 1296 654; x_wconf 87' lang='lat' dir='ltr'>victoria</span> <span class='ocrx_word' id='word_1_49' title='bbox 1334 607 1474 665; x_wconf 79' lang='lat' dir='ltr'>regis&#39;</span> <span class='ocrx_word' id='word_1_50' title='bbox 1505 614 1587 666; x_wconf 90' lang='lat' dir='ltr'>est,</span> <span class='ocrx_word' id='word_1_51' title='bbox 1634 613 1697 654; x_wconf 88' lang='lat' dir='ltr'>ita</span> <span class='ocrx_word' id='word_1_52' title='bbox 1739 613 1792 653; x_wconf 93' lang='lat' dir='ltr'>ut</span> <span class='ocrx_word' id='word_1_53' title='bbox 1835 613 1923 654; x_wconf 91' lang='lat' dir='ltr'>hoc</span> <span class='ocrx_word' id='word_1_54' title='bbox 1963 611 2086 653; x_wconf 91' lang='lat' dir='ltr'>dono</span> 
     </span>
     <span class='ocr_line' id='line_1_6' title="bbox 110 684 2090 738; baseline -0.001 -12"><span class='ocrx_word' id='word_1_55' title='bbox 110 684 262 726; x_wconf 90' lang='lat' dir='ltr'>oblato</span> <span class='ocrx_word' id='word_1_56' title='bbox 294 696 320 725; x_wconf 89' lang='lat' dir='ltr'>a</span> <span class='ocrx_word' id='word_1_57' title='bbox 350 684 446 726; x_wconf 89' lang='lat' dir='ltr'>deis</span> <span class='ocrx_word' id='word_1_58' title='bbox 467 686 599 738; x_wconf 86' lang='lat' dir='ltr'>quasi</span> <span class='ocrx_word' id='word_1_59' title='bbox 629 685 791 726; x_wconf 84' lang='lat' dir='ltr'>redimi</span> <span class='ocrx_word' id='word_1_60' title='bbox 821 696 894 726; x_wconf 90' lang='lat' dir='ltr'>res</span> <span class='ocrx_word' id='word_1_61' title='bbox 922 684 1143 726; x_wconf 89' lang='lat' dir='ltr'>secundas</span> <span class='ocrx_word' id='word_1_62' title='bbox 1175 685 1292 737; x_wconf 86' lang='lat' dir='ltr'>regis</span> <span class='ocrx_word' id='word_1_63' title='bbox 1322 685 1618 737; x_wconf 83' lang='lat' dir='ltr'>intellegatur.</span> <span class='ocrx_word' id='word_1_64' title='bbox 1674 684 1804 733; x_wconf 89' lang='lat' dir='ltr'>Quod</span> <span class='ocrx_word' id='word_1_65' title='bbox 1834 696 1925 726; x_wconf 91' lang='lat' dir='ltr'>non</span> <span class='ocrx_word' id='word_1_66' title='bbox 1954 685 2090 725; x_wconf 89' lang='lat' dir='ltr'>licere</span> 
     </span>
     <span class='ocr_line' id='line_1_7' title="bbox 110 756 1037 811; baseline 0.001 -14"><span class='ocrx_word' id='word_1_67' title='bbox 110 757 198 798; x_wconf 92' lang='lat' dir='ltr'>dici</span> <span class='ocrx_word' id='word_1_68' title='bbox 228 757 315 798; x_wconf 91' lang='lat' dir='ltr'>nisi</span> <span class='ocrx_word' id='word_1_69' title='bbox 346 756 401 798; x_wconf 91' lang='lat' dir='ltr'>de</span> <span class='ocrx_word' id='word_1_70' title='bbox 432 758 676 811; x_wconf 87' lang='lat' dir='ltr'>superstite</span> <span class='ocrx_word' id='word_1_71' title='bbox 707 759 870 811; x_wconf 88' lang='lat' dir='ltr'>sponte</span> <span class='ocrx_word' id='word_1_72' title='bbox 901 759 1037 810; x_wconf 89' lang='lat' dir='ltr'>patet.</span> 
     </span>
    </p>
   </div>
   <div class='ocr_carea' id='block_1_3' title="bbox 103 957 2090 1376">
    <p class='ocr_par' dir='ltr' id='par_1_3' title="bbox 103 957 2090 1376">
     <span class='ocr_line' id='line_1_8' title="bbox 217 957 2086 1027; baseline -0.001 -15"><span class='ocrx_word' id='word_1_73' title='bbox 217 957 330 1013; x_wconf 83' lang='lat'>366</span> <span class='ocrx_word' id='word_1_74' title='bbox 390 962 497 1011; x_wconf 89' lang='lat' dir='ltr'>Deli</span> <span class='ocrx_word' id='word_1_75' title='bbox 523 963 574 1010; x_wconf 90' lang='lat' dir='ltr'>in</span> <span class='ocrx_word' id='word_1_76' title='bbox 602 962 728 1011; x_wconf 87' lang='lat' dir='ltr'>basi.</span> <span class='ocrx_word' id='word_1_77' title='bbox 793 962 915 1011; x_wconf 91' lang='lat' dir='ltr'>Edd.</span> <span class='ocrx_word' id='word_1_78' title='bbox 947 961 1086 1027; x_wconf 90' lang='lat' dir='ltr'>Spon</span> <span class='ocrx_word' id='word_1_79' title='bbox 1111 961 1222 1010; x_wconf 91' lang='lat' dir='ltr'>Itin.</span> <span class='ocrx_word' id='word_1_80' title='bbox 1252 962 1305 1010; x_wconf 91' lang='lat' dir='ltr'>T.</span> <span class='ocrx_word' id='word_1_81' title='bbox 1326 961 1392 1009; x_wconf 95' lang='lat' dir='ltr'>III</span> <span class='ocrx_word' id='word_1_82' title='bbox 1417 962 1472 1011; x_wconf 93' lang='lat' dir='ltr'>P.</span> <span class='ocrx_word' id='word_1_83' title='bbox 1495 962 1515 1010; x_wconf 95' lang='lat' dir='ltr'>I</span> <span class='ocrx_word' id='word_1_84' title='bbox 1540 977 1590 1027; x_wconf 89' lang='lat' dir='ltr'>p.</span> <span class='ocrx_word' id='word_1_85' title='bbox 1609 962 1691 1011; x_wconf 88' lang='lat'>86.</span> <span class='ocrx_word' id='word_1_86' title='bbox 1746 961 1952 1012; x_wconf 93' lang='lat' dir='ltr'>Wheler</span> <span class='ocrx_word' id='word_1_87' title='bbox 1974 962 2086 1012; x_wconf 86' lang='lat' dir='ltr'>Itin.</span> 
     </span>
     <span class='ocr_line' id='line_1_9' title="bbox 108 1047 2085 1115; baseline 0.001 -17"><span class='ocrx_word' id='word_1_88' title='bbox 108 1064 158 1114; x_wconf 91' lang='lat' dir='ltr'>p.</span> <span class='ocrx_word' id='word_1_89' title='bbox 190 1049 255 1097; x_wconf 83' lang='lat'>56</span> <span class='ocrx_word' id='word_1_90' title='bbox 297 1047 555 1115; x_wconf 86' lang='lat' dir='ltr'>(Muratori</span> <span class='ocrx_word' id='word_1_91' title='bbox 581 1050 634 1098; x_wconf 92' lang='lat' dir='ltr'>T.</span> <span class='ocrx_word' id='word_1_92' title='bbox 657 1049 701 1097; x_wconf 96' lang='lat' dir='ltr'>II</span> <span class='ocrx_word' id='word_1_93' title='bbox 737 1064 786 1115; x_wconf 89' lang='lat' dir='ltr'>p.</span> <span class='ocrx_word' id='word_1_94' title='bbox 807 1049 978 1114; x_wconf 94' lang='lat' dir='ltr'>MLVI,</span> <span class='ocrx_word' id='word_1_95' title='bbox 1008 1049 1037 1097; x_wconf 84' lang='lat'>5</span> <span class='ocrx_word' id='word_1_96' title='bbox 1067 1051 1117 1097; x_wconf 85' lang='lat' dir='ltr'>et</span> <span class='ocrx_word' id='word_1_97' title='bbox 1142 1048 1194 1097; x_wconf 89' lang='lat' dir='ltr'>T.</span> <span class='ocrx_word' id='word_1_98' title='bbox 1218 1048 1284 1096; x_wconf 94' lang='lat' dir='ltr'>IV</span> <span class='ocrx_word' id='word_1_99' title='bbox 1320 1063 1371 1114; x_wconf 91' lang='lat' dir='ltr'>p.</span> <span class='ocrx_word' id='word_1_100' title='bbox 1401 1048 1606 1114; x_wconf 89' lang='lat' dir='ltr'>MMXX,</span> <span class='ocrx_word' id='word_1_101' title='bbox 1636 1047 1701 1114; x_wconf 74' lang='lat'>2).</span> <span class='ocrx_word' id='word_1_102' title='bbox 1768 1049 2085 1115; x_wconf 87' lang='lat' dir='ltr'>Tournefort,</span> 
     </span>
     <span class='ocr_line' id='line_1_10' title="bbox 110 1135 2089 1201; baseline -0.001 -16"><span class='ocrx_word' id='word_1_103' title='bbox 110 1135 250 1185; x_wconf 88' lang='lat' dir='ltr'>cuius</span> <span class='ocrx_word' id='word_1_104' title='bbox 287 1139 456 1186; x_wconf 86' lang='lat' dir='ltr'>aetate</span> <span class='ocrx_word' id='word_1_105' title='bbox 494 1136 675 1185; x_wconf 81' lang='lat' dir='ltr'>dextra</span> <span class='ocrx_word' id='word_1_106' title='bbox 710 1135 866 1186; x_wconf 89' lang='lat' dir='ltr'>modo</span> <span class='ocrx_word' id='word_1_107' title='bbox 903 1135 1084 1201; x_wconf 90' lang='lat' dir='ltr'>lapidis</span> <span class='ocrx_word' id='word_1_108' title='bbox 1121 1150 1244 1201; x_wconf 89' lang='lat' dir='ltr'>pars</span> <span class='ocrx_word' id='word_1_109' title='bbox 1277 1137 1557 1201; x_wconf 79' lang='lat' dir='ltr'>supererat,</span> <span class='ocrx_word' id='word_1_110' title='bbox 1599 1135 1851 1201; x_wconf 85' lang='lat' dir='ltr'>integrum</span> <span class='ocrx_word' id='word_1_111' title='bbox 1887 1138 2089 1186; x_wconf 82' lang='lat' dir='ltr'>titulum</span> 
     </span>
     <span class='ocr_line' id='line_1_11' title="bbox 103 1215 2090 1289; baseline -0.001 -18"><span class='ocrx_word' id='word_1_112' title='bbox 103 1215 175 1271; x_wconf 80' lang='lat' dir='ltr'>&#39;ex</span> <span class='ocrx_word' id='word_1_113' title='bbox 199 1222 373 1289; x_wconf 91' lang='lat' dir='ltr'>Sponii</span> <span class='ocrx_word' id='word_1_114' title='bbox 400 1227 449 1273; x_wconf 89' lang='lat' dir='ltr'>et</span> <span class='ocrx_word' id='word_1_115' title='bbox 473 1222 695 1273; x_wconf 90' lang='lat' dir='ltr'>Wheleri</span> <span class='ocrx_word' id='word_1_116' title='bbox 720 1223 859 1272; x_wconf 90' lang='lat' dir='ltr'>libris</span> <span class='ocrx_word' id='word_1_117' title='bbox 891 1222 1127 1288; x_wconf 83' lang='lat' dir='ltr'>repetivit</span> <span class='ocrx_word' id='word_1_118' title='bbox 1152 1222 1261 1272; x_wconf 83' lang='lat' dir='ltr'>Itin.</span> <span class='ocrx_word' id='word_1_119' title='bbox 1293 1223 1346 1271; x_wconf 89' lang='lat' dir='ltr'>T.</span> <span class='ocrx_word' id='word_1_120' title='bbox 1375 1223 1396 1270; x_wconf 97' lang='grc' dir='ltr'>Ι</span> <span class='ocrx_word' id='word_1_121' title='bbox 1422 1223 1566 1288; x_wconf 86' lang='lat' dir='ltr'>epist.</span> <span class='ocrx_word' id='word_1_122' title='bbox 1592 1219 1623 1270; x_wconf 82' lang='lat'><strong>7</strong></span> <span class='ocrx_word' id='word_1_123' title='bbox 1649 1239 1699 1288; x_wconf 90' lang='lat' dir='ltr'>p.</span> <span class='ocrx_word' id='word_1_124' title='bbox 1726 1220 1829 1273; x_wconf 76' lang='lat'>297</span> <span class='ocrx_word' id='word_1_125' title='bbox 1871 1223 2090 1288; x_wconf 87' lang='lat' dir='ltr'>(Boeckh</span> 
     </span>
     <span class='ocr_line' id='line_1_12' title="bbox 111 1306 2084 1376; baseline 0.001 -18"><span class='ocrx_word' id='word_1_126' title='bbox 111 1309 207 1359; x_wconf 91' lang='lat' dir='ltr'>C.I.</span> <span class='ocrx_word' id='word_1_127' title='bbox 223 1309 280 1360; x_wconf 89' lang='lat' dir='ltr'>G.</span> <span class='ocrx_word' id='word_1_128' title='bbox 300 1307 456 1362; x_wconf 74' lang='lat'>2276.</span> <span class='ocrx_word' id='word_1_129' title='bbox 504 1310 594 1360; x_wconf 88' lang='lat' dir='ltr'>Th.</span> <span class='ocrx_word' id='word_1_130' title='bbox 607 1310 831 1360; x_wconf 84' lang='lat' dir='ltr'>Reinach</span> <span class='ocrx_word' id='word_1_131' title='bbox 865 1309 1195 1360; x_wconf 81' lang='lat' dir='ltr'>Mithradates</span> <span class='ocrx_word' id='word_1_132' title='bbox 1223 1311 1450 1376; x_wconf 87' lang='lat' dir='ltr'>Eupator</span> <span class='ocrx_word' id='word_1_133' title='bbox 1476 1325 1525 1375; x_wconf 90' lang='lat' dir='ltr'>p.</span> <span class='ocrx_word' id='word_1_134' title='bbox 1541 1306 1642 1358; x_wconf 78' lang='lat'>457</span> <span class='ocrx_word' id='word_1_135' title='bbox 1667 1310 1759 1359; x_wconf 59' lang='grc' dir='ltr'>αὖ</span> <span class='ocrx_word' id='word_1_136' title='bbox 1784 1310 1861 1359; x_wconf 92' lang='lat' dir='ltr'>ed.</span> <span class='ocrx_word' id='word_1_137' title='bbox 1883 1309 2084 1375; x_wconf 76' lang='lat' dir='ltr'>Germ).</span> 
     </span>
    </p>
   </div>
   <div class='ocr_carea' id='block_1_4' title="bbox 0 0 32 1294">
    <p class='ocr_par' dir='ltr' id='par_1_4' title="bbox 0 0 32 1294">
     <span class='ocr_line' id='line_1_13' title="bbox 0 0 32 1294; baseline 0 0"><span class='ocrx_word' id='word_1_138' title='bbox 0 0 32 1294; x_wconf 95' lang='lat' dir='ltr'> </span> 
     </span>
    </p>
   </div>
   <div class='ocr_carea' id='block_1_5' title="bbox 3 954 11 1466">
    <p class='ocr_par' dir='ltr' id='par_1_5' title="bbox 3 954 11 1466">
     <span class='ocr_line' id='line_1_14' title="bbox 3 954 11 1466; baseline 0 0"><span class='ocrx_word' id='word_1_139' title='bbox 3 954 11 1466; x_wconf 95' lang='lat' dir='ltr'> </span> 
     </span>
    </p>
   </div>
   <div class='ocr_carea' id='block_1_6' title="bbox 251 1436 2090 1599">
    <p class='ocr_par' dir='ltr' id='par_1_6' title="bbox 251 1436 2090 1599">
     <span class='ocr_line' id='line_1_15' title="bbox 252 1436 2090 1510; baseline 0 -18"><span class='ocrx_word' id='word_1_140' title='bbox 252 1437 548 1499; x_wconf 82' lang='grc' dir='ltr'>Βασιλέως1</span> <span class='ocrx_word' id='word_1_141' title='bbox 593 1436 931 1510; x_wconf 88' lang='grc' dir='ltr'>Μιθραδάτου</span> <span class='ocrx_word' id='word_1_142' title='bbox 973 1437 979 1509; x_wconf 78' lang='grc' dir='ltr'>Ι</span> <span class='ocrx_word' id='word_1_143' title='bbox 1018 1436 1299 1509; x_wconf 78' lang='grc' dir='ltr'>Εὐεργέτου</span> <span class='ocrx_word' id='word_1_144' title='bbox 1315 1439 1351 1491; x_wconf 81' lang='lat'>2.</span> <span class='ocrx_word' id='word_1_145' title='bbox 1401 1437 1646 1498; x_wconf 84' lang='grc' dir='ltr'>Σέλευκος</span> <span class='ocrx_word' id='word_1_146' title='bbox 1689 1438 1695 1508; x_wconf 84' lang='grc' dir='ltr'>Ι</span> <span class='ocrx_word' id='word_1_147' title='bbox 1743 1436 2090 1510; x_wconf 77' lang='grc' dir='ltr'>Μαραθώνιος</span> 
     </span>
     <span class='ocr_line' id='line_1_16' title="bbox 251 1529 688 1599; baseline 0 -20"><span class='ocrx_word' id='word_1_148' title='bbox 251 1547 375 1598; x_wconf 87' lang='grc' dir='ltr'>γυμν</span> <span class='ocrx_word' id='word_1_149' title='bbox 382 1529 640 1599; x_wconf 87' lang='grc' dir='ltr'>ασιαρχῶν</span> <span class='ocrx_word' id='word_1_150' title='bbox 653 1529 688 1579; x_wconf 85' lang='grc'>3.</span> 
     </span>
    </p>
   </div>
   <div class='ocr_carea' id='block_1_7' title="bbox 109 1672 2098 3690">
    <p class='ocr_par' dir='ltr' id='par_1_7' title="bbox 109 1672 2098 3690">
     <span class='ocr_line' id='line_1_17' title="bbox 223 1672 2089 1727; baseline 0.001 -14"><span class='ocrx_word' id='word_1_151' title='bbox 223 1673 417 1715; x_wconf 87' lang='lat' dir='ltr'>Litterae</span> <span class='ocrx_word' id='word_1_152' title='bbox 447 1673 654 1726; x_wconf 79' lang='lat' dir='ltr'>volgares</span> <span class='ocrx_word' id='word_1_153' title='bbox 684 1674 864 1726; x_wconf 88' lang='lat' dir='ltr'>praeter</span> <span class='ocrx_word' id='word_1_154' title='bbox 894 1675 996 1727; x_wconf 86' lang='grc' dir='ltr'>ΘΣ,</span> <span class='ocrx_word' id='word_1_155' title='bbox 1035 1674 1072 1714; x_wconf 92' lang='lat' dir='ltr'>si</span> <span class='ocrx_word' id='word_1_156' title='bbox 1111 1672 1247 1714; x_wconf 90' lang='lat' dir='ltr'>modo</span> <span class='ocrx_word' id='word_1_157' title='bbox 1289 1673 1560 1726; x_wconf 84' lang='lat' dir='ltr'>apographis</span> <span class='ocrx_word' id='word_1_158' title='bbox 1591 1672 1727 1714; x_wconf 89' lang='lat' dir='ltr'>fidem</span> <span class='ocrx_word' id='word_1_159' title='bbox 1768 1672 1935 1714; x_wconf 83' lang='lat' dir='ltr'>habere</span> <span class='ocrx_word' id='word_1_160' title='bbox 1972 1673 2089 1715; x_wconf 89' lang='lat' dir='ltr'>licet.</span> 
     </span>
     <span class='ocr_line' id='line_1_18' title="bbox 110 1745 2090 1799; baseline 0 -13"><span class='ocrx_word' id='word_1_161' title='bbox 110 1749 126 1786; x_wconf 99' lang='grc'><strong>4</strong></span> <span class='ocrx_word' id='word_1_162' title='bbox 169 1746 384 1788; x_wconf 91' lang='lat' dir='ltr'>Genetivo</span> <span class='ocrx_word' id='word_1_163' title='bbox 415 1747 489 1787; x_wconf 90' lang='lat' dir='ltr'>hic</span> <span class='ocrx_word' id='word_1_164' title='bbox 530 1758 621 1787; x_wconf 92' lang='lat' dir='ltr'>non</span> <span class='ocrx_word' id='word_1_165' title='bbox 651 1757 770 1799; x_wconf 90' lang='lat' dir='ltr'>eum,</span> <span class='ocrx_word' id='word_1_166' title='bbox 810 1756 946 1798; x_wconf 91' lang='lat' dir='ltr'>quem</span> <span class='ocrx_word' id='word_1_167' title='bbox 978 1747 1128 1787; x_wconf 88' lang='lat' dir='ltr'>statua</span> <span class='ocrx_word' id='word_1_168' title='bbox 1160 1747 1533 1799; x_wconf 86' lang='lat' dir='ltr'>repraesentaret,</span> <span class='ocrx_word' id='word_1_169' title='bbox 1573 1745 1652 1786; x_wconf 90' lang='lat' dir='ltr'>sed</span> <span class='ocrx_word' id='word_1_170' title='bbox 1692 1756 1811 1798; x_wconf 91' lang='lat' dir='ltr'>eum,</span> <span class='ocrx_word' id='word_1_171' title='bbox 1851 1746 1928 1798; x_wconf 92' lang='lat' dir='ltr'>qui</span> <span class='ocrx_word' id='word_1_172' title='bbox 1966 1746 2090 1786; x_wconf 87' lang='lat' dir='ltr'>illam</span> 
     </span>
     <span class='ocr_line' id='line_1_19' title="bbox 110 1817 2092 1872; baseline -0.001 -13"><span class='ocrx_word' id='word_1_173' title='bbox 110 1818 375 1872; x_wconf 86' lang='lat' dir='ltr'>dedicasset,</span> <span class='ocrx_word' id='word_1_174' title='bbox 407 1818 594 1860; x_wconf 86' lang='lat' dir='ltr'>indicari</span> <span class='ocrx_word' id='word_1_175' title='bbox 617 1818 705 1860; x_wconf 89' lang='lat' dir='ltr'>sibi</span> <span class='ocrx_word' id='word_1_176' title='bbox 735 1819 962 1872; x_wconf 87' lang='lat' dir='ltr'>persuasit</span> <span class='ocrx_word' id='word_1_177' title='bbox 982 1818 1250 1860; x_wconf 85' lang='lat' dir='ltr'>BoeckhiuS.</span> <span class='ocrx_word' id='word_1_178' title='bbox 1300 1817 1358 1858; x_wconf 87' lang='lat' dir='ltr'>At</span> <span class='ocrx_word' id='word_1_179' title='bbox 1387 1819 1439 1858; x_wconf 91' lang='lat' dir='ltr'>ut</span> <span class='ocrx_word' id='word_1_180' title='bbox 1468 1829 1551 1871; x_wconf 91' lang='lat' dir='ltr'>per</span> <span class='ocrx_word' id='word_1_181' title='bbox 1580 1828 1628 1858; x_wconf 91' lang='lat' dir='ltr'>se</span> <span class='ocrx_word' id='word_1_182' title='bbox 1658 1819 1852 1870; x_wconf 82' lang='lat' dir='ltr'>utraque</span> <span class='ocrx_word' id='word_1_183' title='bbox 1884 1818 1929 1859; x_wconf 86' lang='lat' dir='ltr'>vi</span> <span class='ocrx_word' id='word_1_184' title='bbox 1958 1829 2092 1858; x_wconf 89' lang='lat' dir='ltr'>usur-</span> 
     </span>
     <span class='ocr_line' id='line_1_20' title="bbox 109 1890 2093 1946; baseline 0 -14"><span class='ocrx_word' id='word_1_185' title='bbox 109 1892 210 1944; x_wconf 88' lang='lat' dir='ltr'>pari</span> <span class='ocrx_word' id='word_1_186' title='bbox 241 1893 392 1944; x_wconf 88' lang='lat' dir='ltr'>potest</span> <span class='ocrx_word' id='word_1_187' title='bbox 422 1891 489 1944; x_wconf 81' lang='lat' dir='ltr'>(cf.</span> <span class='ocrx_word' id='word_1_188' title='bbox 521 1903 564 1933; x_wconf 93' lang='lat' dir='ltr'>n.</span> <span class='ocrx_word' id='word_1_189' title='bbox 584 1891 691 1946; x_wconf 74' lang='lat'>341),</span> <span class='ocrx_word' id='word_1_190' title='bbox 723 1892 789 1932; x_wconf 92' lang='lat' dir='ltr'>sic</span> <span class='ocrx_word' id='word_1_191' title='bbox 820 1904 863 1932; x_wconf 88' lang='lat' dir='ltr'>v.</span> <span class='ocrx_word' id='word_1_192' title='bbox 887 1894 924 1932; x_wconf 79' lang='lat'>2.</span> <span class='ocrx_word' id='word_1_193' title='bbox 950 1894 971 1930; x_wconf 89' lang='lat'><strong>3</strong></span> <span class='ocrx_word' id='word_1_194' title='bbox 1006 1890 1074 1941; x_wconf 82' lang='lat' dir='ltr'>(cf.</span> <span class='ocrx_word' id='word_1_195' title='bbox 1107 1893 1200 1932; x_wconf 90' lang='lat' dir='ltr'>not.</span> <span class='ocrx_word' id='word_1_196' title='bbox 1225 1891 1263 1943; x_wconf 83' lang='lat'>3)</span> <span class='ocrx_word' id='word_1_197' title='bbox 1296 1890 1495 1932; x_wconf 87' lang='lat' dir='ltr'>dubitari</span> <span class='ocrx_word' id='word_1_198' title='bbox 1526 1902 1619 1931; x_wconf 91' lang='lat' dir='ltr'>non</span> <span class='ocrx_word' id='word_1_199' title='bbox 1648 1891 1816 1944; x_wconf 87' lang='lat' dir='ltr'>sinunt,</span> <span class='ocrx_word' id='word_1_200' title='bbox 1848 1890 1959 1943; x_wconf 91' lang='lat' dir='ltr'>quin</span> <span class='ocrx_word' id='word_1_201' title='bbox 1981 1891 2093 1932; x_wconf 90' lang='lat' dir='ltr'>ima-</span> 
     </span>
     <span class='ocr_line' id='line_1_21' title="bbox 109 1962 2092 2017; baseline 0 -12"><span class='ocrx_word' id='word_1_202' title='bbox 109 1965 258 2016; x_wconf 89' lang='lat' dir='ltr'>ginem</span> <span class='ocrx_word' id='word_1_203' title='bbox 289 1964 407 2017; x_wconf 89' lang='lat' dir='ltr'>regis</span> <span class='ocrx_word' id='word_1_204' title='bbox 439 1976 464 2006; x_wconf 92' lang='lat' dir='ltr'>a</span> <span class='ocrx_word' id='word_1_205' title='bbox 485 1964 670 2006; x_wconf 88' lang='lat' dir='ltr'>Seleuco</span> <span class='ocrx_word' id='word_1_206' title='bbox 691 1964 969 2005; x_wconf 86' lang='lat' dir='ltr'>Marathonio</span> <span class='ocrx_word' id='word_1_207' title='bbox 1001 1964 1350 2017; x_wconf 85' lang='lat' dir='ltr'>gymnasiarcho</span> <span class='ocrx_word' id='word_1_208' title='bbox 1379 1963 1631 2004; x_wconf 87' lang='lat' dir='ltr'>dedicatam</span> <span class='ocrx_word' id='word_1_209' title='bbox 1664 1963 1775 2004; x_wconf 89' lang='lat' dir='ltr'>haec</span> <span class='ocrx_word' id='word_1_210' title='bbox 1804 1962 1927 2004; x_wconf 88' lang='lat' dir='ltr'>basis</span> <span class='ocrx_word' id='word_1_211' title='bbox 1948 1975 2092 2016; x_wconf 90' lang='lat' dir='ltr'>quon-</span> 
     </span>
     <span class='ocr_line' id='line_1_22' title="bbox 110 2036 2091 2090; baseline -0.001 -12"><span class='ocrx_word' id='word_1_212' title='bbox 110 2037 213 2078; x_wconf 90' lang='lat' dir='ltr'>dam</span> <span class='ocrx_word' id='word_1_213' title='bbox 244 2037 524 2078; x_wconf 86' lang='lat' dir='ltr'>sustinuerit.</span> <span class='ocrx_word' id='word_1_214' title='bbox 672 2040 696 2077; x_wconf 82' lang='lat'><strong>2</strong></span> <span class='ocrx_word' id='word_1_215' title='bbox 738 2036 1017 2078; x_wconf 88' lang='lat' dir='ltr'>Mithridates</span> <span class='ocrx_word' id='word_1_216' title='bbox 1038 2036 1096 2077; x_wconf 87' lang='lat' dir='ltr'>lV</span> <span class='ocrx_word' id='word_1_217' title='bbox 1118 2037 1359 2090; x_wconf 89' lang='lat' dir='ltr'>Eupatoris</span> <span class='ocrx_word' id='word_1_218' title='bbox 1381 2038 1521 2090; x_wconf 89' lang='lat' dir='ltr'>pater,</span> <span class='ocrx_word' id='word_1_219' title='bbox 1554 2037 1633 2089; x_wconf 91' lang='lat' dir='ltr'>qui</span> <span class='ocrx_word' id='word_1_220' title='bbox 1662 2036 1868 2088; x_wconf 89' lang='lat' dir='ltr'>regnavit</span> <span class='ocrx_word' id='word_1_221' title='bbox 1897 2036 1953 2077; x_wconf 90' lang='lat' dir='ltr'>ab</span> <span class='ocrx_word' id='word_1_222' title='bbox 1975 2048 2091 2078; x_wconf 87' lang='lat' dir='ltr'>anno</span> 
     </span>
     <span class='ocr_line' id='line_1_23' title="bbox 109 2104 2092 2167; baseline 0 -17"><span class='ocrx_word' id='word_1_223' title='bbox 109 2108 201 2151; x_wconf 77' lang='lat' dir='ltr'>fere</span> <span class='ocrx_word' id='word_1_224' title='bbox 232 2112 312 2151; x_wconf 92' lang='grc'>470</span> <span class='ocrx_word' id='word_1_225' title='bbox 352 2120 499 2163; x_wconf 88' lang='lat' dir='ltr'>usque</span> <span class='ocrx_word' id='word_1_226' title='bbox 537 2109 594 2151; x_wconf 89' lang='lat' dir='ltr'>ad</span> <span class='ocrx_word' id='word_1_227' title='bbox 632 2121 801 2151; x_wconf 89' lang='lat' dir='ltr'>annum</span> <span class='ocrx_word' id='word_1_228' title='bbox 840 2112 920 2150; x_wconf 78' lang='grc'>420</span> <span class='ocrx_word' id='word_1_229' title='bbox 953 2121 990 2151; x_wconf 91' lang='lat' dir='ltr'>a.</span> <span class='ocrx_word' id='word_1_230' title='bbox 1023 2110 1122 2151; x_wconf 90' lang='lat' dir='ltr'>Chr.</span> <span class='ocrx_word' id='word_1_231' title='bbox 1155 2121 1197 2151; x_wconf 91' lang='lat' dir='ltr'>n.</span> <span class='ocrx_word' id='word_1_232' title='bbox 1257 2109 1373 2152; x_wconf 89' lang='lat' dir='ltr'>Nam</span> <span class='ocrx_word' id='word_1_233' title='bbox 1413 2109 1520 2150; x_wconf 90' lang='lat' dir='ltr'>huic</span> <span class='ocrx_word' id='word_1_234' title='bbox 1558 2104 1798 2167; x_wconf 78' lang='grc' dir='ltr'>Εὐεργέτης</span> <span class='ocrx_word' id='word_1_235' title='bbox 1837 2120 2092 2162; x_wconf 88' lang='lat' dir='ltr'>cognomen</span> 
     </span>
     <span class='ocr_line' id='line_1_24' title="bbox 109 2178 2098 2238; baseline 0.001 -15"><span class='ocrx_word' id='word_1_236' title='bbox 109 2181 248 2223; x_wconf 83' lang='lat' dir='ltr'>fuisse</span> <span class='ocrx_word' id='word_1_237' title='bbox 278 2182 557 2236; x_wconf 90' lang='lat' dir='ltr'>scriptorum</span> <span class='ocrx_word' id='word_1_238' title='bbox 587 2183 859 2224; x_wconf 90' lang='lat' dir='ltr'>testimoniis</span> <span class='ocrx_word' id='word_1_239' title='bbox 882 2184 1073 2224; x_wconf 88' lang='lat' dir='ltr'>constat.</span> <span class='ocrx_word' id='word_1_240' title='bbox 1128 2182 1189 2224; x_wconf 85' lang='lat' dir='ltr'>Cr.</span> <span class='ocrx_word' id='word_1_241' title='bbox 1221 2182 1382 2225; x_wconf 88' lang='lat' dir='ltr'>Strabo</span> <span class='ocrx_word' id='word_1_242' title='bbox 1403 2182 1459 2236; x_wconf 93' lang='lat' dir='ltr'>X,</span> <span class='ocrx_word' id='word_1_243' title='bbox 1483 2184 1521 2236; x_wconf 74' lang='lat'>4,</span> <span class='ocrx_word' id='word_1_244' title='bbox 1545 2185 1596 2222; x_wconf 91' lang='grc'>40</span> <span class='ocrx_word' id='word_1_245' title='bbox 1630 2193 1674 2235; x_wconf 89' lang='lat' dir='ltr'>p.</span> <span class='ocrx_word' id='word_1_246' title='bbox 1697 2184 1779 2222; x_wconf 78' lang='grc'>477</span> <span class='ocrx_word' id='word_1_247' title='bbox 1803 2182 1925 2223; x_wconf 74' lang='lat' dir='ltr'>Cas:</span> <span class='ocrx_word' id='word_1_248' title='bbox 1963 2178 2098 2238; x_wconf 79' lang='grc' dir='ltr'>Δορύ-</span> 
     </span>
     <span class='ocr_line' id='line_1_25' title="bbox 109 2250 2093 2312; baseline -0.001 -16"><span class='ocrx_word' id='word_1_249' title='bbox 109 2253 213 2302; x_wconf 88' lang='grc' dir='ltr'>λαος</span> <span class='ocrx_word' id='word_1_250' title='bbox 242 2252 322 2312; x_wconf 80' lang='grc' dir='ltr'>γὰρ</span> <span class='ocrx_word' id='word_1_251' title='bbox 350 2252 404 2312; x_wconf 84' lang='grc' dir='ltr'>ἠν</span> <span class='ocrx_word' id='word_1_252' title='bbox 435 2252 543 2310; x_wconf 82' lang='grc' dir='ltr'>ἀνὴρ</span> <span class='ocrx_word' id='word_1_253' title='bbox 573 2252 788 2309; x_wconf 79' lang='grc' dir='ltr'>τακτικός,</span> <span class='ocrx_word' id='word_1_254' title='bbox 817 2259 903 2297; x_wconf 84' lang='grc' dir='ltr'>τῶν</span> <span class='ocrx_word' id='word_1_255' title='bbox 923 2250 1193 2311; x_wconf 81' lang='grc' dir='ltr'>Μιθριδάτου</span> <span class='ocrx_word' id='word_1_256' title='bbox 1224 2257 1299 2297; x_wconf 82' lang='grc' dir='ltr'>τοῦ</span> <span class='ocrx_word' id='word_1_257' title='bbox 1326 2251 1563 2312; x_wconf 80' lang='grc' dir='ltr'>Εὐεργέτου</span> <span class='ocrx_word' id='word_1_258' title='bbox 1596 2251 1744 2312; x_wconf 81' lang='grc' dir='ltr'>φίλων.</span> <span class='ocrx_word' id='word_1_259' title='bbox 1765 2278 1823 2286; x_wconf 83' lang='grc'><strong>-</strong></span> <span class='ocrx_word' id='word_1_260' title='bbox 1842 2253 1916 2296; x_wconf 87' lang='grc' dir='ltr'>καὶ</span> <span class='ocrx_word' id='word_1_261' title='bbox 1946 2252 2093 2311; x_wconf 81' lang='grc' dir='ltr'>ἐπειδὴ</span> 
     </span>
     <span class='ocr_line' id='line_1_26' title="bbox 112 2323 2095 2385; baseline 0.001 -18"><span class='ocrx_word' id='word_1_262' title='bbox 112 2323 283 2385; x_wconf 80' lang='grc' dir='ltr'>ὕστερον</span> <span class='ocrx_word' id='word_1_263' title='bbox 329 2324 374 2376; x_wconf 80' lang='grc' dir='ltr'>ἐξ</span> <span class='ocrx_word' id='word_1_264' title='bbox 417 2324 651 2383; x_wconf 82' lang='grc' dir='ltr'>ἐπιβουλῆς</span> <span class='ocrx_word' id='word_1_265' title='bbox 697 2325 1043 2384; x_wconf 78' lang='grc' dir='ltr'>δολοφονηθέντα</span> <span class='ocrx_word' id='word_1_266' title='bbox 1088 2325 1195 2385; x_wconf 81' lang='grc' dir='ltr'>ἔγνω</span> <span class='ocrx_word' id='word_1_267' title='bbox 1233 2326 1305 2369; x_wconf 86' lang='grc' dir='ltr'>τὸν</span> <span class='ocrx_word' id='word_1_268' title='bbox 1346 2323 1586 2385; x_wconf 80' lang='grc' dir='ltr'>Εὐεργέτην</span> <span class='ocrx_word' id='word_1_269' title='bbox 1625 2324 1707 2369; x_wconf 81' lang='grc' dir='ltr'>ὑπὸ</span> <span class='ocrx_word' id='word_1_270' title='bbox 1745 2332 1830 2369; x_wconf 81' lang='grc' dir='ltr'>τῶν</span> <span class='ocrx_word' id='word_1_271' title='bbox 1874 2324 2009 2384; x_wconf 84' lang='grc' dir='ltr'>φίλων</span> <span class='ocrx_word' id='word_1_272' title='bbox 2051 2325 2095 2368; x_wconf 84' lang='grc' dir='ltr'>ἐν</span> 
     </span>
     <span class='ocr_line' id='line_1_27' title="bbox 113 2395 2096 2459; baseline 0.001 -18"><span class='ocrx_word' id='word_1_273' title='bbox 113 2395 286 2457; x_wconf 84' lang='grc' dir='ltr'>Σινώπῃ</span> <span class='ocrx_word' id='word_1_274' title='bbox 317 2396 411 2440; x_wconf 91' lang='grc' dir='ltr'>κτλ.</span> <span class='ocrx_word' id='word_1_275' title='bbox 441 2423 499 2429; x_wconf 98' lang='lat'>—</span> <span class='ocrx_word' id='word_1_276' title='bbox 528 2397 641 2442; x_wconf 80' lang='grc' dir='ltr'>δυεῖν</span> <span class='ocrx_word' id='word_1_277' title='bbox 680 2397 728 2442; x_wconf 87' lang='grc' dir='ltr'>δὲ</span> <span class='ocrx_word' id='word_1_278' title='bbox 765 2396 896 2442; x_wconf 84' lang='grc' dir='ltr'>ὄντων</span> <span class='ocrx_word' id='word_1_279' title='bbox 928 2397 1030 2442; x_wconf 86' lang='grc' dir='ltr'>υἱῶν</span> <span class='ocrx_word' id='word_1_280' title='bbox 1060 2398 1123 2457; x_wconf 81' lang='grc' dir='ltr'>τῷ</span> <span class='ocrx_word' id='word_1_281' title='bbox 1151 2396 1378 2459; x_wconf 79' lang='grc' dir='ltr'>Εὐεργέτῃ,</span> <span class='ocrx_word' id='word_1_282' title='bbox 1418 2396 1629 2448; x_wconf 73' lang='grc' dir='ltr'>διεδέξατο</span> <span class='ocrx_word' id='word_1_283' title='bbox 1658 2398 1737 2456; x_wconf 83' lang='grc' dir='ltr'>τὴν</span> <span class='ocrx_word' id='word_1_284' title='bbox 1770 2397 1980 2455; x_wconf 83' lang='grc' dir='ltr'>βασιλείαν</span> <span class='ocrx_word' id='word_1_285' title='bbox 2012 2395 2096 2442; x_wconf 90' lang='grc' dir='ltr'>Μι-</span> 
     </span>
     <span class='ocr_line' id='line_1_28' title="bbox 110 2469 2094 2531; baseline 0.001 -18"><span class='ocrx_word' id='word_1_286' title='bbox 110 2469 313 2528; x_wconf 85' lang='grc' dir='ltr'>θριδάτης</span> <span class='ocrx_word' id='word_1_287' title='bbox 344 2469 366 2513; x_wconf 87' lang='grc' dir='ltr'>ὁ</span> <span class='ocrx_word' id='word_1_288' title='bbox 397 2469 753 2531; x_wconf 88' lang='grc' dir='ltr'>προσαγορευθεὶς</span> <span class='ocrx_word' id='word_1_289' title='bbox 774 2469 1002 2528; x_wconf 82' lang='grc' dir='ltr'>Εὐπάτωρ,</span> <span class='ocrx_word' id='word_1_290' title='bbox 1033 2469 1186 2515; x_wconf 81' lang='grc' dir='ltr'>ἕνδεκα</span> <span class='ocrx_word' id='word_1_291' title='bbox 1216 2470 1291 2529; x_wconf 83' lang='grc' dir='ltr'>ἔτη</span> <span class='ocrx_word' id='word_1_292' title='bbox 1322 2472 1518 2531; x_wconf 82' lang='grc' dir='ltr'>γεγονώς.</span> <span class='ocrx_word' id='word_1_293' title='bbox 1570 2472 1760 2527; x_wconf 87' lang='lat' dir='ltr'>Appian.</span> <span class='ocrx_word' id='word_1_294' title='bbox 1783 2473 1931 2514; x_wconf 89' lang='lat' dir='ltr'>Mithr.</span> <span class='ocrx_word' id='word_1_295' title='bbox 1955 2476 2029 2515; x_wconf 83' lang='grc' dir='ltr'>4οε</span> <span class='ocrx_word' id='word_1_296' title='bbox 2073 2471 2094 2514; x_wconf 79' lang='grc' dir='ltr'>ὅ</span> 
     </span>
     <span class='ocr_line' id='line_1_29' title="bbox 110 2539 2094 2605; baseline 0.001 -19"><span class='ocrx_word' id='word_1_297' title='bbox 110 2543 160 2603; x_wconf 90' lang='grc' dir='ltr'>γέ</span> <span class='ocrx_word' id='word_1_298' title='bbox 186 2559 253 2587; x_wconf 90' lang='grc' dir='ltr'>τοι</span> <span class='ocrx_word' id='word_1_299' title='bbox 270 2539 503 2601; x_wconf 84' lang='grc' dir='ltr'>Ῥωμαίοις</span> <span class='ocrx_word' id='word_1_300' title='bbox 543 2551 710 2604; x_wconf 82' lang='grc' dir='ltr'>πρῶτος</span> <span class='ocrx_word' id='word_1_301' title='bbox 750 2542 793 2587; x_wconf 86' lang='grc' dir='ltr'>ἐν</span> <span class='ocrx_word' id='word_1_302' title='bbox 834 2543 953 2602; x_wconf 78' lang='grc' dir='ltr'>φιλίᾳ</span> <span class='ocrx_word' id='word_1_303' title='bbox 989 2544 1215 2603; x_wconf 86' lang='grc' dir='ltr'>γενόμενος</span> <span class='ocrx_word' id='word_1_304' title='bbox 1253 2544 1326 2588; x_wconf 87' lang='grc' dir='ltr'>καὶ</span> <span class='ocrx_word' id='word_1_305' title='bbox 1363 2548 1465 2592; x_wconf 83' lang='grc' dir='ltr'>ναῦς</span> <span class='ocrx_word' id='word_1_306' title='bbox 1502 2559 1617 2592; x_wconf 90' lang='grc' dir='ltr'>τινας</span> <span class='ocrx_word' id='word_1_307' title='bbox 1654 2543 1725 2588; x_wconf 87' lang='grc' dir='ltr'>ἐπὶ</span> <span class='ocrx_word' id='word_1_308' title='bbox 1766 2541 2094 2605; x_wconf 82' lang='grc' dir='ltr'>Καρχηδονίους</span> 
     </span>
     <span class='ocr_line' id='line_1_30' title="bbox 110 2614 2096 2677; baseline 0.001 -17"><span class='ocrx_word' id='word_1_309' title='bbox 110 2616 184 2660; x_wconf 89' lang='grc' dir='ltr'>καὶ</span> <span class='ocrx_word' id='word_1_310' title='bbox 215 2615 459 2676; x_wconf 83' lang='grc' dir='ltr'>συμμαχίαν</span> <span class='ocrx_word' id='word_1_311' title='bbox 491 2615 636 2675; x_wconf 84' lang='grc' dir='ltr'>ὀλίγην</span> <span class='ocrx_word' id='word_1_312' title='bbox 667 2618 899 2677; x_wconf 83' lang='grc' dir='ltr'>παρασχὼν</span> <span class='ocrx_word' id='word_1_313' title='bbox 933 2615 1131 2674; x_wconf 85' lang='grc' dir='ltr'>βασιλεὺς</span> <span class='ocrx_word' id='word_1_314' title='bbox 1161 2614 1338 2672; x_wconf 86' lang='grc' dir='ltr'>Πόντου,</span> <span class='ocrx_word' id='word_1_315' title='bbox 1373 2614 1644 2675; x_wconf 76' lang='grc' dir='ltr'>Μιθριδάτης</span> <span class='ocrx_word' id='word_1_316' title='bbox 1677 2616 1699 2660; x_wconf 84' lang='grc' dir='ltr'>ὁ</span> <span class='ocrx_word' id='word_1_317' title='bbox 1729 2614 1969 2677; x_wconf 88' lang='grc' dir='ltr'>Εὐεργέτης</span> <span class='ocrx_word' id='word_1_318' title='bbox 2001 2616 2096 2661; x_wconf 87' lang='grc' dir='ltr'>ἐπί-</span> 
     </span>
     <span class='ocr_line' id='line_1_31' title="bbox 111 2686 2095 2750; baseline 0.001 -18"><span class='ocrx_word' id='word_1_319' title='bbox 111 2689 275 2747; x_wconf 88' lang='grc' dir='ltr'>κλησιν,</span> <span class='ocrx_word' id='word_1_320' title='bbox 315 2691 374 2738; x_wconf 83' lang='grc' dir='ltr'>ὡς</span> <span class='ocrx_word' id='word_1_321' title='bbox 413 2688 637 2750; x_wconf 85' lang='grc' dir='ltr'>ἀλλοτρίαν</span> <span class='ocrx_word' id='word_1_322' title='bbox 675 2689 753 2747; x_wconf 82' lang='grc' dir='ltr'>τὴν</span> <span class='ocrx_word' id='word_1_323' title='bbox 786 2686 1098 2733; x_wconf 76' lang='grc' dir='ltr'>,Καππαδοκίαν</span> <span class='ocrx_word' id='word_1_324' title='bbox 1140 2689 1391 2750; x_wconf 84' lang='grc' dir='ltr'>ἐπέδραμεν.</span> <span class='ocrx_word' id='word_1_325' title='bbox 1436 2689 1510 2733; x_wconf 87' lang='grc' dir='ltr'>καὶ</span> <span class='ocrx_word' id='word_1_326' title='bbox 1546 2690 1784 2749; x_wconf 88' lang='grc' dir='ltr'>διαδέχεται</span> <span class='ocrx_word' id='word_1_327' title='bbox 1823 2687 2095 2748; x_wconf 81' lang='grc' dir='ltr'>Μιθριδάτης</span> 
     </span>
     <span class='ocr_line' id='line_1_32' title="bbox 112 2754 2095 2821; baseline 0.001 -16"><span class='ocrx_word' id='word_1_328' title='bbox 112 2762 218 2819; x_wconf 73' lang='grc' dir='ltr'>υἱός,</span> <span class='ocrx_word' id='word_1_329' title='bbox 256 2754 292 2821; x_wconf 81' lang='grc' dir='ltr'><em>ᾧ</em></span> <span class='ocrx_word' id='word_1_330' title='bbox 326 2760 527 2811; x_wconf 63' lang='grc' dir='ltr'>Διόνυσος</span> <span class='ocrx_word' id='word_1_331' title='bbox 562 2762 635 2806; x_wconf 70' lang='grc' dir='ltr'>καὶ</span> <span class='ocrx_word' id='word_1_332' title='bbox 664 2759 877 2820; x_wconf 72' lang='grc' dir='ltr'>Εὐπάτωρ</span> <span class='ocrx_word' id='word_1_333' title='bbox 921 2761 1126 2819; x_wconf 67' lang='grc' dir='ltr'>ἐπώνυμα</span> <span class='ocrx_word' id='word_1_334' title='bbox 1162 2762 1229 2820; x_wconf 69' lang='grc' dir='ltr'>ῆν.</span> <span class='ocrx_word' id='word_1_335' title='bbox 1408 2767 1430 2803; x_wconf 86' lang='lat'><strong>3</strong></span> <span class='ocrx_word' id='word_1_336' title='bbox 1473 2765 1517 2805; x_wconf 84' lang='lat' dir='ltr'>si</span> <span class='ocrx_word' id='word_1_337' title='bbox 1562 2764 1784 2805; x_wconf 76' lang='lat' dir='ltr'>dedicatio</span> <span class='ocrx_word' id='word_1_338' title='bbox 1824 2764 2095 2806; x_wconf 84' lang='lat' dir='ltr'>Mithridatis</span> 
     </span>
     <span class='ocr_line' id='line_1_33' title="bbox 113 2836 2095 2890; baseline 0.001 -13"><span class='ocrx_word' id='word_1_339' title='bbox 113 2837 230 2889; x_wconf 89' lang='lat' dir='ltr'>regis</span> <span class='ocrx_word' id='word_1_340' title='bbox 268 2838 401 2889; x_wconf 87' lang='lat' dir='ltr'>esset,</span> <span class='ocrx_word' id='word_1_341' title='bbox 440 2838 492 2877; x_wconf 89' lang='lat' dir='ltr'>ut</span> <span class='ocrx_word' id='word_1_342' title='bbox 527 2836 781 2878; x_wconf 87' lang='lat' dir='ltr'>Boeckhius</span> <span class='ocrx_word' id='word_1_343' title='bbox 817 2837 918 2878; x_wconf 83' lang='lat' dir='ltr'>vult</span> <span class='ocrx_word' id='word_1_344' title='bbox 956 2836 1061 2890; x_wconf 90' lang='lat' dir='ltr'>(not.</span> <span class='ocrx_word' id='word_1_345' title='bbox 1091 2837 1144 2890; x_wconf 90' lang='grc'>4),</span> <span class='ocrx_word' id='word_1_346' title='bbox 1185 2836 1521 2890; x_wconf 82' lang='lat' dir='ltr'>gymnasiarchi</span> <span class='ocrx_word' id='word_1_347' title='bbox 1560 2848 1727 2878; x_wconf 90' lang='lat' dir='ltr'>nomen</span> <span class='ocrx_word' id='word_1_348' title='bbox 1759 2836 1965 2878; x_wconf 87' lang='lat' dir='ltr'>additum</span> <span class='ocrx_word' id='word_1_349' title='bbox 1996 2848 2095 2878; x_wconf 89' lang='lat' dir='ltr'>esse</span> 
     </span>
     <span class='ocr_line' id='line_1_34' title="bbox 112 2908 2095 2963; baseline 0.001 -13"><span class='ocrx_word' id='word_1_350' title='bbox 112 2910 292 2962; x_wconf 90' lang='lat' dir='ltr'>poterat</span> <span class='ocrx_word' id='word_1_351' title='bbox 321 2910 400 2950; x_wconf 89' lang='lat' dir='ltr'>aut</span> <span class='ocrx_word' id='word_1_352' title='bbox 429 2910 647 2961; x_wconf 88' lang='lat' dir='ltr'>temporis</span> <span class='ocrx_word' id='word_1_353' title='bbox 677 2908 918 2950; x_wconf 90' lang='lat' dir='ltr'>definiendi</span> <span class='ocrx_word' id='word_1_354' title='bbox 948 2920 1086 2951; x_wconf 90' lang='lat' dir='ltr'>causa</span> <span class='ocrx_word' id='word_1_355' title='bbox 1117 2911 1195 2950; x_wconf 90' lang='lat' dir='ltr'>aut</span> <span class='ocrx_word' id='word_1_356' title='bbox 1225 2910 1277 2950; x_wconf 91' lang='lat' dir='ltr'>ut</span> <span class='ocrx_word' id='word_1_357' title='bbox 1307 2909 1404 2950; x_wconf 92' lang='lat' dir='ltr'>eius</span> <span class='ocrx_word' id='word_1_358' title='bbox 1444 2920 1583 2963; x_wconf 90' lang='lat' dir='ltr'>opera</span> <span class='ocrx_word' id='word_1_359' title='bbox 1622 2910 1668 2949; x_wconf 91' lang='lat' dir='ltr'>in</span> <span class='ocrx_word' id='word_1_360' title='bbox 1711 2909 1830 2950; x_wconf 92' lang='lat' dir='ltr'>dono</span> <span class='ocrx_word' id='word_1_361' title='bbox 1862 2909 1947 2950; x_wconf 91' lang='lat' dir='ltr'>deo</span> <span class='ocrx_word' id='word_1_362' title='bbox 1988 2909 2095 2951; x_wconf 83' lang='lat' dir='ltr'>offe-</span> 
     </span>
     <span class='ocr_line' id='line_1_35' title="bbox 113 2981 2095 3035; baseline 0 -12"><span class='ocrx_word' id='word_1_363' title='bbox 113 2982 253 3023; x_wconf 91' lang='lat' dir='ltr'>rendo</span> <span class='ocrx_word' id='word_1_364' title='bbox 283 2993 435 3035; x_wconf 91' lang='lat' dir='ltr'>regem</span> <span class='ocrx_word' id='word_1_365' title='bbox 466 2992 603 3022; x_wconf 89' lang='lat' dir='ltr'>usum</span> <span class='ocrx_word' id='word_1_366' title='bbox 634 2992 732 3023; x_wconf 91' lang='lat' dir='ltr'>esse</span> <span class='ocrx_word' id='word_1_367' title='bbox 761 2982 1048 3024; x_wconf 90' lang='lat' dir='ltr'>indicaretur.</span> <span class='ocrx_word' id='word_1_368' title='bbox 1110 2981 1196 3023; x_wconf 91' lang='lat' dir='ltr'>Sed</span> <span class='ocrx_word' id='word_1_369' title='bbox 1225 2983 1387 3024; x_wconf 89' lang='lat' dir='ltr'>neutra</span> <span class='ocrx_word' id='word_1_370' title='bbox 1416 2993 1489 3023; x_wconf 89' lang='lat' dir='ltr'>res</span> <span class='ocrx_word' id='word_1_371' title='bbox 1522 2982 1613 3023; x_wconf 92' lang='lat' dir='ltr'>ullo</span> <span class='ocrx_word' id='word_1_372' title='bbox 1645 2982 1781 3023; x_wconf 89' lang='lat' dir='ltr'>modo</span> <span class='ocrx_word' id='word_1_373' title='bbox 1811 2992 1922 3024; x_wconf 89' lang='lat' dir='ltr'>casu</span> <span class='ocrx_word' id='word_1_374' title='bbox 1951 2983 2095 3023; x_wconf 92' lang='lat' dir='ltr'>nomi-</span> 
     </span>
     <span class='ocr_line' id='line_1_36' title="bbox 115 3054 2096 3113; baseline 0 -18"><span class='ocrx_word' id='word_1_375' title='bbox 115 3055 266 3096; x_wconf 85' lang='lat' dir='ltr'>nativo</span> <span class='ocrx_word' id='word_1_376' title='bbox 305 3054 581 3095; x_wconf 89' lang='lat' dir='ltr'>enuntianda</span> <span class='ocrx_word' id='word_1_377' title='bbox 617 3056 725 3108; x_wconf 88' lang='lat' dir='ltr'>erat,</span> <span class='ocrx_word' id='word_1_378' title='bbox 764 3054 844 3096; x_wconf 90' lang='lat' dir='ltr'>sed</span> <span class='ocrx_word' id='word_1_379' title='bbox 883 3056 929 3096; x_wconf 91' lang='lat' dir='ltr'>in</span> <span class='ocrx_word' id='word_1_380' title='bbox 966 3055 1041 3096; x_wconf 91' lang='lat' dir='ltr'>illa</span> <span class='ocrx_word' id='word_1_381' title='bbox 1080 3054 1264 3108; x_wconf 90' lang='lat' dir='ltr'>quidem</span> <span class='ocrx_word' id='word_1_382' title='bbox 1303 3055 1524 3096; x_wconf 89' lang='lat' dir='ltr'>sententia</span> <span class='ocrx_word' id='word_1_383' title='bbox 1564 3056 1978 3113; x_wconf 79' lang='grc' dir='ltr'>γυμνασιαρχοῦντος</span> <span class='ocrx_word' id='word_1_384' title='bbox 2018 3056 2096 3096; x_wconf 91' lang='lat' dir='ltr'>aut</span> 
     </span>
     <span class='ocr_line' id='line_1_37' title="bbox 114 3121 2094 3184; baseline -0.001 -15"><span class='ocrx_word' id='word_1_385' title='bbox 114 3124 186 3169; x_wconf 81' lang='grc' dir='ltr'>ἐπὶ</span> <span class='ocrx_word' id='word_1_386' title='bbox 213 3124 530 3184; x_wconf 85' lang='grc' dir='ltr'>γυμνασιάρχου</span> <span class='ocrx_word' id='word_1_387' title='bbox 562 3123 776 3169; x_wconf 76' lang='grc' dir='ltr'>Σελεύκου</span> <span class='ocrx_word' id='word_1_388' title='bbox 807 3123 1112 3183; x_wconf 84' lang='grc' dir='ltr'>Μαραθωνίου,</span> <span class='ocrx_word' id='word_1_389' title='bbox 1144 3128 1190 3168; x_wconf 92' lang='lat' dir='ltr'>in</span> <span class='ocrx_word' id='word_1_390' title='bbox 1220 3128 1306 3168; x_wconf 91' lang='lat' dir='ltr'>hac</span> <span class='ocrx_word' id='word_1_391' title='bbox 1330 3138 1446 3169; x_wconf 74' lang='lat' dir='ltr'>vero</span> <span class='ocrx_word' id='word_1_392' title='bbox 1479 3124 1548 3168; x_wconf 81' lang='grc' dir='ltr'>διὰ</span> <span class='ocrx_word' id='word_1_393' title='bbox 1572 3122 1782 3168; x_wconf 79' lang='grc' dir='ltr'>Σελεύκου</span> <span class='ocrx_word' id='word_1_394' title='bbox 1803 3121 2094 3182; x_wconf 85' lang='grc' dir='ltr'>Μαραθωνίου</span> 
     </span>
     <span class='ocr_line' id='line_1_38' title="bbox 114 3195 2095 3257; baseline -0.001 -17"><span class='ocrx_word' id='word_1_395' title='bbox 114 3201 189 3241; x_wconf 84' lang='grc' dir='ltr'>τοῦ</span> <span class='ocrx_word' id='word_1_396' title='bbox 219 3197 532 3257; x_wconf 85' lang='grc' dir='ltr'>γυμνασιάρχου</span> <span class='ocrx_word' id='word_1_397' title='bbox 564 3201 643 3240; x_wconf 91' lang='lat' dir='ltr'>aut</span> <span class='ocrx_word' id='word_1_398' title='bbox 671 3196 1005 3256; x_wconf 83' lang='grc' dir='ltr'>ἐπιμεληθέντος</span> <span class='ocrx_word' id='word_1_399' title='bbox 1038 3196 1134 3241; x_wconf 86' lang='grc' dir='ltr'>Σελ.</span> <span class='ocrx_word' id='word_1_400' title='bbox 1156 3195 1216 3242; x_wconf 94' lang='grc' dir='ltr'>Μ.</span> <span class='ocrx_word' id='word_1_401' title='bbox 1247 3214 1283 3240; x_wconf 88' lang='grc' dir='ltr'>τ.</span> <span class='ocrx_word' id='word_1_402' title='bbox 1305 3214 1343 3256; x_wconf 90' lang='grc' dir='ltr'>γ.</span> <span class='ocrx_word' id='word_1_403' title='bbox 1375 3199 1617 3240; x_wconf 90' lang='lat' dir='ltr'>dicendum</span> <span class='ocrx_word' id='word_1_404' title='bbox 1649 3198 1744 3240; x_wconf 90' lang='lat' dir='ltr'>fuit.</span> <span class='ocrx_word' id='word_1_405' title='bbox 1807 3198 1954 3246; x_wconf 91' lang='lat' dir='ltr'>Quare</span> <span class='ocrx_word' id='word_1_406' title='bbox 1985 3199 2095 3252; x_wconf 92' lang='lat' dir='ltr'>quin</span> 
     </span>
     <span class='ocr_line' id='line_1_39' title="bbox 115 3268 2098 3328; baseline 0 -16"><span class='ocrx_word' id='word_1_407' title='bbox 115 3268 300 3328; x_wconf 84' lang='grc' dir='ltr'>ἀνέθηκε</span> <span class='ocrx_word' id='word_1_408' title='bbox 330 3272 484 3325; x_wconf 88' lang='lat' dir='ltr'>potius</span> <span class='ocrx_word' id='word_1_409' title='bbox 513 3273 566 3313; x_wconf 88' lang='lat' dir='ltr'>ut</span> <span class='ocrx_word' id='word_1_410' title='bbox 594 3272 641 3313; x_wconf 92' lang='lat' dir='ltr'>in</span> <span class='ocrx_word' id='word_1_411' title='bbox 670 3273 919 3314; x_wconf 91' lang='lat' dir='ltr'>innumeris</span> <span class='ocrx_word' id='word_1_412' title='bbox 949 3273 1093 3313; x_wconf 91' lang='lat' dir='ltr'>titulis</span> <span class='ocrx_word' id='word_1_413' title='bbox 1115 3274 1266 3313; x_wconf 90' lang='lat' dir='ltr'>mente</span> <span class='ocrx_word' id='word_1_414' title='bbox 1288 3272 1594 3326; x_wconf 90' lang='lat' dir='ltr'>supplendum</span> <span class='ocrx_word' id='word_1_415' title='bbox 1625 3272 1697 3324; x_wconf 88' lang='lat' dir='ltr'>sit,</span> <span class='ocrx_word' id='word_1_416' title='bbox 1730 3272 1852 3312; x_wconf 89' lang='lat' dir='ltr'>nulla</span> <span class='ocrx_word' id='word_1_417' title='bbox 1881 3271 2098 3324; x_wconf 88' lang='lat' dir='ltr'>relinqui-</span> 
     </span>
     <span class='ocr_line' id='line_1_40' title="bbox 115 3340 2094 3399; baseline 0.001 -14"><span class='ocrx_word' id='word_1_418' title='bbox 115 3345 191 3385; x_wconf 91' lang='lat' dir='ltr'>tur</span> <span class='ocrx_word' id='word_1_419' title='bbox 221 3344 460 3386; x_wconf 89' lang='lat' dir='ltr'>dubitatio.</span> <span class='ocrx_word' id='word_1_420' title='bbox 521 3345 571 3386; x_wconf 91' lang='lat' dir='ltr'>Id</span> <span class='ocrx_word' id='word_1_421' title='bbox 602 3355 708 3386; x_wconf 91' lang='lat' dir='ltr'>sane</span> <span class='ocrx_word' id='word_1_422' title='bbox 737 3345 889 3399; x_wconf 89' lang='lat' dir='ltr'>paullo</span> <span class='ocrx_word' id='word_1_423' title='bbox 912 3346 1195 3399; x_wconf 88' lang='lat' dir='ltr'>insolentius,</span> <span class='ocrx_word' id='word_1_424' title='bbox 1228 3345 1352 3398; x_wconf 91' lang='lat' dir='ltr'>quod</span> <span class='ocrx_word' id='word_1_425' title='bbox 1382 3345 1541 3385; x_wconf 90' lang='lat' dir='ltr'>titulus</span> <span class='ocrx_word' id='word_1_426' title='bbox 1572 3345 1617 3384; x_wconf 90' lang='lat' dir='ltr'>in</span> <span class='ocrx_word' id='word_1_427' title='bbox 1650 3344 1761 3385; x_wconf 89' lang='lat' dir='ltr'>duas</span> <span class='ocrx_word' id='word_1_428' title='bbox 1792 3346 1944 3397; x_wconf 88' lang='lat' dir='ltr'>partes</span> <span class='ocrx_word' id='word_1_429' title='bbox 1963 3340 2094 3386; x_wconf 88' lang='grc' dir='ltr'>Βασι-</span> 
     </span>
     <span class='ocr_line' id='line_1_41' title="bbox 115 3412 2094 3474; baseline 0.001 -17"><span class='ocrx_word' id='word_1_430' title='bbox 115 3414 224 3463; x_wconf 88' lang='grc' dir='ltr'>λέως</span> <span class='ocrx_word' id='word_1_431' title='bbox 254 3413 532 3472; x_wconf 85' lang='grc' dir='ltr'>Μιθραδάτου</span> <span class='ocrx_word' id='word_1_432' title='bbox 564 3412 801 3474; x_wconf 82' lang='grc' dir='ltr'>Εὐεργέτου</span> <span class='ocrx_word' id='word_1_433' title='bbox 834 3418 908 3470; x_wconf 87' lang='lat' dir='ltr'>(sc.</span> <span class='ocrx_word' id='word_1_434' title='bbox 941 3415 1080 3469; x_wconf 83' lang='grc' dir='ltr'>εἰκών)</span> <span class='ocrx_word' id='word_1_435' title='bbox 1119 3419 1164 3458; x_wconf 84' lang='lat' dir='ltr'>et</span> <span class='ocrx_word' id='word_1_436' title='bbox 1202 3413 1411 3463; x_wconf 83' lang='grc' dir='ltr'>Σέλευκος</span> <span class='ocrx_word' id='word_1_437' title='bbox 1442 3412 1730 3472; x_wconf 83' lang='grc' dir='ltr'>Μαραθώνιος</span> <span class='ocrx_word' id='word_1_438' title='bbox 1768 3422 2094 3474; x_wconf 84' lang='grc' dir='ltr'>γυμνασιαρχῶν</span> 
     </span>
     <span class='ocr_line' id='line_1_42' title="bbox 118 3487 2094 3545; baseline 0 -15"><span class='ocrx_word' id='word_1_439' title='bbox 118 3489 195 3541; x_wconf 91' lang='lat' dir='ltr'>(sc.</span> <span class='ocrx_word' id='word_1_440' title='bbox 235 3487 434 3545; x_wconf 82' lang='grc' dir='ltr'>ἀνέθηκε)</span> <span class='ocrx_word' id='word_1_441' title='bbox 479 3489 600 3530; x_wconf 91' lang='lat' dir='ltr'>nulla</span> <span class='ocrx_word' id='word_1_442' title='bbox 640 3491 815 3531; x_wconf 91' lang='lat' dir='ltr'>ratione</span> <span class='ocrx_word' id='word_1_443' title='bbox 854 3490 1148 3543; x_wconf 84' lang='lat' dir='ltr'>grammatica</span> <span class='ocrx_word' id='word_1_444' title='bbox 1193 3491 1309 3530; x_wconf 91' lang='lat' dir='ltr'>inter</span> <span class='ocrx_word' id='word_1_445' title='bbox 1346 3501 1393 3530; x_wconf 92' lang='lat' dir='ltr'>se</span> <span class='ocrx_word' id='word_1_446' title='bbox 1433 3499 1627 3530; x_wconf 84' lang='lat' dir='ltr'>conexas</span> <span class='ocrx_word' id='word_1_447' title='bbox 1665 3488 1949 3541; x_wconf 89' lang='lat' dir='ltr'>disiungitur.</span> <span class='ocrx_word' id='word_1_448' title='bbox 2010 3490 2094 3530; x_wconf 89' lang='lat' dir='ltr'>Sed</span> 
     </span>
     <span class='ocr_line' id='line_1_43' title="bbox 118 3561 2096 3616; baseline 0 -14"><span class='ocrx_word' id='word_1_449' title='bbox 118 3562 248 3614; x_wconf 89' lang='lat' dir='ltr'>plane</span> <span class='ocrx_word' id='word_1_450' title='bbox 293 3563 523 3615; x_wconf 87' lang='lat' dir='ltr'>geminum</span> <span class='ocrx_word' id='word_1_451' title='bbox 569 3563 828 3616; x_wconf 85' lang='lat' dir='ltr'>exemplum</span> <span class='ocrx_word' id='word_1_452' title='bbox 867 3563 1008 3604; x_wconf 91' lang='lat' dir='ltr'>habes</span> <span class='ocrx_word' id='word_1_453' title='bbox 1050 3575 1090 3603; x_wconf 89' lang='lat' dir='ltr'>n.</span> <span class='ocrx_word' id='word_1_454' title='bbox 1123 3566 1218 3615; x_wconf 89' lang='lat'>369,</span> <span class='ocrx_word' id='word_1_455' title='bbox 1264 3562 1352 3602; x_wconf 90' lang='lat' dir='ltr'>nisi</span> <span class='ocrx_word' id='word_1_456' title='bbox 1394 3561 1516 3614; x_wconf 90' lang='lat' dir='ltr'>quod</span> <span class='ocrx_word' id='word_1_457' title='bbox 1563 3561 1654 3602; x_wconf 90' lang='lat' dir='ltr'>illic</span> <span class='ocrx_word' id='word_1_458' title='bbox 1698 3561 1878 3602; x_wconf 90' lang='lat' dir='ltr'>definite</span> <span class='ocrx_word' id='word_1_459' title='bbox 1915 3561 2096 3604; x_wconf 91' lang='lat' dir='ltr'>additur</span> 
     </span>
     <span class='ocr_line' id='line_1_44' title="bbox 119 3631 1933 3690; baseline 0 -15"><span class='ocrx_word' id='word_1_460' title='bbox 119 3631 342 3690; x_wconf 81' lang='grc' dir='ltr'>ἀνέθηκεν,</span> <span class='ocrx_word' id='word_1_461' title='bbox 374 3646 464 3688; x_wconf 89' lang='lat' dir='ltr'>quo</span> <span class='ocrx_word' id='word_1_462' title='bbox 497 3635 647 3676; x_wconf 90' lang='lat' dir='ltr'>minus</span> <span class='ocrx_word' id='word_1_463' title='bbox 680 3635 734 3676; x_wconf 93' lang='lat' dir='ltr'>de</span> <span class='ocrx_word' id='word_1_464' title='bbox 763 3636 882 3676; x_wconf 87' lang='lat' dir='ltr'>tituli</span> <span class='ocrx_word' id='word_1_465' title='bbox 914 3638 1140 3677; x_wconf 83' lang='lat' dir='ltr'>structura</span> <span class='ocrx_word' id='word_1_466' title='bbox 1173 3636 1217 3675; x_wconf 94' lang='lat' dir='ltr'>et</span> <span class='ocrx_word' id='word_1_467' title='bbox 1248 3636 1513 3686; x_wconf 87' lang='lat' dir='ltr'>argumento</span> <span class='ocrx_word' id='word_1_468' title='bbox 1546 3633 1744 3674; x_wconf 87' lang='lat' dir='ltr'>dubitari</span> <span class='ocrx_word' id='word_1_469' title='bbox 1775 3635 1933 3687; x_wconf 89' lang='lat' dir='ltr'>possit.</span> 
     </span>
    </p>
   </div>
  </div>
 </body>
</html>
