2314 3970
258 213 361 259 414
557 198 560 202 ’
903 211 969 250 lV.
1019 211 1214 257 Regnum
1249 209 1597 250 Seleucidarum.
2073 211 2229 262 [253—
2309 212 2314 275 ¹j

402 384 524 433 θεῶι
561 376 873 449 Ἐπιφαν[εἶ7
914 379 1127 450 δῶρο]ν8
1166 380 1448 449 ἀνέ[θηκεν]
1492 379 1498 449 Ι
1542 379 1823 440 Φίλιππος9
1867 380 1982 449 Atos
1981 411 2207 420 -------
2222 422 2234 450 ,

401 465 711 537 γενόμενος9]
752 463 759 536 Ι
801 466 850 518 ἐν
890 469 980 518 τῶι
1020 464 1096 535 ὃμ’
1137 465 1240 534 [καὶ
1282 462 1323 536 ρ’
1363 466 1519 519 ἔτει10
1554 497 1856 506 ----------
1858 469 1888 536 ],
2304 471 2314 557 3

259 627 509 668 autumnali
539 627 808 679 incipientis.
859 626 1015 678 Itaque
1046 626 1120 666 hic
1140 626 1301 666 titulus
1338 638 1490 668 mense
1511 627 1712 679 Augusto
1740 630 1818 668 aut
1839 626 2104 680 Septembre
2134 629 2236 667 anni
2304 646 2314 690 4

260 703 338 739 466
373 711 410 739 3.
443 699 543 739 Chr.
575 710 614 739 n.
656 699 827 739 incisus
865 699 945 738 est.
1115 700 1137 738 7
1182 697 1243 738 Cf.
1287 700 1377 739 not.
1403 702 1440 739 4.
1609 702 1631 739 8
1672 699 1899 752 Supplevi.
1951 698 2233 740 Vocabulum
2306 728 2314 756 ,Ι

257 770 389 827 δῶρον
438 770 534 822 (pro
580 767 798 825 ἀνάθημα)
845 770 899 810 de
937 771 1012 811 eis.
1039 780 1155 822 quae
1201 769 1285 810 deo
1327 771 1526 823 cuipiam
1567 773 1901 824 consecrantur,
1943 771 2078 811 etiam
2125 770 2235 810 infra
2300 761 2314 824 ζ

256 855 297 883 11.
324 845 419 895 407,
445 845 480 883 4.
523 841 652 895 Syll.2
673 844 768 896 774,
795 845 834 883 3.
868 845 964 895 787,
984 844 1006 882 4
1041 844 1121 882 est.
1171 842 1419 883 Koehlerus
1442 842 1498 883 de
1519 854 1596 883 ara
1618 843 1905 896 cogitaverat,
1938 843 2018 884 sed
2038 844 2104 883 sic
2134 844 2239 883 arti-
2299 828 2314 889 ἑ

255 916 356 956 culo
399 915 519 956 nullo
559 915 700 956 modo
742 916 885 956 careri
926 926 1074 968 posse,
1114 914 1185 957 τὸν
1228 913 1370 971 βωμὸν
1411 927 1519 957 vero
1558 916 1744 957 lacunae
1781 917 1979 969 spatium
2021 915 2238 956 excedere

253 988 498 1041 perspexit.
557 987 866 1029 Haussoullier
914 988 967 1028 de
1010 999 1128 1029 novo
1167 989 1413 1029 certamine
1451 988 1572 1030 ludis
1615 988 1991 1030 Charisteriorum
2031 989 2109 1040 qui
2147 1000 2189 1028 v.
2215 990 2235 1028 4

255 1062 669 1102 commemorentur
699 1060 875 1102 adiecto
909 1060 998 1101 dici
1029 1061 1199 1114 statuit,
1231 1063 1284 1101 ut
1304 1061 1488 1102 omnino
1510 1071 1600 1102 non
1623 1061 1970 1113 dedicationem,
2003 1060 2082 1101 sed
2107 1060 2239 1101 later-

255 1133 408 1174 culum
441 1133 671 1174 victorum
711 1133 833 1174 illius
864 1133 1124 1174 certaminis
1156 1145 1181 1173 a
1211 1133 1418 1186 Philippo
1461 1134 1657 1174 instituti
1698 1132 1754 1174 ab
1794 1133 1865 1173 his
1895 1132 2120 1185 versibus,
2162 1133 2239 1183 qui

255 1206 447 1246 aetatem
484 1205 700 1258 tulerunt,
746 1205 925 1246 initium
964 1206 1138 1258 cepisse
1176 1205 1528 1246 existimandum
1571 1205 1642 1246 sit.
1710 1205 1766 1245 At
1807 1202 1952 1260 ἀγῶνα
1992 1204 2064 1244 vel
2105 1201 2239 1245 ἆθλον
2296 1208 2314 1255 ‘2

253 1274 415 1320 τιθέναι
458 1278 610 1330 potius
657 1277 836 1330 dicitur,
884 1288 1022 1329 quam
1059 1275 1318 1331 ἀνατιθέναι,
1366 1277 1490 1330 quod
1536 1279 1687 1319 tamen
1725 1289 1768 1318 v.
1794 1280 1817 1317 6
1850 1277 1962 1317 extr.
2002 1275 2240 1317 manifesto
2300 1275 2314 1327 ἐ,

257 1351 481 1403 scriptum
512 1349 607 1390 fuit.
758 1353 781 1389 9
820 1350 941 1390 Inter
969 1349 1211 1391 familiares
1236 1349 1445 1390 Antiochi
1466 1349 1524 1390 IV
1556 1349 1789 1402 Philippus
1820 1348 2006 1401 quidam
2038 1348 2134 1401 fuit,
2167 1349 2239 1388 cui

255 1423 328 1462 ille
359 1422 558 1462 moriens
589 1421 668 1462 filii
699 1420 952 1473 impuberis
982 1421 1193 1463 Antiochi
1214 1421 1253 1462 V
1284 1422 1586 1475 Philopatoris
1617 1422 1861 1474 imperium
1888 1420 2241 1461 commendavit.
2293 1421 2309 1482 ξ

256 1494 317 1535 Cf.
350 1494 513 1546 Ioseph
543 1493 643 1534 Ant.
664 1493 758 1547 XII,
783 1496 884 1534 36οε
926 1492 946 1535 ὁ
980 1487 1010 1533 δ’
1035 1488 1247 1552 Ἀντίοχος
1286 1492 1381 1551 πρὶν
1419 1491 1448 1549 ἢ
1480 1492 1720 1535 τελευτᾶν·
1713 1491 1894 1539 καλέσας
1925 1489 2179 1535 Φίλιππον
2168 1490 2242 1534 ένα
2291 1486 2310 1584 1

252 1571 337 1607 τῶν
370 1563 546 1625 ἑταίρων
575 1569 653 1623 τῆς
687 1562 899 1621 βασιλείας
930 1563 1055 1608 αὐτὸν
1099 1563 1323 1625 ἐπίτροπον
1361 1563 1629 1622 καθίστησιν,
1667 1564 1741 1608 καὶ
1779 1564 1878 1612 δοὺς
1919 1563 2036 1622 αὐτῷ
2073 1563 2121 1606 τὸ
2153 1562 2241 1606 &mz-

256 1637 374 1694 ῧημα
403 1637 475 1680 καὶ
505 1637 583 1694 τὴν
616 1636 772 1695 στολὴν
801 1636 875 1680 καὶ
902 1636 973 1680 τὸν
1006 1635 1228 1680 δακτυλιον
1259 1633 1457 1697 Ἀντιόχῳ
1486 1652 1550 1695 τω
1582 1636 1702 1679 παιδὶ
1733 1635 1860 1680 αὐτοῦ
1881 1640 2014 1679 ταῦτα
2045 1634 2241 1678 ἐκέλευσε

251 1709 487 1767 κομίσαντα
517 1708 675 1765 δοῦναι,
707 1708 919 1768 δεηθεὶς
907 1713 1143 1770 προνοῆσαι
1171 1713 1248 1767 τῆς
1267 1708 1512 1768 ἀνατροφῆς
1542 1707 1672 1752 αὐτοῦ
1701 1708 1774 1752 καὶ
1801 1712 1988 1766 τηρῆσαι
2014 1707 2093 1764 τὴν
2126 1705 2244 1764 βασι-

253 1781 373 1825 λείαν
405 1781 570 1840 ἐκείνῳ.
632 1782 776 1832 Quem
807 1782 960 1824 locum
997 1783 1149 1824 attulit
1188 1782 1371 1836 quidem
1405 1782 1609 1836 Koehler,
1652 1782 1732 1823 sed
1771 1781 1998 1823 dubitavit
2035 1792 2144 1822 num
2187 1780 2242 1822 ad

255 1856 449 1896 eundem
481 1857 719 1908 spectaret,
750 1856 881 1896 cuius
912 1856 1024 1897 haec
1055 1856 1174 1896 esset
1205 1855 1451 1907 dedicatio;
1483 1856 1626 1895 immo
1649 1855 1723 1895 hic
1744 1855 1891 1895 civem
1922 1853 2122 1894 nobilem
2144 1853 2242 1893 eius

253 1928 395 1981 urbis,
428 1929 558 1969 cuius
589 1928 797 1970 conditor
828 1928 1168 1981 praedicaretur
1198 1939 1289 1979 rex,
1323 1927 1674 1980 intellegendum
1695 1937 1808 1968 esse.
1859 1927 1972 1967 Sane
1994 1927 2039 1966 in
2061 1936 2242 1967 summa

255 2001 450 2042 nominis
482 2000 736 2053 frequentia
765 2011 838 2041 res
869 2001 1170 2042 incertissima
1201 2002 1283 2054 est,
1321 2000 1401 2041 sed
1430 2012 1520 2041 non
1551 1999 1682 2041 video
1713 2011 1797 2040 cur
1834 2010 1926 2040 non
1956 1999 2030 2039 ille
2059 1998 2240 2050 Iosephi

256 2074 489 2127 Philippus
535 2073 812 2126 Babylonius
857 2083 956 2114 esse
1001 2074 1215 2126 potuerit.
1416 2077 1440 2113 9
1481 2072 1718 2126 Supplevit
1762 2071 2084 2124 Haussoullier‚
2135 2082 2242 2111 cum
2308 2030 2314 2092 ⁴

255 2146 476 2187 Koehlero
508 2147 711 2187 statuens
741 2146 815 2187 hic
845 2146 1068 2187 honorem
1100 2145 1298 2198 aliquem
1337 2145 1658 2198 municipalem
1696 2144 1879 2185 biennio
1921 2145 2023 2185 ante
2064 2143 2242 2184 dedica-

257 2219 426 2260 tionem
457 2230 483 2259 a
514 2219 720 2272 Philippo
753 2220 932 2271 gestum
963 2218 1270 2272 perscriptum
1301 2217 1453 2259 fuisse.
1503 2217 1643 2258 Cuius
1664 2217 1851 2258 honoris
1873 2216 2113 2269 appellatio
2146 2216 2243 2256 sine

2272 1856 2314 2233 ἐξ

258 2291 396 2332 dubio
428 2303 470 2333 v.
495 2295 518 2332 8
552 2293 657 2344 post
686 2289 772 2332 ἔτει
802 2290 1042 2332 intercidit.
1192 2293 1244 2330 40
1284 2290 1411 2331 Α11110
1444 2287 1575 2345 46918
1599 2301 1636 2330 3.
1661 2289 1760 2330 Chr.
1784 2301 1827 2330 11.
1879 2289 1940 2330 Cf.
1972 2291 2064 2330 not
2086 2291 2125 2330 4.
2267 2272 2314 2440 1

369 2537 481 2591 254
534 2542 679 2591 Basis
716 2555 897 2607 parva,
936 2541 1149 2607 integra,
1190 2542 1335 2590 eruta
1367 2539 1641 2605 Babylone,
1680 2539 1929 2588 translata
1954 2538 2243 2588 Berolinum

258 2629 310 2677 in
335 2643 569 2678 museum
605 2629 813 2694 regium.
867 2628 992 2677 Edd.
1029 2628 1086 2678 Β.
1103 2628 1451 2677 Haussoullier
1484 2627 1658 2677 Revue
1695 2625 1757 2675 de
1788 2625 2058 2691 philologia
2088 2624 2246 2675 XXIV
2303 2637 2314 2675 l

259 2712 436 2782 (4900)
474 2731 524 2781 p.
556 2715 675 2765 332.
743 2715 800 2764 U.
831 2714 1050 2764 Koehler
1088 2712 1552 2778 Sitzungsberichte
1591 2714 1680 2762 der
1718 2713 1826 2777 Kgl.
1854 2711 2129 2762 Akademie
2156 2711 2246 2760 der

261 2801 572 2852 Wissens'ch.
615 2817 679 2851 zu
716 2802 886 2851 Berlin
928 2802 1065 2851 4900
1105 2801 1169 2850 LI
1204 2817 1259 2867 p.
1290 2798 1444 2850 4407.

393 2940 459 2998 Ἡ
497 2945 673 3004 πόλις1
712 2941 720 3015 Ι
761 2941 1093 3014 Δημοκράτην
1135 2941 1445 3013 Borrama&
1488 2941 1493 3013 Ι
1533 2940 1971 3015 τὸνστρατηγὸν3
2014 2939 2100 2994 καὶ
2138 2941 2270 2994 ἐπι-
2299 2981 2301 2987 ι

375 3107 568 3148 Litterae
608 3105 815 3158 volgares
855 3105 1036 3157 praeter
1073 3104 1171 3157 ΛΠ,
1224 3104 1304 3145 sed
1345 3105 1440 3145 tota
1481 3103 1708 3157 scriptura
1745 3102 1899 3156 paullo
1939 3102 2245 3155 neglegentius
2296 3100 2297 3104 ’

261 3180 404 3221 incisa
440 3191 492 3221 ac
523 3178 720 3232 quadam
759 3189 815 3219 ex
853 3178 982 3230 parte
1021 3177 1230 3218 cursivae
1267 3188 1551 3230 papyrorum
1590 3175 1765 3226 similis,
1803 3176 1961 3217 hastae
1989 3175 2111 3216 haud
2141 3185 2216 3215 rar
2294 3222 2295 3238 χ

259 3253 535 3305 incurvatae,
566 3252 709 3293 veluti
733 3238 928 3304 ’ἆυ-(ξ.
1067 3254 1082 3289 4
1122 3249 1491 3302 Babyloniorum.
1543 3248 1604 3290 Cf.
1636 3260 1678 3290 n.
1702 3245 1827 3289 2533.
1965 3251 1988 3287 2
2027 3247 2222 3299 Byttacu

260 3324 443 3366 Macedo
475 3324 531 3365 ad
560 3324 778 3376 Raphiam
818 3334 933 3364 anno
966 3325 1049 3363 248
1082 3333 1120 3362 3.
1143 3322 1244 3363 Chr.
1274 3334 1317 3363 11.
1349 3323 1551 3375 quinque
1589 3319 1776 3362 milibus
1818 3320 2013 3361 militum
2052 3318 2226 3372 praefui

263 3396 431 3450 (Polyb.
455 3396 506 3450 V,
530 3399 598 3450 79,
623 3399 660 3436 3.
695 3399 761 3449 82,
787 3396 868 3448 40).
925 3395 1114 3448 Propter
1146 3405 1375 3435 summam
1405 3394 1602 3435 nominis
1633 3394 1868 3435 raritatem
1896 3391 2132 3445 probabile
2163 3401 2211 3432 es

262 3468 455 3509 eundem
487 3479 586 3509 esse
615 3470 792 3521 patrem
823 3468 1118 3521 Democratis,
1151 3468 1229 3520 qui
1260 3467 1346 3508 sub
1377 3467 1598 3509 Antiocho
1630 3466 1688 3507 IV
1719 3465 1990 3506 militaverit.
2042 3464 2207 3504 Koehle

266 3544 287 3579 3
339 3541 585 3582 Koehlerus
636 3553 742 3581 cum
794 3541 916 3582 hunc
966 3550 1149 3594 quoque
1206 3539 1391 3580 titulum
1451 3540 1615 3580 iniuria
1665 3537 2014 3579 Antiochensem
2073 3535 2235 3598 originz

264 3613 543 3655 existimaret
574 3613 641 3665 (cs.
672 3611 876 3667 112533),
917 3613 1231 3654 Democratem
1262 3623 1405 3652 unum
1437 3623 1492 3652 ex
1524 3613 1742 3664 quattuor
1773 3608 2010 3663 praefectis
2046 3609 2198 3662 partiu
2283 3660 2286 3674 ‚

266 3684 510 3725 Seleucidis
554 3687 816 3738 provinciae
860 3686 1182 3739 interpretatus
1216 3686 1297 3725 est.
1357 3684 1414 3724 At
1460 3683 1687 3724 eiusmodi
1726 3684 2015 3734 magistratus
2063 3674 2286 3739 ὕπαρχοιςῖἑ
