2314 3970
89 189 156 242 56]
574 168 817 228 Ptolemaei
847 187 904 226 111
937 187 1284 227 monumentum
1317 186 1580 238 Canopium.
1969 190 2067 240 105

230 360 481 429 παρθένον
533 357 538 429 Ι
591 357 743 411 οὖσαν
794 358 1031 430 ἐξαίφνης
1083 357 1340 428 μετελθεῖν
1391 359 1461 417 εἰς
1508 356 1590 410 τὸν
1650 357 1830 410 ἀέναον
1882 359 2067 428 κόσμον

233 446 305 499 ἔτι
344 445 688 515 ἐνὸημοόντων
705 447 750 481 79
792 442 931 516 παρὰ
971 448 1063 498 τῶι
1105 445 1301 516 βασιλεῖ
1345 449 1440 497 τῶν
1479 446 1537 497 ἐκ
1574 449 1662 515 τῆς
1698 445 1873 516 χώρας
1909 466 2073 516 παρα-

227 533 497 603 γινομένων
547 530 669 603 πρὸς
719 530 866 584 αὐτὸν
914 527 1028 584 κατ’
1084 530 1308 584 ἐνιαυτὸν
1352 532 1540 603 ἱερέων,
1595 530 1602 603 Ι
1650 530 1699 584 οἳ
1749 532 1877 602 μέγα
1927 532 2071 601 μὲν8ο

226 619 410 679 πένθος
448 616 530 672 ἐπὶ
565 621 658 671 τῶι
697 618 1036 690 συμβεβηκότι
1061 617 1253 676 εὐθέως
1267 619 1310 653 81
1347 618 1685 686 συνετέλεσαν,
1717 619 2015 679 ἀξιώσαντες
2029 621 2072 655 ⁸2

229 705 283 759 δὲ
336 704 418 758 τὸν
476 705 690 776 βασιλέα
742 702 825 758 καὶ
876 705 966 775 τὴν
1021 703 1313 775 βασίλισσαν
1360 703 1578 771 ἔπεισαν,
1637 706 1944 776 καθιδρῦσαι
1980 706 2068 777 τὴν

147 807 201 849 50
233 789 360 845 θεὰν
411 789 537 862 μετὰ
591 795 678 844 τοῦ
719 789 986 861 Ὀσίριος83
1041 792 1091 842 ἐν
1139 792 1230 842 τῶι
1272 788 1289 860 ΙΙ
1333 790 1384 842 ἐν
1432 789 1689 844 Κανώπωι
1738 793 1891 863 ἱερῶι,
1939 793 1965 845 ὃ
2013 793 2069 845 οὐ

229 881 375 949 μόνον
415 879 467 930 ἐν
506 878 608 937 τοῖς
646 877 1164 949 πρώτοις84 ἱεροῖς85
1204 878 1350 943 ἐστιν,
1395 873 1527 929 ἀλλὰ
1568 877 1653 930 καὶ
1693 877 1785 931 ὑπὸ
1813 882 1901 931 τοῦ
1929 880 2072 950 βασι-

228 966 355 1024 λέως
392 963 478 1017 καὶ
515 961 782 1017 τῶν-κατὰ
821 964 909 1034 τὴν
948 963 1121 1034 χώραν
1161 961 1359 1015 πάντων
1407 964 1457 1016 ἐν
1506 964 1607 1023 τοῖς
1660 962 1879 1033 μάλιστα
1917 985 2071 1035 τιμω-

229 1052 394 1121 μένοις
435 1049 670 1122 ὑπάρχει,
715 1052 721 1122 Ι
762 1049 846 1103 καὶ
894 1052 927 1121 ἡ
978 1049 1214 1121 ἀναγωγὴ
1262 1053 1348 1102 τοῦ
1398 1050 1531 1121 ἱεροῦ
1575 1050 1751 1103 πλοίου
1796 1056 1882 1104 τοῦ
1916 1049 2074 1106 Ὀσεί-

229 1159 332 1210 ριος
371 1138 442 1197 εἰς
487 1142 631 1191 τοῦτο
683 1136 737 1190 τὸ
793 1135 923 1208 ἱερὸν
973 1132 1082 1189 κατ’
1138 1135 1362 1190 ἐνιαυτὸν
1413 1136 1605 1207 γίνεται
1651 1138 1708 1190 ἐκ
1752 1142 1838 1190 τοῦ
1884 1139 1936 1191 ἐν
1981 1142 2073 1191 τῶι

216 1222 529 1296 Ἡρακλείωι
569 1225 764 1296 ἱεροό86
800 1229 884 1294 τῆι
922 1221 1100 1294 ἐνάτηι
1137 1222 1222 1276 καὶ
1262 1222 1428 1276 εἰκάδι
1474 1228 1562 1277 τοῦ
1599 1220 1836 1296 Χοιὰχ87
1878 1228 1975 1277 τῶν
2015 1226 2072 1278 ἐκ

225 1315 321 1364 τῶν
360 1311 581 1382 πρώιτων
624 1311 768 1382 ἱερῶν
783 1313 828 1348 88
863 1309 1059 1363 πάντων
1099 1310 1279 1370 θυσίας
1308 1310 1671 1364 συντελούντων
1700 1309 1778 1364 ἐπὶ
1812 1315 1909 1364 τῶν
1940 1313 2073 1383 ἱδρυ-

227 1398 388 1466 μένων
430 1394 508 1450 ὑπ’
558 1398 720 1450 αὐτῶν
761 1397 943 1468 βωμῶν
958 1399 1003 1433 89
1041 1396 1164 1468 ὑπὲρ
1203 1395 1420 1451 ἑκάστου
1459 1398 1594 1469 ἱεροῦ
1641 1402 1736 1451 τῶν
1774 1399 1983 1469 πρώτων
2022 1400 2071 1458 ἐξ

81 1632 310 1673 mortuam
342 1640 442 1672 esse
478 1630 756 1672 indicaretur
786 1630 1000 1672 infantem
1031 1630 1303 1683 priusquam
1342 1630 1417 1672 illa
1460 1631 1736 1672 caerimonia
1765 1633 2070 1685 perageretur,

79 1701 294 1744 observat
338 1702 575 1743 Revillout.
659 1702 730 1742 Sic
783 1703 951 1743 Graece
993 1702 1240 1744 desiderari
1293 1699 1456 1748 εὐθέως
1495 1699 1544 1743 ἂν
1591 1700 1830 1760 ἀπεδείχθη
1880 1703 2068 1744 adnotat

82 1773 291 1828 Mahaffy‚
338 1785 485 1826 neque
525 1785 634 1815 vero
681 1785 959 1827 quemquam
1005 1774 1093 1815 hoc
1139 1775 1205 1816 sic
1256 1775 1599 1816 enuntiaturum
1657 1774 1796 1815 fuisse
1841 1775 2070 1816 existimo.

81 1846 271 1887 Omnino
303 1857 393 1887 non
424 1848 506 1898 est,
538 1856 622 1887 cur
653 1845 916 1887 dubitemus
947 1847 1058 1899 quin
1088 1857 1138 1886 re
1169 1857 1278 1887 vera
1308 1846 1370 1887 illi
1402 1847 1577 1899 regium
1610 1857 1775 1887 nomen
1801 1847 2070 1899 impos1tum

82 1919 151 1960 sit.
304 1923 354 1959 79
395 1919 507 1960 Cum
539 1919 798 1960 sacerdotes
837 1919 893 1960 ad
933 1920 1051 1971 regis
1083 1919 1291 1960 natalicia
1321 1920 1367 1959 et
1397 1919 1454 1960 ad
1497 1919 1621 1972 regni
1652 1920 1749 1960 initi
1799 1919 1918 1960 diem
1958 1920 2072 1961 cele-

79 1990 303 2032 brandum
335 1991 602 2032 convenisse
633 1991 832 2032 sciamus
865 1991 920 2042 (v.
946 1995 982 2032 5.
1010 1991 1061 2043 6),
1105 1991 1224 2031 inter
1254 2001 1373 2043 quos
1405 1990 1500 2032 dies
1532 1991 1692 2043 viginti
1722 1990 1860 2032 modo
1893 1991 2069 2032 dierum

79 2062 367 2103 intervallum
410 2065 491 2115 est,
538 2065 891 2104 consentaneum
930 2064 1000 2104 est
1035 2074 1112 2103 eos
1149 2074 1229 2116 per
1266 2063 1353 2104 hoc
1395 2065 1579 2115 tempus
1614 2062 1909 2104 Alexandriae
1945 2075 2071 2105 man-

80 2135 213 2186 sisse3
259 2134 346 2176 hoc
387 2135 487 2188 ipso
530 2145 638 2176 vero
680 2136 829 2188 spatio
862 2135 1074 2176 Berenice
1116 2135 1323 2176 decessit.
1384 2135 1679 2178 Accuratiora
1717 2135 1772 2176 de
1809 2137 2071 2188 temporum

81 2207 420 2259 computatione
469 2207 572 2248 vide
622 2207 745 2260 apud
775 2207 988 2260 Lepsium
1029 2218 1072 2260 p.
1099 2210 1164 2247 46.
1315 2211 1365 2248 80
1410 2207 1533 2248 Hanc
1583 2218 1745 2248 vocem
1797 2208 1966 2248 omittit
2014 2205 2071 2249 A.

81 2282 125 2320 84
175 2279 374 2321 ΕΥοΕΩΣ
404 2275 458 2319 A.
608 2282 661 2320 82
704 2279 909 2320 Sollenne
948 2290 1048 2320 esse
1089 2279 1367 2320 vocabulum
1407 2279 1463 2320 de
1501 2280 1566 2320 eis
1606 2280 1686 2332 qui
1725 2290 1876 2331 regem
1908 2279 2072 2320 adeant

79 2350 302 2403 quidlibet
337 2352 542 2404 petentes
582 2354 736 2392 monet
774 2350 983 2404 Mahaffy.
1138 2353 1189 2391 83
1233 2351 1294 2392 Cf.
1327 2353 1417 2392 not.
1452 2354 1518 2392 49.
1668 2354 1719 2392 84
1763 2351 1824 2392 Cf.
1857 2353 1948 2392 not.
1972 2354 2068 2392 438.

0 2443 1 2447 =
81 2426 133 2464 85
175 2423 540 2465 ΠΡΩΤοΙΣΕΡοΙΣ
581 2420 636 2464 A.
810 2427 862 2464 86
906 2423 966 2465 Cf.
1010 2423 1122 2464 Plut.
1157 2423 1212 2464 de
1242 2422 1359 2464 Iside
1389 2425 1435 2464 et
1466 2423 1640 2464 Osiride
1680 2426 1733 2463 22
1766 2434 1809 2476 p.
1843 2426 1923 2464 359
1946 2424 1979 2465 Ε
2023 2421 2071 2465 τὸ

80 2492 247 2548 πλοῖον,
279 2493 301 2536 ὃ
331 2492 534 2536 καλοῦσιν
550 2486 762 2550 Ἕλληνες
790 2489 933 2552 Ἀργώ,
963 2489 1271 2551 τῆςὈσίριδος
1295 2495 1401 2541 νεὼς
1433 2492 1611 2536 εἴδωλον
1634 2493 1704 2537 ἐπὶ
1732 2494 1838 2552 τιμῇ
1866 2508 2070 2551 κατηστε-

81 2564 287 2622 ρισμένον,
325 2568 371 2607 et
401 2566 732 2608 nobilissimam
763 2566 965 2608 fabulam
997 2567 1052 2608 de
1083 2566 1271 2608 Osiridis
1302 2567 1482 2619 navigio
1513 2566 1684 2608 ibidem
1719 2570 1768 2607 43
1803 2578 1846 2620 p.
1874 2571 1953 2609 356
1972 2578 2070 2620 sqq.

80 2638 204 2679 Illam
236 2639 374 2691 igitur
404 2649 569 2679 navem
601 2638 773 2692 Canopi
804 2650 852 2680 se
882 2638 1052 2680 habere
1073 2638 1395 2692 gloriabantur,
1427 2642 1480 2680 ut
1501 2639 1667 2681 multas
1689 2639 1860 2681 similes
1883 2639 2071 2681 Osiridis

0 2694 1 2742 ἶ
50 2710 310 2764 'relliquias
349 2711 394 2751 in
436 2710 637 2751 delubris
673 2710 1004 2765 Aegyptiorum
1046 2710 1185 2753 fuisse
1227 2713 1416 2753 constat.
1478 2712 1542 2752 De
1573 2711 1788 2753 Heracleo
1819 2711 1874 2753 cf.
1907 2712 2069 2753 Strabo

80 2781 213 2836 XVII,
238 2785 275 2835 4,
299 2785 320 2821 4
344 2793 387 2835 p.
412 2785 492 2823 788
526 2782 622 2823 Cas.
654 2780 762 2824 κατὰ
791 2778 1000 2838 Κάνωβον
1031 2782 1103 2824 καὶ
1132 2782 1179 2825 τὸ
1212 2780 1392 2839 πλησίον
1418 2775 1670 2838 Ἡράκλειον
1701 2782 2071 2839 προσαγορευόμε-

79 2866 151 2894 νον
182 2855 228 2894 et
253 2853 406 2907 paullo
430 2853 561 2895 infra:
595 2851 670 2896 δύο
703 2852 780 2911 μὲν
813 2852 886 2896 οὖν
918 2858 1052 2897 ταῦτα
1081 2857 1157 2896 τοῦ
1189 2851 1349 2898 Νείλου
1383 2853 1588 2910 στόματα,
1621 2855 1679 2897 ὧν
1709 2853 1756 2896 τὸ
1791 2855 1867 2910 μὲν
1899 2852 2071 2912 Πηλου-

82 2923 226 2967 σιακὸν
256 2922 466 2979 καλεῖται,
494 2924 543 2967 τὸ
575 2924 621 2968 δὲ
652 2921 909 2981 Κανωβικὸν
939 2926 1012 2968 καὶ
1045 2920 1417 2983 Ἡρακλειωτικόν.
1478 2927 1665 2969 Diodor.
1688 2929 1719 2980 Ι,
1744 2930 1811 2979 33,
1835 2930 1884 2968 7:
1916 2923 2070 2969 Κανω-

83 2994 214 3053 βικόν,
257 2995 278 3038 ὅ
317 3010 426 3044 τινες
465 2991 804 3056 Ἡρακλεωτικὸν
847 2997 1113 3055 ὀνομάζουσι.
1175 2999 1338 3041 Strabo
1371 2999 1507 3052 XVII,
1530 3002 1570 3052 4,
1602 3002 1655 3039 48
1688 3010 1732 3051 p.
1756 3003 1829 3039 804
1886 2997 1994 3053 μετὰ
2025 2998 2072 3040 δὲ

80 3067 152 3110 τὸν
183 3063 393 3125 Κάνωβόν
425 3068 512 3111 ἐστι
541 3068 590 3111 τὸ
623 3063 892 3125 Ἡράκλειον,
935 3064 1200 3127 Ἡρακλέους
1241 3070 1341 3129 ἔχον
1377 3069 1498 3126 ἱερόν.
1650 3074 1701 3111 87
1739 3071 1904 3112 Mensis
1936 3082 2070 3123 quar-

79 3141 156 3182 tus
194 3142 298 3183 anni
334 3141 677 3195 Aegyptiorum,
716 3143 796 3195 qui
835 3155 951 3185 anno
997 3140 1126 3198 239]ss
1158 3155 1195 3185 a.
1229 3143 1329 3185 Chr.
1363 3155 1404 3184 n.
1439 3154 1464 3184 a
1495 3143 1566 3183 die
1598 3146 1665 3182 20.
1697 3154 1755 3182 m.
1788 3143 1983 3184 Ianuarii
2014 3143 2071 3184 ad

82 3211 202 3254 diem
225 3216 290 3253 48.
321 3224 382 3253 m.
410 3213 641 3254 Februarii
672 3214 939 3267 pertinebat.
989 3214 1199 3256 Nominis
1231 3216 1456 3268 scriptura
1486 3215 1676 3254 fluctuat
1706 3214 1823 3254 inter
1853 3210 1994 3271 Χοιάχ
2027 3217 2072 3255 et

83 3281 235 3337 Χοιοίκ,
284 3284 606 3337 Elephantinae
655 3286 784 3339 hanc,
844 3287 1010 3328 Thebis
1068 3287 1188 3328 illam
1250 3286 1604 3340 frequentiorem
1664 3284 1806 3326 fuisse
1856 3285 2071 3328 observat

83 3355 128 3396 U.
150 3355 355 3397 Wilcken
393 3357 465 3397 Gr.
498 3357 687 3398 Ostraka
716 3359 735 3398 Ι
765 3369 808 3411 p.
833 3362 928 3400 808.
1077 3362 1130 3400 88
1174 3359 1235 3402 Cf.
1267 3360 1358 3400 not.
1383 3360 1478 3398 438.
1629 3359 1681 3396 89
1720 3356 1832 3398 Aras
1864 3369 1891 3399 a
1922 3369 2069 3400 sacer-

84 3426 266 3468 dotibus
298 3428 503 3469 omnium
533 3439 615 3481 per
654 3430 797 3471 totam
828 3432 995 3472 terram
1019 3431 1192 3472 ordinis
1222 3430 1358 3484 primi
1390 3428 1685 3469 delubrorum
1716 3428 1762 3469 in
1794 3427 1896 3470 fano
1926 3429 2069 3471 Cano·

50 3522 54 3525 v
83 3498 160 3550 pio
191 3498 418 3543 dedicatas
449 3499 614 3541 indicio
645 3511 758 3555 esse,
795 3513 885 3543 non
915 3502 1053 3544 modo
1083 3504 1309 3556 egregiam
1350 3501 1490 3542 fuisse
1521 3500 1658 3541 huius
1689 3501 1846 3554 templi
1878 3501 2069 3555 dignita-

85 3570 191 3623 tem,
231 3570 310 3611 sed
340 3571 477 3615 etiam
508 3571 566 3612 ab
596 3572 723 3613 initio
753 3572 864 3614 illud
894 3574 1118 3615 eiusmodi
1149 3573 1350 3615 conciliis
1393 3570 1767 3626 sacerdotalibus,
1808 3573 1941 3626 quale
1983 3574 2070 3615 hoc

79 3638 319 3695 habemus,
351 3642 622 3695 recipiendis
654 3643 927 3686 destinatum
958 3645 1098 3688 fuisse
1129 3644 1343 3686 observat
1373 3643 1573 3697 Lepsius.
