2314 3970
47 241 144 294 468]
479 240 762 282 Ptolemaeus
792 240 833 280 X
864 242 993 282 Soter
1023 242 1060 281 ΙΙ
1092 241 1298 293 (446-84
1328 253 1366 282 a.
1390 242 1491 282 Chr.
1514 241 1586 291 n.).
1916 242 2015 290 241

185 412 530 482 Φιλομήτορες
572 410 577 481 Ι
629 410 732 481 [καὶ
772 412 1071 484 Σωτῆρ]ες3,
1120 412 1207 466 καὶ
1257 411 1322 467 τὰ
1372 414 1536 481 τέκνα,
1583 409 1844 484 Ἀροήρει4
1896 412 2022 464 θεῶι

185 498 423 568 μεγίστωι
459 497 546 550 καὶ
583 498 686 558 τοῖς
725 497 956 559 συννάοις
994 499 1150 559 θεοῖς.

40 666 230 720 potitam
281 676 380 706 esse
430 666 482 717 (a.
519 669 746 706 446-408
785 678 823 707 a.
860 666 961 707 Chr.
998 665 1070 719 n.),
1122 665 1283 707 deinde
1328 667 1405 706 illo
1454 667 1644 719 expulso
1690 677 1797 707 cum
1847 666 2023 706 minore

40 739 292 780 Ptolemaeo
322 739 383 779 XI
420 739 672 780 Alexandro
716 750 902 791 regnum
944 739 1233 779 continuasse
1271 738 1302 790 (4
1318 742 1506 779 08-404
1548 752 1586 780 a.
1608 739 1708 780 Chr.
1731 739 1789 791 n.)
1831 741 2021 780 constat.

41 814 66 852 2
105 811 412 852 Ptolemaeum
433 811 475 851 X
506 812 660 852 Sotera
681 812 719 851 II
751 813 872 852 recte
903 811 1160 862 intellegere
1190 810 1404 851 videntur
1429 812 1650 853 Letronne
1681 813 1821 853 Franz
1851 812 2022 853 Straek.

39 880 153 925 Nam
198 893 304 923 sane
345 882 584 936 Cleopatra
629 895 746 924 anno
781 887 862 924 408
894 895 931 924 a.
961 882 1063 924 Chr.
1102 894 1193 923 una
1236 893 1342 923 cum
1390 893 1526 934 regno
1572 885 1709 924 etiam
1752 885 2023 936 cognomina

38 950 293 1011 Φιλομήτωρ
335 955 381 994 et
422 951 576 1011 Σωτήρ
615 967 640 995 a
679 955 848 995 maiore
885 954 978 995 filio
1020 955 1066 995 in
1105 955 1328 995 minorem
1370 955 1614 1008 transtulit,
1657 956 1736 996 sed
1773 956 1818 996 in
1857 967 1911 996 eo
1944 956 2023 996 vix

39 1026 258 1068 omissum
297 1028 416 1067 esset
454 1024 477 1067 ὁ
516 1025 589 1068 καὶ
617 1021 898 1082 Ἀλέξανδρος.
958 1027 1172 1079 Sequitur
1209 1029 1261 1067 ut
1299 1038 1523 1068 annorum
1556 1030 1637 1067 446
1670 1029 1714 1068 et
1746 1031 1828 1068 408
1859 1040 1897 1069 a.
1920 1028 2021 1068 Chr.

39 1099 241 1140 terminis
281 1099 401 1139 tituli
443 1100 569 1152 origo
612 1100 909 1140 contineatur.
1073 1102 1095 1138 3
1139 1100 1412 1142 ΕΥΣΙΞΒΕΙΣ
1454 1100 1498 1140 Ρ.
1522 1099 1665 1140 Lucas
1707 1102 1751 1140 et
1782 1100 2022 1152 Hamilton,

39 1170 273 1212 manifesta
292 1171 659 1224 interpolatione;
694 1173 806 1213 ΙΟΕΣ
835 1171 995 1225 Vidua,
1036 1173 1174 1211 ⁵1³⁶<
1206 1171 1361 1212 Jollois
1383 1174 1428 1212 et
1449 1171 1627 1212 Villiers
1649 1172 1694 1212 in
1716 1171 1871 1212 tabula
1901 1172 2023 1224 apud

37 1243 340 1297 Letronnium,
373 1245 484 1284 D‘<
518 1243 736 1284 Pococke.
796 1245 848 1284 Ρ.
869 1245 903 1284 Σ
937 1243 1134 1284 Jomard.
1198 1242 1283 1295 [καὶ
1315 1239 1529 1300 Σωτῆρ]ες
1560 1244 1760 1285 restituit
1787 1245 2023 1285 Letronne.

38 1318 63 1357 4
100 1316 272 1357 Tertiae
302 1316 478 1357 litterae
504 1316 713 1369 superior
743 1315 881 1356 modo
917 1326 1051 1357 arcus
1082 1318 1247 1369 exstat,
1279 1318 1331 1357 ut
1361 1315 1603 1368 ambiguus
1635 1317 1835 1370 haereaS,
1866 1318 2021 1357 utrum

39 1390 79 1430 Ο
109 1400 166 1430 an
195 1390 236 1429 Ω
265 1387 413 1430 fuerit.
474 1388 684 1430 Ceterum
717 1388 772 1429 de
802 1389 888 1429 hoc
921 1388 1005 1429 deo
1036 1388 1091 1430 cf.
1123 1400 1163 1430 n.
1188 1387 1310 1430 4442.

146 1631 256 1686 168
307 1636 458 1702 Lapis
503 1637 727 1699 granites
773 1651 924 1701 quem
978 1636 1165 1701 dicunt,
1217 1637 1454 1686 inventus
1502 1635 1697 1701 Syenae
1749 1634 2020 1703 (Assume),

2 1726 3 1741 ³
38 1723 309 1772 translatus
335 1723 638 1772 Londinium
670 1723 722 1772 in
755 1738 989 1772 museum
1014 1723 1375 1772 Britannicum.
1442 1723 1566 1772 Edd.
1610 1724 1769 1788 Sayce
1808 1725 2023 1773 Procee-

3 1826 7 1854 ι
38 1809 179 1875 dings
206 1809 266 1859 of
283 1808 371 1859 the
397 1811 590 1875 society
616 1809 675 1858 of
693 1810 890 1859 biblical
916 1809 1256 1875 arehaeology
1285 1807 1422 1858 4877
1451 1826 1501 1876 p.
1518 1810 1637 1860 203.
1690 1811 1752 1859 Μ.
1771 1811 1823 1859 L.
1842 1811 2023 1860 Strack

40 1895 196 1945 Mitth.
238 1896 325 1946 des
373 1896 509 1946 arch.
551 1897 671 1946 Inst.
712 1897 764 1946 in
811 1896 976 1946 Athen
1013 1898 1105 1945 XX
1151 1894 1190 1964 (4
1206 1893 1328 1963 895)
1373 1913 1423 1963 p.
1455 1894 1574 1946 327.
1644 1898 1686 1946 J.
1714 1898 1769 1946 P.
1799 1897 2022 1962 Mahaffy

35 1982 375 2032 Hermathena
399 1983 535 2032 XXII
563 1982 601 2048 (4
618 1981 738 2046 896)
765 1999 814 2048 p.
847 1981 949 2033 273
993 1980 1191 2049 (Strack
1229 1984 1317 2032 Die
1343 1984 1587 2048 Dynastie
1621 1984 1712 2033 der
1737 1985 2023 2033 Ptolemaer

33 2083 82 2135 p.
111 2069 211 2119 264
253 2085 301 2118 n.
335 2068 470 2135 440).
537 2068 610 2120 Cf.
652 2084 782 2135 quae
822 2071 1210 2135 disputaverunt
1241 2069 1464 2135 Mahaffy
1502 2070 1608 2120 The
1636 2071 1829 2136 empire
1857 2071 1914 2120 of
1934 2071 2021 2120 the

13 2154 299 2234 ¹Ptolemies
336 2172 386 2221 p.
418 2153 519 2204 407
542 2171 651 2222 sqq.
695 2161 744 2205 et
778 2158 833 2206 A.
863 2156 1101 2206 Wilhelm
1137 2156 1475 2223 Aron-epigr.
1507 2156 1669 2206 Mitth.
1699 2172 1791 2206 aus
1819 2158 2022 2207 Oester-

14 2241 172 2323 *reich
207 2242 299 2290 XX
341 2239 478 2292 4897
517 2259 566 2308 p.
598 2243 680 2292 55.

17 2404 21 2461 1
146 2406 340 2449 Litterae
371 2409 591 2460 ΑΘΞΠΣ;
624 2405 733 2463 ζῆτα
763 2419 806 2448 v.
831 2411 854 2447 9
887 2409 921 2449 Ι
953 2409 1034 2461 est,
1066 2419 1110 2449 v.
1135 2411 1185 2448 40
1220 2410 1274 2450 Ζ.
1326 2409 1432 2449 Post
1457 2420 1495 2450 v.
1520 2412 1572 2450 59
1605 2409 1714 2450 olim
1735 2409 1872 2450 etiam
1894 2409 2020 2450 sede-

19 2466 123 2538 {cim
152 2490 315 2520 versus
346 2479 668 2532 sequebantur,
705 2479 926 2533 epistulae
946 2479 1025 2520 VII
1055 2480 1192 2521 finem
1224 2482 1269 2521 et
1300 2481 1434 2522 aliam
1465 2480 1591 2533 (VIII)
1623 2482 1846 2534 integram
1877 2482 2021 2522 conti-

37 2551 203 2604 nentes,
243 2551 323 2592 sed
353 2563 409 2592 ex
447 2552 512 2592 eis
543 2551 691 2604 lapide
731 2551 895 2593 detrito
926 2553 1020 2593 tam
1059 2554 1248 2605 exiguae
1286 2555 1534 2606 supersunt
1574 2553 1821 2608 relliquiae,
1862 2556 1914 2595 ut
1945 2565 2021 2595 eas

38 2621 108 2663 hic
136 2624 339 2676 repetere
375 2634 540 2676 operae
579 2624 778 2676 pretium
817 2635 907 2665 non
937 2624 1159 2665 videatur.
1222 2624 1346 2672 Quae
1388 2625 1462 2666 hic
1501 2626 1802 2678 exprimimus
1845 2626 2019 2679 septem

24 2672 333 2740 {instrumenta
363 2696 420 2737 ad
449 2696 538 2737 trIa
566 2697 747 2748 negotia
777 2698 1006 2750 spectant:
1051 2697 1100 2738 A.
1143 2697 1257 2738 Cum
1288 2697 1576 2739 Ptolemaeus
1607 2697 1648 2738 X
1684 2698 1816 2739 Soter
1847 2698 1884 2738 II
1922 2697 2021 2739 Ele-

27 2765 276 2821 iphantinen
314 2768 470 2821 adiret,
513 2769 769 2810 sacerdotes
800 2769 873 2810 dei
904 2769 1111 2810 Chnumo
1140 2769 1315 2811 Nebieh
1347 2770 1403 2812 ab
1435 2782 1489 2811 eo
1522 2771 1785 2824 petiverunt
1814 2773 1867 2811 ut
1897 2773 2021 2811 certa

28 2839 255 2891 *quaedam
286 2840 502 2881 frumenti
538 2842 696 2895 pensio
737 2841 824 2883 sibi
865 2843 1108 2895 quotannis
1149 2854 1206 2884 ex
1244 2843 1380 2896 regiis
1421 2843 1597 2885 horreis
1635 2843 1832 2897 daretur,
1881 2843 2020 2895 idque

42 2908 405 2965 impetraverunt.
454 2914 518 2953 De
548 2913 633 2954 hac
653 2925 702 2954 re
723 2914 952 2956 tenemus:
985 2916 1003 2955 I
1033 2927 1077 2956 v.
1103 2918 1241 2956 4-44
1274 2915 1540 2957 relationem
1568 2916 1623 2957 de
1651 2916 1772 2968 regis
1799 2915 2020 2968 Elephan-

31 2975 157 3025 {tinen
200 2984 398 3025 adventu
441 2984 751 3038 beneficioque
791 2986 848 3028 ab
889 2998 943 3028 eo
983 2998 1219 3028 concesso.
1270 2988 1308 3027 11
1340 2999 1384 3029 v.
1407 2990 1576 3029 44--25
1623 2988 1796 3029 litteras
1828 2987 2019 3039 Cleopa-

33 3053 132 3095 itrae
160 3056 216 3095 III
258 3057 436 3109 reginae
476 3059 521 3097 et
560 3057 803 3100 Ptolemaei
848 3058 928 3099 filii
972 3059 1030 3100 ad
1061 3059 1334 3113 sacerdotes,
1380 3060 1549 3112 quibus
1596 3060 1651 3101 de
1698 3071 1751 3100 eo
1796 3059 2016 3100 beneficio

35 3126 248 3169 lcertiores
292 3128 420 3169 fiunt.
486 3130 543 3169 III
580 3142 622 3171 v.
646 3133 808 3171 26-34
862 3131 1035 3173 litteras
1081 3132 1331 3174 eorundem
1375 3143 1536 3184 regum
1576 3132 1632 3173 de
1670 3132 1829 3173 eadem
1867 3142 1916 3172 re
1962 3131 2018 3172 ad

36 3195 350 3249 {Phommutem
381 3201 630 3254 strategum
662 3202 916 3245 Thebaidis.
1005 3204 1053 3245 B.
1092 3206 1186 3246 Iam
1217 3205 1437 3257 quattuor
1472 3203 1708 3245 mensibus
1739 3205 1843 3244 ante
1882 3203 2018 3243 iidem

40 3270 290 3334 sacerdotes
319 3274 471 3314 nescio
503 3273 614 3326 quid
644 3274 765 3316 aliud
795 3287 821 3316 a
851 3275 1037 3328 regibus
1067 3278 1325 3330 petiverant
1355 3278 1491 3329 atque
1517 3276 1628 3316 item
1649 3277 2017 3329 impetraverant.

41 3338 135 3382 Huc
153 3346 356 3396 spectant
378 3345 435 3385 IV
458 3357 500 3386 v.
520 3348 687 3387 32—35
719 3347 915 3400 epistula
934 3350 1116 3401 reginae
1137 3351 1182 3390 et
1194 3350 1313 3402 regis
1330 3349 1385 3390 ad
1403 3348 1674 3390 sacerdotes.
1725 3347 1764 3387 V
1786 3360 1828 3389 v.
1848 3350 2015 3389 36——38

42 3392 231 3466 hpistuIa
259 3418 438 3469 reginae
468 3419 514 3458 et
544 3419 662 3470 regis
703 3419 760 3460 ad
788 3419 1141 3474 Hermocratem‚
1182 3422 1262 3474 qui
1300 3423 1403 3462 ante
1434 3421 1752 3462 Phommutem
1791 3421 2018 3473 strategus

37 3481 274 3547 ‚arhebaidis
304 3488 462 3530 fuerat.
519 3489 578 3529 VI
615 3502 658 3531 v.
684 3494 842 3533 39-54
883 3493 1058 3535 litterae
1088 3494 1326 3546 petitoriae
1357 3493 1414 3534 ad
1445 3504 1612 3546 regem.
1720 3492 1787 3533 Ὀ.
1835 3492 2018 3546 Aliquot

25 3550 166 3622 ,kannis
194 3559 333 3614 prius,
364 3563 602 3603 etiamtum
633 3564 926 3615 regnantibus
958 3566 1201 3607 Ptolemaei
1232 3566 1272 3605 X
1314 3567 1442 3618 patre
1473 3565 1728 3606 Ptolemaeo
1749 3564 1848 3605 VIII
1879 3565 2017 3606 Euer-

48 3627 142 3675 {geta
169 3629 204 3669 11
243 3642 347 3672 cum
375 3645 519 3675 uxore
551 3634 785 3687 Cleopatra
818 3637 888 3690 111,
928 3639 1037 3679 item
1077 3637 1335 3679 sacerdotes
1375 3648 1504 3690 reges
1545 3637 1748 3678 adierant
1778 3648 1884 3678 cum
1916 3650 2017 3691 pre-

41 3685 183 3759 itibus,
215 3702 268 3742 de
298 3704 464 3756 quibus
486 3708 672 3760 propter
693 3709 899 3750 mutilam
931 3710 1093 3762 lapidis
1122 3709 1438 3750 condicionem
1467 3709 1574 3750 nihil
1598 3709 1765 3750 certius
1791 3709 2016 3762 explorari

43 3762 56 3850 ¹1
127 3780 477 3832 Dittenberger,
501 3789 659 3824 Orientis
684 3791 741 3825 Gr.
766 3791 873 3826 inscr.
911 3794 940 3826 I.
1619 3800 1669 3836 ’16

47 3923 54 3970 l
