2314 3970
76 208 171 261 448]
414 209 698 250 Ptolemaeus
719 209 817 250 VIII
849 209 1092 262 Euergetes
1123 209 1160 250 ΙΙ
1194 211 1436 262 (446-446
1459 222 1496 251 a.
1521 210 1621 251 Chr.
1645 210 1715 262 n.).
1954 211 2054 261 227

162 395 186 434 5
219 378 584 451 αὐτοκράτορος
634 385 725 451 τῆς
770 380 1080 453 ΘηβαΐδοςΊ,
1136 381 1191 434 τὸ
1242 380 1408 435 κοινὸν
1454 381 1470 452 ΙΙ
1512 385 1609 434 τῶν
1660 383 1712 434 ἐν
1764 385 1848 451 τῆι
1897 382 2058 451 νὴσωι

213 467 533 536 τασσομένων
571 467 770 521 Λυκίων
788 470 822 520 ⁸.

71 641 277 694 nympha
315 641 588 695 designetur,
630 653 688 682 an
719 641 859 683 altera
888 643 1042 683 Musae
1078 642 1287 694 epiclesis
1328 641 1514 683 accedat
1551 642 1607 683 ad
1640 637 1828 697 Πιερίδα,
1867 641 2059 683 dubium

70 714 150 754 est.
210 712 324 755 Nam
356 714 496 754 Musis
538 713 682 755 fontes
725 714 948 767 quosdam
988 713 1115 755 velut
1143 713 1406 766 Aganippen
1445 715 1490 754 et
1521 714 1760 756 Castaliam
1801 714 1849 755 in
1889 714 2060 755 deliciis

71 785 222 837 fuisse,
262 786 313 825 ut
343 785 455 826 adeo
487 785 591 827 inde
622 797 874 838 cognomen
904 787 971 826 eis
1007 785 1289 826 tribueretur
1320 782 1496 840 (νύμφαι
1527 781 1790 832 Κασταλίὸες
1821 782 2059 841 Παρνάσιον

71 855 196 903 αἶπος
228 854 394 915 ἔχοισαι
424 858 648 899 Theocrit.
665 858 757 911 Vll,
780 861 878 899 448.
935 855 1220 900 Castalidum
1240 856 1372 899 decus
1390 869 1602 899 soronam
1631 859 1819 900 Martial.
1843 859 1913 911 IV,
1934 860 2001 911 44,
2020 861 2059 898 4.

63 940 149 983 per
174 926 366 982 qeniwm
396 926 574 972 Famae
609 926 948 984 Castaliumque
973 941 1153 985 yreye‘m
1173 929 1265 982 VII,
1288 931 1356 981 42,
1381 929 1448 980 40)
1481 930 1771 970 notissimum
1803 933 1886 983 est,
1929 932 1976 971 at
2005 930 2061 971 de

69 999 275 1054 Hyperea
314 1001 442 1054 quod
485 1002 627 1043 sciam
673 1002 780 1042 alibi
824 1001 935 1042 nihil
977 1000 1207 1042 eiusmodi
1247 1001 1495 1042 memoriae
1536 1001 1759 1053 proditur.
1932 1005 1955 1041 6
1998 1002 2060 1042 Cf.

70 1072 304 1114 Strabonis
334 1073 486 1115 locum
518 1085 656 1127 quem
687 1074 818 1115 attuli
847 1085 891 1115 n.
914 1072 1037 1114 4044.
1089 1073 1170 1115 Hic
1200 1073 1318 1114 idem
1352 1083 1442 1114 usu
1462 1074 1588 1114 venit
1618 1075 1753 1126 atque
1784 1075 1830 1114 in
1861 1076 2060 1126 exegeta,

69 1146 121 1185 ut
150 1145 437 1198 geographus
470 1145 651 1187 definite
673 1146 728 1187 de
747 1158 839 1189 uno
860 1145 1166 1187 Alexandreae
1187 1145 1721 1199 hypomnematographo
1745 1145 1887 1187 verba
1915 1146 2061 1199 faciat,

70 1216 150 1258 sed
180 1218 447 1270 neutiquam
479 1220 622 1271 neget,
664 1217 772 1259 alibi
802 1229 986 1271 quoque
1025 1218 1251 1259 eiusmodi
1290 1218 1582 1271 magistratus
1620 1217 1783 1271 fuisse3
1823 1219 1911 1260 hoc
1951 1229 2060 1259 vero

69 1287 232 1330 docent
276 1290 462 1342 papyri;
509 1289 563 1331 cf.
603 1289 738 1342 Oxyr.
780 1300 884 1343 pap.
921 1290 940 1329 1
977 1300 1021 1342 p.
1054 1293 1135 1330 443
1178 1302 1220 1331 n.
1251 1289 1337 1344 LV,
1360 1293 1399 1330 4.
1430 1293 1468 1331 2.
1516 1301 1560 1343 p.
1584 1293 1666 1331 448
1708 1302 1749 1331 n.
1779 1290 1888 1343 LIX,
1921 1294 1958 1330 6.
1992 1293 2061 1330 22.

72 1363 95 1400 7
137 1361 261 1402 Idem
292 1361 432 1403 habes
463 1362 508 1402 in
540 1362 672 1403 titulo
704 1363 812 1402 item
842 1361 1056 1404 ininsula
1077 1361 1228 1415 Cypro
1251 1362 1434 1404 invento
1457 1362 1642 1404 Journal
1664 1361 1712 1404 of
1730 1362 1837 1403 Hell.
1855 1361 1979 1406 stud.
2002 1361 2063 1402 IX

70 1443 113 1485 p.
131 1434 213 1473 244
245 1444 288 1474 n.
307 1436 376 1474 74.
426 1433 484 1474 At
505 1433 613 1475 alibi
635 1434 904 1486 simpliciter
935 1433 1167 1491 στρατηγὸς
1197 1439 1276 1492 τῆς
1298 1431 1514 1490 Θηβαΐδος
1546 1435 1727 1487 dicitur,
1760 1436 1812 1475 ut
1833 1446 1874 1475 n.
1898 1436 1996 1487 432,
2022 1438 2059 1474 7.

74 1507 168 1558 468,
188 1509 254 1546 50.
307 1506 420 1546 Item
451 1506 531 1559 qui
561 1506 734 1547 insulae
757 1506 897 1560 Cypri
927 1505 1067 1547 rebus
1097 1508 1279 1559 praeest
1307 1506 1579 1560 plerumque
1610 1506 1796 1560 quidem
1829 1503 2063 1562 στρατηγός

72 1576 339 1630 appellatur,
381 1577 461 1618 sed
491 1589 818 1630 nonnunquam
849 1578 924 1619 hic
955 1589 1139 1631 quoque
1170 1575 1446 1634 αὐτοκράτωρ
1479 1578 1673 1621 additur.
1735 1577 1797 1619 Cf.
1836 1589 1878 1618 n.
1901 1579 1999 1629 440,
2022 1580 2059 1618 6.

73 1651 169 1703 456,
192 1652 231 1690 2.
292 1648 423 1698 Quod
453 1650 530 1690 vix
562 1649 693 1691 aliter
721 1650 1011 1703 interpretari
1049 1650 1154 1691 licet
1193 1652 1331 1703 atque
1361 1652 1414 1691 ut
1453 1653 1710 1697 statuamus
1742 1661 1823 1703 per
1852 1651 2064 1702 tempora

0 1748 1 1757 ,
69 1720 326 1773 periculosa
355 1723 400 1763 et
430 1721 693 1763 turbulenta
724 1723 917 1764 summis
949 1724 1235 1764 exercituum
1255 1722 1496 1775 praefectis
1525 1723 1744 1764 maiorem
1767 1733 1906 1775 quam
1927 1721 2062 1773 volgo

69 1794 343 1847 potestatem
382 1793 438 1834 de
478 1795 759 1847 gravissimis
799 1794 938 1836 rebus
977 1795 1074 1836 sine
1112 1795 1231 1847 regis
1280 1794 1495 1836 mandato
1534 1794 1803 1836 decernendi
1842 1793 2062 1834 tributam

73 1875 184 1906 esse.
227 1865 289 1906 Cf.
314 1866 357 1907 P.
371 1866 524 1919 Meyer
543 1867 632 1908 Das
654 1866 924 1908 Heerwesen
946 1866 1026 1908 der
1046 1866 1301 1908 Ptolemaer
1322 1867 1414 1908 und
1436 1867 1603 1908 Romer
1623 1867 1669 1907 in
1690 1866 1925 1919 Aegypton
1949 1877 1990 1918 p.
2009 1869 2061 1907 89

74 1948 179 1978 cum
210 1939 304 1979 not.
337 1940 431 1980 324.
489 1940 534 1980 Ρ.
553 1938 750 1992 Mahaffy
783 1939 875 1980 The
899 1939 1072 1992 empire
1099 1939 1148 1980 of
1167 1939 1243 1980 the
1267 1939 1510 1981 Ptolemies
1541 1950 1584 1993 p.
1605 1943 1687 1980 396
1709 1941 1834 1980 not.4
1870 1938 2062 1991 dubitat,

75 2021 130 2050 an
179 2008 412 2067 στρατηγὸς
463 2008 738 2069 αὐτοκράτωρ
785 2011 905 2052 idem
962 2011 1050 2052 sibi
1092 2011 1201 2052 velit
1251 2023 1303 2053 ac
1354 2010 1587 2069 στρατηγὸς
1637 2009 1710 2053 καὶ
1760 2008 2063 2068 ἐπιστράτηγος

0 2118 2 2128 ,
75 2092 117 2122 n.
140 2084 236 2136 468,
265 2084 330 2123 35.
357 2084 425 2124 50.
486 2082 573 2124 Sed
610 2083 656 2124 id
690 2083 800 2124 mihi
840 2082 1141 2136 improbabile
1172 2083 1354 2125 videtur
1393 2095 1499 2125 cum
1530 2083 1629 2125 aliis
1669 2083 1725 2124 de
1756 2084 1921 2136 causis,
1961 2084 2061 2123 tum

74 2153 182 2206 quia
221 2151 528 2211 ἐπιστράτηγος
566 2156 613 2196 in
642 2155 848 2208 Aegypto
880 2155 983 2208 plus
1014 2155 1155 2196 semel
1200 2156 1444 2209 invenitur,
1484 2156 1530 2197 in
1575 2156 1723 2197 insula
1761 2155 1913 2208 Cypro
1952 2166 2062 2196 vero

75 2236 321 2278 nunquam.
471 2230 494 2267 8
537 2226 598 2268 Cf.
629 2239 672 2268 n.
697 2226 819 2268 4461.

184 2453 294 2511 148
344 2459 487 2508 Basis
528 2460 801 2509 marmoris
839 2460 982 2509 rubri
1019 2460 1226 2510 inventa
1262 2461 1313 2509 in
1345 2460 1555 2510 delubro
1581 2461 1790 2511 Veneris
1816 2460 2057 2526 Paphiae.

74 2543 196 2594 Edd.
248 2545 303 2595 E.
331 2545 388 2594 A.
419 2544 666 2610 Gardner,
713 2546 769 2594 D.
801 2545 857 2595 G.
888 2545 1135 2611 Hogarth,
1184 2547 1247 2596 M.
1277 2547 1334 2596 R.
1363 2547 1535 2596 James
1578 2548 1788 2596 Journal
1834 2547 1892 2595 of
1935 2547 2058 2596 Hell.

77 2631 265 2681 studies
302 2631 371 2680 lx
409 2630 584 2697 (4888)
623 2647 673 2697 p.
705 2632 808 2683 232
847 2647 896 2682 n.
927 2633 1012 2683 20.

14 2716 17 2754 1
215 2770 285 2826 Τὸ
323 2771 490 2825 κοινὸν
527 2775 625 2826 τῶν
675 2773 726 2826 ἐν
772 2778 856 2844 τῆι
891 2776 1052 2845 νήσωι
1097 2774 1417 2845 τασσομένων
1461 2773 1467 2846 Ι
1508 2772 1767 2829 Κιλίκων1
1796 2767 2057 2843 (Έλενονῖ,

18 2927 21 2989 l
187 2947 379 2988 Litterae
410 2948 552 3000 ΑΘΣ;
595 2959 624 2987 o
653 2947 883 3000 aliquanto
915 2950 1090 2991 minore
1111 2950 1298 2992 modulo
1319 2951 1515 2991 exarata.
1654 2953 1671 2989 4
1713 2949 1871 2991 Cilices
1894 2949 2060 2991 milites

78 3020 368 3060 mercennarii
401 3018 444 3059 in
477 3019 623 3060 insula
655 3019 806 3073 Cypro
839 3023 1074 3074 praeterea
1103 3024 1352 3064 occurrunt
1381 3033 1423 3063 n.
1448 3025 1544 3075 457,
1570 3025 1591 3061 3
1634 3021 1700 3072 (cf.
1733 3021 1797 3063 ibi
1828 3023 1923 3062 not.
1948 3021 1985 3073 4)
2017 3024 2063 3062 et

21 3088 27 3155 l
75 3099 143 3142 ap.
177 3091 333 3132 Strack
371 3091 452 3131 Die
482 3091 699 3144 Dynastie
730 3092 810 3134 der
840 3093 1095 3135 Ptolemaer
1124 3105 1168 3147 p.
1193 3098 1274 3136 258
1308 3106 1349 3135 n.
1374 3096 1470 3147 446,
1495 3097 1533 3134 2.
1697 3096 1721 3133 2
1764 3093 1887 3134 Idem
1919 3093 2059 3133 homo

76 3159 266 3202 alterum
298 3165 647 3204 monumentum
679 3165 725 3204 in
755 3165 913 3206 eodem
937 3166 1124 3207 Veneris
1155 3166 1257 3207 fano
1290 3177 1315 3207 a
1347 3164 1660 3206 sacerdotibus
1693 3165 1951 3205 dedicatum
1983 3165 2061 3205 ha-

25 3284 27 3293 1
74 3229 209 3274 hehet
238 3245 343 3275 cum
373 3235 462 3276 hoc
490 3235 644 3276 titulo:
679 3226 905 3290 ‘'Ehbmb,
945 3236 1018 3278 τὸν
1058 3241 1236 3295 συγγενῆ
1274 3236 1348 3278 ’καὶ
1383 3235 1544 3294 τροφέα
1583 3238 1658 3277 τοῦ
1693 3232 1700 3290 Ι
1737 3232 1945 3290 βασιλέως
1974 3235 2061 3288 aasz

76 3301 376 3364 σ]τ[ρα]τ[ηγ]ὸν
406 3304 480 3348 καὶ
510 3304 713 3364 ἀρχιερέα
738 3304 745 3363 Ι
767 3312 846 3365 τῆς
874 3306 1020 3364 νήσου,
1053 3307 1095 3350 οἱ
1124 3308 1285 3365 [ἱερεῖ]ς
1313 3312 1394 3363 τῆς
1425 3305 1594 3365 Παφίας
1629 3305 1634 3361 Ι
1667 3301 1915 3364 Ἀφροδίτης
1945 3305 2061 3364 εὐερ-

26 3376 33 3473 ἱ
74 3372 227 3429 γε[σίας
257 3374 397 3430 ἕ]νε·κα
429 3381 508 3435 τῆς
550 3377 611 3425 εἰς
651 3376 839 3426 ἑαυτούς.
890 3380 988 3429 Quo
1027 3381 1126 3422 iure
1166 3381 1223 3422 ad
1253 3380 1498 3422 Ptolemaei
1527 3378 1768 3420 Alexandri
1800 3379 1837 3418 II
1868 3390 2058 3432 regnum

79 3444 230 3489 Heleni
259 3451 523 3502 praeturam
553 3450 718 3492 referat
747 3451 791 3492 P.
812 3453 967 3505 Meyer
997 3454 1086 3494 Das
1108 3453 1376 3494 Heerwesen
1408 3452 1489 3493 der
1511 3451 1761 3492 Ptolemiier
1781 3451 1875 3492 und
1895 3452 2061 3493 Romer

13 3530 34 3558 „q
76 3516 123 3557 in
149 3519 379 3574 Aegypten
408 3533 453 3575 p.
478 3527 545 3575 93,
585 3534 674 3563 non
713 3523 862 3566 video.
922 3524 1038 3566 Nam
1079 3535 1186 3565 sane
1224 3525 1387 3565 titulus
1426 3527 1499 3564 484
1549 3523 1708 3575 utique
1749 3523 1966 3565 alterutro
2005 3536 2060 3565 ex

15 3583 33 3649 γ’
77 3588 141 3630 eis
170 3590 448 3647 Ptolemaeis,
487 3594 656 3646 quibus
685 3594 936 3637 Alexander
966 3607 1218 3647 cognomen
1260 3598 1369 3648 erat,
1409 3597 1623 3647 regnante
1662 3594 1859 3646 scriptus
1889 3598 1970 3648 est,
2015 3598 2060 3636 at

32 3649 34 3662 '
75 3655 121 3701 in
151 3671 203 3702 eo
234 3674 322 3704 non
342 3664 535 3706 Helenus
566 3667 677 3719 ipse,
710 3666 789 3707 sed
820 3668 920 3708 eius
941 3667 1061 3707 filius
1087 3661 1303 3722 Ἰσίδωρος
1320 3661 1500 3709 Ἑλένου
1521 3661 1755 3724 Ἀντιοχέως
1786 3667 2059 3708 nominatur.

26 3754 37 3912 φ
1626 3756 1642 3794 ⁴
1656 3751 1709 3794 5*

29 3917 35 3970 l
