2314 3970
195 194 263 244 92
874 192 923 230 II.
970 191 1168 241 Regnum
1203 189 1484 239 Lagidarum.
2098 188 2166 241 [56

193 382 294 432 qua
330 370 683 431 argumentum
720 365 847 412 tituli
882 363 1104 428 perbene
1129 363 1421 411 illustratur.
1489 360 1759 427 (Repetivit
1794 363 1836 411 J.
1865 363 1918 410 P.
1949 361 2171 426 Mahass'y

193 452 299 502 The
337 452 527 517 empire
566 450 623 499 of
653 449 740 498 the
766 449 1036 497 Ptolemies
1073 463 1122 513 p.
1154 448 1255 497 229
1278 463 1387 512 sqq.
1431 462 1545 496 cum
1583 448 1715 496 notis
1746 448 2040 511 utilissimiS,
2081 446 2170 496 sed

193 538 329 603 quod
367 538 565 586 mireris
602 536 751 600 plane
789 535 1014 598 neglecto
1041 535 1272 599 exemplo
1310 530 1378 598 B,
1419 533 1555 597 quod
1581 538 1750 583 tamen
1776 534 1879 582 iam
1905 533 2170 582 duodecim

192 625 336 673 annis
376 628 492 672 ante
530 622 716 687 publici
754 621 876 670 iuris
916 620 1106 669 factum
1146 619 1288 683 erat).
1362 619 1589 684 Exempli
1627 616 1693 668 B.
1736 620 1927 669 Graeca
1965 633 2173 668 accura-

190 710 382 759 tissime
419 706 826 773 photographica
864 707 1082 770 imagine
1120 705 1523 771 repraesentavit
1561 705 1613 753 E.
1645 705 1801 754 Miller
1837 706 2045 754 Journal
2084 706 2171 754 des

192 798 398 844 savants
448 793 582 842 4883
631 809 680 858 p.
720 793 820 843 244
846 808 955 858 sqq.
1005 807 1119 841 cum
1163 792 1398 841 versione
1445 791 1818 854 Francogallica
1866 795 1917 840 et
1961 791 2174 840 adnota-

190 881 409 930 tionibus
459 880 725 928 nonnullis.
790 876 1172 945 (Repetiverunt
1218 879 1278 926 M.
1317 878 1368 925 L.
1408 876 1588 926 Strack
1644 877 1734 926 Die
1785 877 2027 941 Dynastie
2083 878 2173 926 der

190 967 475 1016 Ptolemaer
518 982 567 1030 p.
608 962 710 1016 227
760 981 808 1014 n.
847 965 929 1013 38.
1003 963 1091 1014 Cb.
1129 962 1305 1012 Michel
1353 962 1553 1012 Recueil
1604 959 1802 1012 d'inscr.
1853 962 1937 1012 Gr.
1988 978 2037 1028 p.
2071 962 2171 1012 445

192 1069 240 1101 n.
271 1049 411 1118 55⁴).
452 1079 522 1087 —
559 1051 819 1100 Demotica
866 1051 1022 1099 edidit
1070 1051 1123 1099 E.
1153 1050 1404 1098 Revillout
1442 1048 1849 1098 Chrestomathie
1887 1049 2175 1114 demotique

191 1155 241 1204 p.
276 1139 374 1187 425
398 1154 526 1203 sqq,
566 1136 951 1202 hieroglyphica
989 1151 1104 1185 cum
1141 1136 1375 1184 versione
1413 1135 1790 1198 Francogallica
1827 1135 2175 1200 comparativa

195 1226 410 1290 exempli
457 1223 648 1288 Graeci,
690 1223 939 1287 demotici,
986 1221 1355 1287 hieroglyphici
1393 1222 1446 1269 P.
1477 1221 1671 1285 Perrin,
1718 1223 1763 1270 le
1810 1222 1980 1270 decret
2017 1221 2176 1269 trilin-

192 1327 288 1374 gue
345 1311 407 1359 de
454 1310 673 1374 Canope,
732 1309 874 1357 Paris
918 1308 1069 1357 4884.
1112 1337 1182 1342 -
1222 1307 1292 1356 Cf.
1344 1322 1473 1371 quae
1530 1307 1590 1356 de
1636 1308 1782 1356 titulo
1831 1312 2176 1373 exposuerunt

192 1397 246 1445 A.
275 1397 317 1445 J.
347 1397 408 1444 H.
437 1397 664 1460 Vincent,
723 1395 960 1444 Memoire
1017 1409 1105 1444 sur
1151 1395 1197 1443 le
1250 1393 1527 1443 calendrier
1581 1393 1669 1442 des
1715 1394 1945 1458 LagideS,
2003 1394 2176 1443 Revue

193 1482 409 1531 archeol.
443 1481 604 1531 Nouv.
642 1481 769 1530 serie
794 1480 928 1528 XVII
958 1480 1092 1528 4868
1121 1496 1170 1545 p.
1205 1479 1222 1527 4
1255 1494 1364 1544 sqq.
1438 1480 1493 1527 A.
1523 1494 1624 1528 von
1652 1479 1966 1545 Gutschmid,
2004 1480 2176 1529 Kleine

195 1567 447 1618 Schriften
484 1568 505 1615 I
542 1583 591 1632 p.
623 1564 741 1615 375.
819 1567 873 1615 E.
903 1566 1166 1630 Revillout,
1214 1553 1377 1614 Etude
1414 1564 1695 1630 historique
1745 1580 1833 1614 sur
1870 1566 1942 1614 les
1980 1566 2175 1615 decrets

195 1656 256 1704 de
294 1655 500 1703 Rosette
538 1656 588 1703 et
625 1654 687 1702 de
726 1652 944 1717 Canope,
985 1653 1159 1701 Revue
1183 1651 1400 1701 archeol.
1431 1651 1594 1700 Nouv.
1631 1653 1726 1700 ser.
1755 1651 1959 1700 XXXIV
1997 1649 2174 1717 (4877)

194 1757 242 1806 p.
276 1740 377 1790 326
400 1755 508 1804 sqq.
577 1738 719 1788 Graii*
751 1739 925 1787 Revue
959 1737 1347 1802 egyptologique
1373 1737 1454 1802 VI,
1485 1737 1503 1784 4
1553 1753 1602 1802 p.
1636 1737 1698 1785 43
1722 1753 1830 1802 sqq.
1898 1737 2089 1787 Mahler
2124 1738 2177 1786 in

192 1825 548 1875 Transactions
587 1825 646 1874 of
675 1824 765 1873 the
802 1823 948 1873 ninth
979 1824 1331 1872 international
1358 1837 1597 1886 congress
1636 1823 1696 1872 of
1726 1823 1814 1872 the
1841 1823 2171 1888 OrientalistS‚

193 1912 406 1961 London
449 1911 581 1960 4893
625 1909 798 1959 11349
821 1925 931 1974 sqq.
996 1910 1037 1958 J.
1067 1910 1121 1957 P.
1151 1907 1374 1973 Mahaffy
1419 1907 1524 1957 The
1564 1910 1756 1974 empire
1794 1908 1853 1958 of
1883 1908 1973 1958 the
2010 1909 2177 1958 Ptole-

193 1999 318 2048 mies
343 2014 392 2063 p.
418 1998 521 2047 208
544 2013 652 2062 sqq.
718 1998 780 2045 M.
811 1997 864 2044 L.
894 1995 1074 2045 Strack
1099 1994 1195 2044 Rh.
1219 1996 1344 2044 Mus.
1367 1995 1475 2042 LIII
1498 2010 1548 2060 p.
1575 1995 1675 2043 406
1699 2010 1807 2059 sqq.
1868 1995 1925 2044 U.
1949 1995 2176 2045 Wilcken

196 2085 278 2134 Gr.
308 2083 528 2133 Ostraka
565 2084 586 2131 I
621 2098 671 2148 p.
703 2081 821 2131 783.
887 2083 941 2131 B.
972 2082 1118 2131 Niese
1158 2080 1334 2130 Gesch.
1365 2081 1456 2130 der
1492 2095 1566 2145 gr.
1595 2097 1644 2130 u.
1673 2080 1872 2130 maked.
1902 2080 2108 2131 Staaten
2133 2082 2178 2130 II

193 2187 242 2236 p.
276 2166 393 2219 474.
459 2170 520 2218 Μ.
549 2170 603 2218 L.
633 2168 813 2218 Strack
838 2167 968 2217 Gott.
998 2167 1239 2233 gel.lAnz.
1273 2167 1408 2216 4900
1437 2182 1486 2216 n.
1512 2168 1542 2215 8
1568 2183 1618 2231 p.
1645 2167 1762 2216 648.
1820 2167 1911 2216 Die
1936 2168 2178 2232 Dynastie

196 2256 285 2305 der
310 2256 595 2306 Ptolemaer
630 2270 679 2320 p.
714 2254 815 2303 425
839 2269 947 2318 sqq.
1015 2254 1066 2302 E.
1097 2253 1423 2302 Kornemann
1449 2253 1586 2318 apud
1614 2251 1663 2301 C.
1694 2253 1746 2301 F.
1777 2253 2040 2303 Lehmann
2065 2253 2178 2302 Bei-

194 2345 335 2406 triige
372 2357 466 2391 zur
502 2343 636 2391 alten
675 2339 972 2391 Geschichte
1009 2340 1031 2388 I
1067 2355 1116 2405 p.
1149 2338 1214 2390 72
1235 2354 1346 2405 sqq.

308 2500 576 2551 Exemplum
607 2495 651 2540 A
681 2498 936 2539 litterarum
967 2497 1136 2539 formas
1157 2497 1364 2548 volgares
1395 2497 1545 2549 habet,
1578 2498 1664 2538 nisi
1695 2497 1819 2549 quod
1849 2508 1934 2549 pro
1968 2497 2005 2537 Α
2037 2497 2178 2538 semel

197 2572 252 2622 (v.
276 2571 344 2621 46)
377 2572 436 2623 Α,
477 2582 579 2611 raro
612 2574 647 2611 Α
678 2570 854 2622 legitur,
892 2581 975 2622 pro
1020 2570 1051 2610 Β
1084 2579 1410 2620 nonnunquam
1443 2570 1476 2609 Β
1510 2570 1567 2621 Β,
1607 2580 1692 2622 pro
1733 2571 1762 2610 Η
1803 2569 2076 2621 aliquotiens
2118 2570 2177 2620 κ;

197 2645 253 2697 μῦ
295 2642 430 2683 modo
469 2644 508 2683 Μ
542 2643 578 2682 Μ
617 2643 698 2693 est,
744 2640 884 2682 modo
928 2639 995 2692 ΓΙ,
1037 2642 1086 2680 νῦ
1130 2640 1397 2692 plerumque
1430 2642 1489 2692 N,
1535 2637 1576 2687 ξῖ
1604 2642 1640 2682 Ξ
1670 2642 1727 2693 Ξ,
1773 2643 1825 2681 πῖ
1865 2640 1903 2686 Π
1942 2640 2010 2683 Π.
2071 2638 2177 2694 ζῆτα

196 2726 238 2754 v.
263 2718 301 2754 9.
327 2717 377 2753 36
410 2713 602 2754 formam
643 2714 676 2752 Ι
713 2711 862 2764 habet,
905 2715 1034 2752 v.22.
1060 2713 1112 2751 29
1145 2712 1378 2763 antiquam
1409 2713 1464 2752 Ι.
1527 2713 1610 2752 Per
1650 2714 1800 2752 totum
1831 2713 2015 2752 titulum
2048 2712 2176 2753 ΘΟΩ

195 2785 381 2837 reliquis
413 2785 574 2824 litteris
597 2784 738 2824 multo
766 2784 982 2835 minores,
1013 2782 1238 2823 nonnullis
1260 2782 1371 2823 locis
1404 2782 1459 2833 (v.
1484 2785 1550 2822 46.
1575 2785 1642 2824 48.
1667 2787 1732 2824 58.
1758 2786 1824 2824 64.
1850 2783 1917 2834 63)
1949 2784 2085 2824 etiam
2116 2786 2175 2824 Δ.

195 2856 402 2897 Vacuum
443 2856 643 2908 spatium
690 2855 826 2896 unius
875 2854 1051 2894 litterae
1105 2854 1315 2894 relictum
1366 2855 1435 2894 est
1483 2865 1525 2894 v.
1562 2857 1585 2893 7
1636 2856 1745 2906 post
1793 2852 1932 2906 εἶπαν,
1982 2855 2177 2895 duarum

196 2929 394 2969 triumve
424 2939 466 2968 v.
491 2930 542 2967 20
576 2928 678 2968 ante
709 2923 871 2982 ἀγαθῆι
898 2923 1039 2982 τύχηι.
1090 2925 1238 2965 Versu
1271 2928 1292 2963 3
1325 2925 1416 2966 fere
1447 2925 1651 2977 quinque
1682 2925 1856 2966 litterae
1887 2936 2042 2966 erasae
2074 2928 2179 2967 sunt

196 3001 312 3040 inter
344 3000 434 3040 ΚΑΙ
475 3000 520 3039 et
549 2999 791 3039 ΔΕΚΑΤΗΙ
831 2998 1032 3048 itemque
1070 3009 1114 3037 v.
1139 2999 1190 3037 58
1230 2997 1346 3036 inter
1386 2997 1545 3038 ΚΑΙΔΕ
1575 2998 1621 3037 et
1661 2998 1856 3038 ΚΑΤΗΙ.
1919 2997 2178 3050 Lapicidam

196 3071 318 3112 tituli
354 3067 398 3112 B
432 3070 576 3110 multo
624 3069 828 3110 severius
872 3069 1009 3109 etiam
1053 3068 1331 3120 antiquiores
1370 3068 1538 3109 formas
1585 3069 1839 3110 litterarum
1877 3070 2078 3110 tenuisse
2123 3079 2178 3109 ex

198 3142 530 3195 photographia
569 3143 757 3194 apparet
793 3152 932 3193 quam
971 3152 996 3180 a
1036 3141 1241 3192 Maspero
1289 3141 1474 3180 missam
1514 3140 1685 3193 publici
1724 3141 1835 3182 iuris
1881 3141 1986 3182 fecit
2022 3141 2175 3181 Miller.

198 3213 311 3254 Nam
356 3216 675 3266 praeterquam
719 3212 841 3264 quod
882 3214 912 3253 Σ
960 3212 1034 3252 hic
1071 3211 1257 3252 brachia
1301 3211 1515 3264 parallela
1559 3212 1695 3253 habet
1742 3214 1788 3252 et
1831 3214 1948 3253 inter
1987 3214 2016 3253 Π
2059 3214 2104 3253 et
2139 3213 2178 3253 Π

198 3285 490 3337 fluctuantur,
532 3296 614 3337 pro
649 3287 679 3325 Κ
709 3285 784 3325 hic
819 3284 910 3324 illic
942 3286 963 3324 l<
994 3284 1168 3335 legitur,
1208 3283 1300 3324 fere
1330 3283 1441 3323 nihil
1471 3284 1545 3323 hic
1586 3285 1787 3325 invenies
1819 3284 1943 3336 quod
1972 3295 1998 3324 a
2028 3284 2177 3336 quarti

199 3368 236 3396 a.
269 3356 369 3396 Chr.
399 3368 439 3396 n.
473 3357 642 3397 saeculi
681 3367 767 3398 usu
809 3356 1047 3407 discrepet.
1109 3355 1319 3407 Inprimis
1361 3354 1655 3396 memorabile
1693 3358 1775 3407 est,
1820 3357 1856 3396 Ξ
1895 3355 1969 3395 hic
2005 3355 2177 3406 ubique
2261 3372 2282 3421 ξ,

198 3427 375 3467 hastam
414 3428 610 3468 mediam
649 3428 866 3468 directam
903 3426 1083 3479 habere,
1129 3437 1233 3467 cum
1264 3428 1310 3466 in
1346 3427 1552 3478 exemplo
1583 3425 1626 3468 A
1655 3427 1812 3468 eadem
1844 3427 2096 3467 constantia
2125 3436 2177 3466 ea
2264 3422 2274 3441 ³

200 3499 362 3538 careat.
422 3498 690 3550 Exemplum
730 3497 774 3541 A
813 3501 1039 3551 integrum
1078 3500 1159 3551 est,
1202 3499 1382 3550 praeter
1422 3498 1721 3550 paucissimas
1761 3499 1931 3562 litteras
1974 3508 2091 3558 quae
2131 3498 2178 3547 in

200 3568 366 3609 finibus
397 3580 615 3609 versuum
639 3573 807 3611 53—56
839 3572 1134 3611 evanuerunt.
1186 3569 1315 3617 Quod
1346 3571 1503 3609 contra
1533 3570 1647 3621 lapis
1678 3567 1722 3610 B
1747 3582 1771 3610 a
1803 3569 1959 3610 dextra
1990 3569 2177 3609 mutilus

200 3642 281 3692 est,
329 3642 380 3680 ut
424 3641 647 3692 cuiusque
684 3652 845 3682 versus
886 3641 1059 3682 litterae
1102 3642 1240 3681 7-44
1286 3643 1543 3693 postremae
1581 3640 1905 3682 desiderentur.
1966 3636 2174 3681 ceterum
2261 3692 2266 3696 Ι

2280 2877 2290 2893 ·
2273 2731 2295 2868 ·“’·υ’”
2278 1669 2314 2722 unwanum-mm

2305 1432 2314 1668 ...mu-A--
2311 1404 2314 1411 ,
