2314 3970
183 197 285 250 308
866 194 935 233 111.
982 192 1126 233 Nubia
1160 194 1204 232 et
1233 191 1485 244 Aethiopia.
2054 191 2145 243 [20⁴

330 365 474 436 ἄρξῖθ
522 364 637 432 εἰμι.
682 361 688 431 Ι
730 361 1018 430 ἐπολέμησα
1066 356 1190 429 μετὰ
1247 361 1342 412 τῶν
1394 357 1637 428 Βλεμύων
1689 359 1784 413 ἀπὸ
1835 360 2156 430 Πρίμ(εως27)

184 558 228 596 et
259 554 445 606 Lepsius
484 552 735 601 utrumque
775 546 1042 589 adverbium
1084 546 1140 587 ad
1178 546 1333 587 hostes
1374 546 1454 598 qui
1483 545 1726 588 Nubadum
1764 547 1875 588 fines
1916 559 1940 587 a
1983 549 2159 599 septen-

186 624 407 666 trionibus
456 619 601 674 (κάτω)
650 621 696 660 et
740 630 766 660 a
805 619 994 659 meridie
1041 615 1157 670 (ἄνω)
1202 618 1422 670 attingant
1464 616 1676 658 referunt.
1738 618 1793 659 Et
1836 618 1925 659 hoc
1974 617 2159 670 quidem

186 707 346 738 verum
378 704 477 735 esse
508 691 675 746 probat
705 701 795 732 vox
826 688 900 748 ἄρξ
939 690 1043 741 (not.
1067 689 1135 741 26)
1177 691 1299 730 recte
1339 689 1455 729 lecta
1494 690 1540 728 et
1569 689 1806 730 intellecta.
1953 692 2005 729 26
2047 689 2159 729 Cum

188 767 355 808 Gauius
384 760 510 821 Ἄρης
539 763 734 815 legisset,
765 762 871 802 hinc
901 762 1034 802 natus
1066 763 1135 801 est
1165 771 1292 802 error
1321 759 1558 801 Niebuhrii
1590 759 1644 800 de
1673 771 1844 812 pagana
1876 761 2012 800 huius
2043 761 2160 812 regis

187 838 402 890 religione
433 835 501 886 (cf.
534 836 623 875 not.
649 837 687 874 4.
711 834 791 886 45).
852 832 1020 873 Deinde
1052 844 1157 872 cum
1189 827 1292 875 ΑΡΞ
1324 832 1367 871 in
1399 830 1548 884 lapide
1578 841 1677 871 esse
1708 834 1996 884 compertum
2029 834 2161 883 esset,

186 910 230 949 id
270 909 316 949 in
354 904 450 959 α[’ί]Ξ
491 906 688 946 mutavit
717 905 956 956 Letronne;
999 906 1134 956 atque
1175 904 1250 943 hic
1288 902 1473 955 quidem
1513 902 1559 942 in
1589 902 1912 943 certaminibus
1944 902 2162 943 adversus

185 981 396 1031 Blemyas
426 988 580 1030 regem
611 977 753 1017 leonis
783 975 1111 1028 fortitudinem,
1143 975 1188 1015 in
1219 974 1403 1027 proeliis
1425 973 1645 1015 adversus
1668 976 1822 1025 gentes
1847 974 2163 1015 meridionales

186 1051 328 1091 ardua
377 1049 599 1090 montium
649 1049 753 1100 iuga
802 1047 1050 1088 incolentes
1097 1057 1259 1099 caprae
1308 1047 1547 1086 montanae
1595 1045 1839 1097 agilitatem
1885 1046 2165 1098 praestitisse

186 1122 413 1174 intellegit,
456 1131 548 1161 non
579 1119 787 1171 absurde,
826 1119 911 1160 etsi
941 1119 1115 1159 leonem
1148 1119 1194 1158 et
1223 1128 1407 1170 capram
1438 1127 1522 1170 par
1558 1116 1820 1157 animalium
1850 1118 1987 1158 nimis
2016 1118 2165 1170 impar

187 1193 362 1234 efficere
407 1191 586 1233 dixeris.
649 1191 812 1232 Contra
848 1190 1075 1242 Franzius‚
1121 1199 1258 1241 quem
1306 1189 1514 1241 sequitur
1551 1188 1831 1241 Gutschmid,
1877 1199 2028 1240 regem
2060 1199 2165 1240 erga

188 1275 311 1317 suos,
343 1264 421 1316 qui
451 1264 497 1303 in
529 1263 763 1315 superiore
793 1262 974 1313 regione
995 1261 1212 1313 habitent,
1245 1261 1401 1301 mitem
1433 1262 1479 1301 et
1498 1260 1765 1301 clementem
1797 1260 1997 1300 animum
2031 1271 2166 1301 suum

188 1335 462 1388 praedicare,
506 1334 553 1374 in
590 1334 746 1374 hostes
786 1332 997 1373 inferiora
1043 1332 1143 1373 loca
1178 1331 1434 1374 habitantes
1470 1331 1635 1373 fortem
1681 1334 1726 1373 et
1769 1331 2049 1373 bellicosum.
2110 1332 2167 1372 At

188 1409 343 1448 hostes
385 1408 430 1447 et
473 1404 587 1446 infra
631 1406 677 1445 et
721 1415 859 1457 supra
895 1403 1139 1446 Nubadum
1183 1406 1352 1445 terram
1397 1403 1535 1444 fuisse
1579 1404 1654 1444 hic
1692 1404 1790 1456 ipse
1834 1403 1994 1444 titulus
2036 1403 2168 1444 docet

190 1481 245 1531 (v.
278 1478 358 1530 47).
419 1477 475 1518 Et
519 1477 622 1529 quis
669 1487 872 1528 unquam
910 1475 1084 1516 audivit
1132 1475 1187 1516 de
1226 1487 1363 1528 capra
1409 1475 1675 1516 clementiae
1718 1477 1764 1516 et
1807 1475 2167 1516 mansuetudinis

188 1547 432 1603 exemplo?
494 1548 611 1597 Quid
641 1549 706 1589 rei
736 1549 857 1588 esset
886 1548 1075 1600 Lepsius
1105 1548 1297 1599 aperuit.
1357 1546 1564 1588 Nominis
1604 1544 1760 1602 ἄρκτος
1799 1547 1986 1588 brevior
2022 1547 2168 1588 forma

190 1620 318 1677 ἄρκος
359 1622 450 1662 iam
481 1620 603 1673 apud
632 1621 760 1672 ipsos
792 1619 984 1661 Graecos
1015 1619 1226 1660 inferiore
1256 1620 1402 1660 aetate
1438 1618 1561 1659 haud
1606 1618 1863 1671 infrequens
1908 1619 2010 1671 fuit;
2056 1620 2169 1660 haec

188 1696 355 1735 iterum
387 1694 433 1733 in
462 1692 648 1734 brevius
679 1693 911 1732 contracta
950 1692 997 1731 in
1028 1701 1282 1732 sermonem
1315 1690 1562 1743 Coptarum
1601 1691 1793 1743 transiit,
1834 1702 2033 1743 quorum
2062 1689 2166 1734 ΛΡΞ

189 1768 235 1806 in
267 1765 478 1806 omnibus
508 1764 664 1805 lexicis
693 1763 914 1816 repperiri
946 1764 1100 1804 monet
1129 1763 1331 1815 Lepsius.
1381 1761 1554 1815 Nempe
1584 1772 1691 1802 cum
1718 1762 1928 1814 Aegyptii
1958 1763 2003 1803 in
2035 1764 2169 1804 Grae-

191 1838 255 1878 cis
284 1836 412 1877 libris
443 1836 583 1876 saeris
613 1831 743 1892 ἄρκος
773 1834 1041 1887 invenirent,
1077 1834 1243 1875 animal
1274 1834 1426 1886 ipsum
1456 1845 1565 1874 vero
1596 1834 1642 1873 in
1671 1833 1759 1874 illis
1789 1834 2049 1885 regionibus
2080 1847 2170 1875 non

191 1911 311 1949 esset
341 1908 536 1959 ideoque
568 1917 717 1947 sermo
739 1906 1010 1947 vernaculus
1041 1906 1345 1958 appellatione
1376 1906 1562 1957 careret,
1594 1904 1703 1945 illud
1731 1905 1884 1956 ipsum
1915 1906 2169 1958 paullulum

191 1980 327 2021 modo
360 1980 588 2020 mutatum
628 1978 882 2018 retinuisse.
942 1977 1023 2017 Vel
1061 1977 1157 2017 ursi
1199 1988 1305 2017 cum
1336 1977 1464 2017 leone
1501 1977 1879 2029 coniunctionem,
1921 1989 2056 2030 quam
2096 1979 2171 2019 hic

191 2051 454 2103 habeamus,
509 2061 564 2090 ex
610 2060 739 2090 sacra
783 2050 1010 2100 scriptura
1055 2059 1264 2089 manasse
1314 2048 1596 2089 demonstrat
1639 2049 1683 2088 L.
1723 2048 1896 2089 collatis
1940 2050 1958 2088 I
1998 2050 2169 2102 Regum

195 2127 262 2176 47,
287 2125 337 2163 34
357 2133 475 2175 sqq.:
518 2119 674 2178 ἤρχετο
704 2118 815 2163 λέων
845 2117 874 2175 ἢ
907 2118 1036 2175 ἄρκος
1066 2142 1125 2149 -
1152 2117 1226 2161 καὶ
1253 2118 1325 2160 τὸν
1356 2117 1508 2160 λέοντα
1552 2118 1626 2160 καὶ
1661 2117 1739 2174 τὴν
1779 2117 1910 2175 ἄρκον
1943 2118 2115 2162 ἔτυπτεν
2147 2119 2170 2162 ὁ

193 2192 346 2241 δοῦλός
377 2207 466 2235 σου.
495 2214 555 2223 ·-
583 2191 728 2246 κύριος
767 2190 813 2238 ὃς
852 2189 1038 2240 ἐξείλατό
1070 2205 1122 2246 με
1154 2189 1204 2232 ἐκ
1233 2190 1377 2249 χειρὸς
1405 2193 1480 2232 τοῦ
1516 2188 1689 2237 λεόντος
1726 2190 1798 2232 καὶ
1831 2188 1881 2233 ἐκ
1920 2191 2064 2250 χειρὸς
2092 2196 2170 2248 τῆς

194 2264 341 2321 ἄρκου.
390 2264 528 2306 Amos
554 2268 591 2316 5,
614 2267 689 2304 49:
731 2261 830 2304 ὅταν
864 2260 1027 2319 ἐκφύγῃ
1059 2260 1283 2320 ἄνθρωπος
1321 2261 1371 2303 ἐκ
1408 2262 1638 2318 προσώπου
1675 2265 1750 2303 τοῦ
1781 2260 1954 2309 λεόντος
1993 2262 2067 2304 καὶ
2098 2262 2173 2319 ἐμ-

194 2337 300 2395 πέσῃ
334 2333 448 2392 αὐτῷ
478 2333 508 2391 ἡ
539 2333 707 2393 ἄρκτος,
742 2334 910 2387 quibus
940 2334 1063 2382 locis,
1082 2335 1128 2374 in
1160 2334 1346 2387 Coptica
1376 2335 1585 2375 versione
1615 2325 1723 2379 λΡΞ
1753 2335 1823 2375 sit.
1884 2335 2173 2376 Fortissimo-

193 2421 295 2449 rum
326 2409 465 2460 igitur
495 2409 539 2448 et
560 2407 944 2448 validissimorum
969 2406 1230 2447 animalium
1253 2417 1369 2459 quae
1398 2405 1661 2446 hominibus
1682 2407 1788 2446 nota
1808 2409 1960 2447 essent
1978 2407 2173 2447 similem

196 2492 243 2521 se
274 2480 553 2532 praestitisse
582 2490 736 2531 regem
767 2479 813 2519 in
843 2478 1055 2519 hostibus
1085 2489 1201 2530 quae
1232 2477 1289 2518 ab
1319 2479 1513 2530 utraque
1543 2479 1671 2529 parte
1711 2478 1808 2518 eius
1845 2479 1970 2530 regni
1999 2478 2174 2519 habita-

195 2554 295 2592 rent
331 2551 568 2592 indic-atur.
732 2553 783 2590 27
823 2551 930 2592 Post
965 2551 1092 2591 nrm,
1129 2549 1292 2590 lineola
1321 2549 1644 2601 compendium
1676 2550 1927 2602 scripturae
1957 2550 2174 2603 indicans,

197 2634 287 2675 quo
319 2623 393 2663 hic
422 2633 558 2662 usum
590 2623 821 2663 auctorem
854 2621 986 2674 tituli,
1018 2632 1124 2661 cum
1155 2621 1353 2673 reliquas
1382 2631 1539 2661 omnes
1568 2621 1907 2662 terminationes
1938 2622 2174 2662 nominum

196 2694 327 2745 plene
358 2694 601 2745 exarasset,
638 2693 827 2744 Lepsius
858 2693 1088 2733 existimat
1118 2704 1222 2732 cum
1255 2693 1360 2745 quia
1399 2693 1484 2732 hac
1514 2703 1626 2733 voce
1658 2703 1842 2733 versum
1882 2693 2010 2734 finire
2041 2694 2176 2734 vellet

197 2768 295 2804 tum
327 2765 433 2816 quia
464 2764 616 2804 statim
649 2765 916 2815 sequeretur
949 2760 1029 2808 ἕως
1059 2764 1293 2815 particula.
1345 2763 1506 2803 Primis
1537 2774 1701 2804 nomen
1722 2765 1858 2804 etiam
1889 2765 2011 2816 apud
2031 2765 2175 2805 Ptole-

198 2847 381 2876 maeum
412 2835 721 2887 geographum
753 2837 834 2887 est,
872 2834 953 2875 ubi
990 2835 1334 2886 distinguuntur
1372 2831 1528 2888 Πρῖμις
1562 2834 1692 2892 μικρά
1723 2835 1793 2888 IV,
1819 2840 1856 2888 7,
1880 2840 1901 2876 6
1935 2847 1977 2888 p.
2002 2839 2098 2888 774,
2121 2839 2174 2876 42

198 2909 242 2947 et
283 2903 442 2961 Πρῖμις
484 2904 650 2961 μεγάλη
689 2916 732 2957 p.
764 2908 860 2958 772,
902 2909 939 2958 6,
988 2905 1068 2946 ubi
1106 2907 1152 2946 in
1190 2906 1346 2946 multis
1387 2906 1620 2947 codicibus
1662 2903 1832 2962 Πρῆμις
1862 2909 1942 2948 est.
2008 2908 2175 2948 Parvae

199 2979 362 3018 Primis
391 2988 570 3030 nomen,
610 2976 899 3018 multifariam
939 2987 1045 3018 sane
1082 2978 1127 3017 in
1164 2977 1292 3017 libris
1330 2979 1612 3030 corruptum,
1647 2979 1781 3019 etiam
1823 2978 1946 3031 apud
1982 2971 2174 3019 Plinium

198 3050 269 3102 VI,
294 3052 375 3090 479
407 3050 487 3090 est.
540 3048 765 3102 Oppidum
797 3048 932 3101 aliud,
964 3048 1044 3089 sed
1072 3049 1192 3089 idem
1214 3060 1379 3089 nomen
1400 3049 1540 3090 habes
1562 3049 1705 3090 Strab.
1727 3049 1859 3102 XVII,
1883 3053 1921 3102 4,
1946 3052 1996 3090 54
2029 3061 2072 3102 p.
2093 3053 2173 3090 820

201 3121 296 3162 Cas.
327 3119 405 3176 τὴν
438 3118 484 3160 δὲ
515 3117 707 3176 Πρῆμνιν
737 3118 934 3176 τειχίσας.
983 3120 1090 3160 Plin.
1112 3119 1212 3161 Nat.
1234 3120 1337 3161 hist.
1360 3120 1431 3173 VI,
1456 3124 1530 3160 484
1570 3118 1614 3162 is
1645 3122 1702 3172 (P.
1725 3121 1974 3172 Petronius)
2006 3119 2175 3175 oppida

201 3203 355 3233 eorum
393 3190 694 3244 (Aethiopum)
732 3187 1002 3245 eaffluynavit
1048 3202 1162 3244 quae
1196 3189 1294 3232 sola
1330 3188 1594 3232 invenimus
1630 3203 1716 3245 quo
1755 3189 1955 3233 dicemus
1994 3189 2173 3233 ordine:

200 3260 394 3316 Pselein,
425 3259 585 3304 Primi
612 3274 677 3315 sq.
730 3263 862 3311 Quod
893 3264 1049 3303 contra
1077 3263 1273 3303 nominis
1304 3262 1449 3303 forma
1477 3260 1619 3320 Πρίμα
1649 3263 1820 3316 aliquot
1850 3263 2042 3304 saeculis
2073 3265 2177 3315 post

203 3334 386 3374 demum
410 3335 610 3374 occurrit
630 3334 751 3386 apud
773 3334 1148 3387 olympiodorum
1170 3334 1342 3385 Fragm.
1364 3335 1467 3375 hist.
1488 3335 1559 3375 Gr.
1581 3334 1639 3374 IV
1661 3345 1703 3386 p.
1721 3337 1771 3374 66
1803 3334 1855 3375 fr.
1870 3337 1935 3386 37,
1967 3335 2019 3374 ut
2039 3345 2177 3385 appa-

203 3408 299 3446 reat
329 3406 427 3446 eius
460 3406 719 3458 opinionem
752 3406 806 3446 de
828 3405 1039 3447 vocabuli
1069 3405 1316 3458 oppidique
1337 3406 1508 3457 origine
1527 3406 1727 3446 Romana
1751 3406 1795 3445 in
1817 3416 1969 3445 errore
1990 3406 2175 3445 versari.

204 3476 414 3516 Ceterum
454 3477 622 3517 Primin
673 3477 746 3517 hic
793 3477 920 3518 iuxta
967 3476 1138 3517 Telmin
1183 3476 1405 3517 nominari
1453 3488 1543 3518 non
1583 3488 1675 3529 quo
1726 3477 1772 3516 hi
1810 3478 1960 3516 essent
1995 3476 2176 3516 termini

203 3547 400 3598 regionis
436 3548 690 3600 Blemyum,
732 3548 811 3589 sed
850 3549 956 3600 quia
994 3549 1106 3589 haec
1142 3547 1327 3599 quidem
1367 3550 1515 3600 caput,
1560 3548 1635 3588 illa
1673 3559 1781 3588 vero
1819 3547 2175 3587 munitissimum

204 3619 383 3669 praeter
433 3618 577 3670 ipsam
625 3619 796 3659 Telmin
850 3619 1069 3671 oppidum
1117 3619 1214 3659 eius
1261 3619 1404 3670 gentis
1462 3621 1581 3659 esset
1627 3619 1939 3671 pronuntiavit
1974 3618 2175 3670 Lepsius.
