2314 3970
0 2574 8 2869 ¹,

3 2897 8 2930 ί

89 209 158 270 9ο]
568 207 811 250 Ptolemaei
830 205 869 250 V
900 210 1246 251 monumentum
1277 209 1585 251 Rosettanum.
1962 210 2060 261 163

226 384 398 455 Ψχέντ
412 384 492 451 1²3,
531 384 592 454 ἣν
630 383 957 455 περιθέμενος
971 385 1038 420 124
1076 384 1310 455 εἰσῆλθεν
1349 383 1420 444 εἰς
1458 382 1512 436 τὸ
1553 383 1604 436 ἐν
1645 379 1872 454 Μέμφ[ει
1911 383 2059 454 ἱερόν,

137 484 192 526 45
224 473 358 530 ὅπως
395 470 446 523 ἐν
487 470 644 523 αὐτῶι
681 468 1044 541 συνῃῂελεσθῆι
1080 467 1144 522 τά
1183 471 1487 542 νομιζόμενα
1524 474 1608 541 τῆι
1644 471 1936 541 παραλήψει
1971 475 2060 541 τῆς

227 556 576 629 βασιλείας125.
631 557 879 610 ἐπιθεῖναι
918 556 972 609 δὲ
1009 555 1096 609 καὶ
1134 555 1215 609 ἐπὶ
1251 561 1339 610 τοῦ
1381 554 1495 628 περὶ
1537 553 1629 616 τὰς
1681 556 1940 628 βασιλείας
1983 577 2062 609 τε-

223 644 559 716 τραγιιίὶνου126
594 641 725 697 κατὰ
775 643 829 697 τὸ
875 643 1233 715 προειρημένον
1281 643 1534 714 βασίλειον
1553 645 1618 680 ¹2⁷
1663 645 2060 714 φυλακτήρια128

223 731 406 803 χρυ[σᾶ
452 730 556 799 δύο,
606 728 682 790 οἷς
727 731 1181 802 ἐγγραφήσεται129
1225 727 1336 800 ὅ]Ιτι
1383 728 1514 783 ἐστὶν
1551 733 1640 783 τοῦ
1689 730 1935 802 βασιλέως
1972 734 2059 783 τοῦ

197 938 276 976 423
318 935 642 977 Ornamentum
679 935 842 988 capitis
881 935 999 995 regis
1039 934 1191 987 galeae
1229 935 1389 988 simile,
1430 936 1743 988 compositum
1784 947 1840 977 ex
1880 935 2058 978 duabus

81 1008 298 1063 partibus,
329 1019 446 1061 quae
471 1008 518 1049 in
538 1008 844 1050 monumentis
866 1006 1001 1049 modo
1025 1006 1160 1049 ambo
1182 1007 1297 1059 gerit
1316 1018 1408 1060 rex,
1442 1003 1580 1048 modo
1603 1008 1872 1049 alterutrum
1895 1009 2056 1050 solum.

81 1082 129 1123 ln
171 1081 512 1134 hieroglyphice
558 1080 727 1122 decreti
767 1080 995 1122 Rosettani
1043 1079 1250 1133 exemplo
1291 1078 1476 1120 inferior
1515 1079 1650 1120 modo
1693 1091 1797 1132 pars
1836 1080 2057 1122 delineata

79 1156 159 1197 est.
210 1154 443 1195 Letronne.
503 1153 713 1195 Ceterum
753 1153 843 1194 iam
885 1152 1197 1205 Champollion
1234 1152 1428 1206 monuit,
1475 1163 1632 1194 veram
1669 1152 1815 1205 ipsius
1860 1154 2057 1195 nominis

79 1226 269 1269 formam
297 1225 451 1269 schem
479 1237 591 1280 esse,
630 1226 703 1267 cui
734 1224 1056 1278 praefigeretur
1078 1236 1114 1279 p
1145 1224 1375 1266 articulus.
1437 1224 1582 1266 Medio
1620 1224 1721 1266 loco
1752 1225 1869 1266 inter
1899 1226 2056 1267 decem

79 1295 291 1355 βασιλείας
327 1310 525 1340 vacuum
570 1299 770 1352 spatium
815 1298 1098 1351 relinquitur,
1146 1297 1227 1338 ubi
1272 1297 1520 1339 collocatur
1565 1298 1652 1339 hoc
1698 1297 1869 1350 insigne
1906 1298 1969 1339 ita
2006 1300 2057 1339 ut

77 1381 216 1425 supra
249 1370 347 1412 illas
379 1371 580 1412 eminens
612 1371 743 1424 quasi
774 1369 954 1411 culmen
991 1369 1245 1424 pyramidis
1285 1369 1461 1411 efficiat.
1508 1369 1623 1411 Letr.
1683 1369 1773 1410 Aut
1814 1371 1879 1412 sic
1917 1370 2055 1412 collo-

76 1443 298 1485 cationem
320 1443 644 1497 explicandam,
677 1444 756 1485 aut
776 1453 934 1484 omnes
957 1442 1114 1484 decem
1148 1440 1361 1498 βασιλείας
1390 1454 1484 1484 uno
1508 1442 1664 1484 ordine
1695 1443 1741 1484 in
1766 1443 1914 1484 antico
1937 1454 2055 1485 mar-

76 1517 176 1569 gine
204 1515 412 1570 planiciei
439 1515 685 1570 quadratae
715 1515 955 1557 adornatas
987 1515 1125 1557 fuisse
1154 1515 1314 1556 statuit
1342 1514 1454 1556 Hess
1487 1526 1529 1568 p.
1554 1517 1627 1568 74;
1671 1525 1777 1556 sane
1807 1517 2055 1568 utrumque

76 1588 235 1630 eodem
269 1589 367 1630 iure
401 1589 539 1630 statui
569 1588 687 1642 licet,
726 1589 833 1641 quia
863 1586 906 1630 ἐν
936 1586 997 1645 τῷ
1029 1585 1146 1645 μέσῳ
1177 1599 1267 1629 non
1303 1588 1454 1629 minus
1489 1586 1605 1628 bene
1641 1587 1696 1629 de
1731 1587 1880 1629 medio
1912 1588 2054 1630 lineae

75 1662 223 1702 rectae
252 1672 390 1714 quam
412 1661 619 1714 planiciei
649 1660 748 1702 loco
770 1661 948 1702 dicitur.
1124 1661 1206 1701 ⁴24
1246 1661 1435 1714 Propter
1463 1660 1551 1702 hoc
1578 1659 1771 1701 verbum
1803 1662 1931 1702 erant
1951 1662 2053 1702 ante

74 1733 388 1775 Drumannum
425 1733 505 1786 qui
536 1730 726 1787 psaltem
761 1733 1084 1774 vestimentum
1121 1732 1273 1774 nescio
1319 1732 1444 1786 quod
1487 1733 1904 1786 interpretarentur.
1967 1733 2050 1774 Sed

74 1806 257 1860 proprie
300 1805 344 1847 id
390 1805 604 1859 usurpari
648 1804 704 1846 de
740 1806 935 1859 coronis,
973 1805 1133 1858 pilleis,
1172 1805 1309 1857 galeis
1347 1805 1537 1858 aliisque
1573 1816 1690 1858 quae
1731 1806 1867 1859 capiti
1906 1806 2051 1858 impo-

73 1879 299 1931 nerentur,
352 1877 507 1919 docuit
557 1877 631 1918 ille
683 1877 816 1919 allato
873 1876 1088 1918 Herodoti
1133 1876 1230 1918 loco
1270 1877 1322 1930 ΙΙ,
1355 1879 1461 1919 ⁴62:
1515 1875 1751 1933 περιέθηκέ
1795 1875 1836 1919 οἱ
1878 1876 2049 1935 κυνέην.

71 1953 151 1991 425
190 1949 251 1991 Cf.
282 1951 373 1991 not.
399 1952 464 1990 32.
646 1951 728 1989 426
768 1949 904 1990 Tecto
937 1948 1169 1991 aediculae
1199 1949 1414 2002 imposita
1445 1951 1542 1991 erat
1571 1949 1695 1991 basis
1726 1949 2048 2004 quadrangula,

70 2023 200 2064 cuius
229 2021 490 2075 superficies
519 2021 810 2064 horizontalis
840 2021 1096 2063 sustinebat
1126 2021 1275 2063 medio
1306 2022 1408 2063 loco
1446 2033 1661 2064 coronam
1690 2020 1889 2077 pschent,
1930 2024 2049 2065 circa

69 2090 168 2136 eam
198 2106 225 2136 a
254 2095 472 2148 quattuor
501 2093 708 2147 partibus
738 2094 895 2136 decem
927 2091 1153 2151 βασιλείας.
1193 2094 1295 2135 Vox
1325 2092 1420 2151 περὶ
1450 2095 1589 2147 igitur
1617 2106 1709 2137 non
1735 2089 1881 2136 ‘circa’
1912 2096 2048 2148 signi-

69 2166 184 2220 ficat,
222 2167 301 2209 sed
340 2169 391 2208 ut
430 2178 564 2221 saepe
594 2166 756 2209 latiore
786 2168 833 2209 vi
863 2167 919 2208 de
958 2167 1023 2208 eis
1065 2178 1180 2220 quae
1211 2167 1268 2208 ad
1310 2167 1508 2221 aliquam
1540 2178 1637 2209 rem
1669 2168 1873 2221 quolibet
1910 2168 2046 2210 modo

68 2239 320 2293 pertineant
350 2241 429 2281 aut
449 2251 554 2281 cum
584 2250 636 2281 ea
657 2240 927 2282 cohaereant
947 2242 1209 2294 usurpatur.
1256 2240 1372 2281 Letr.
1520 2243 1600 2281 427
1642 2240 1808 2282 Totum
1840 2251 2046 2283 summae

68 2311 295 2354 aediculae
324 2314 654 2366 ornamentum,
685 2313 998 2366 compositum
1029 2323 1085 2354 ex
1114 2313 1179 2353 eis
1210 2311 1430 2366 partibus,
1466 2323 1584 2365 quae
1615 2323 1754 2366 supra
1784 2313 2043 2366 singillatim

67 2385 352 2426 enumeratae
381 2385 484 2438 sint,
514 2384 839 2437 interpretatur
869 2384 1150 2426 Letronnius.
1209 2383 1270 2425 Cf.
1302 2384 1453 2425 locum
1484 2384 1713 2426 Plutarchi
1744 2396 1882 2438 quem
1914 2386 2045 2427 attuli
2124 2429 2126 2431 ,

67 2467 110 2497 n.
132 2454 262 2497 56112.
440 2459 520 2497 428
561 2455 719 2510 Utique
749 2467 823 2497 res
854 2455 1021 2509 quibus
1052 2467 1108 2497 ex
1138 2456 1460 2509 superstitiosa
1489 2455 1818 2510 Aegyptiorum
1859 2468 2044 2511 persua-

67 2527 190 2570 sione
220 2528 338 2570 mala
366 2528 650 2570 imminentia
679 2528 824 2570 averti
854 2526 1125 2570 videbantur
1157 2526 1374 2580 (amulets)
1409 2528 1634 2581 designari
1664 2529 1779 2570 vidit
1805 2529 2041 2572 Letronne.

67 2598 127 2642 Cf.
157 2600 378 2642 Plutarch.
410 2600 466 2642 de
495 2602 550 2643 Is.
581 2602 628 2642 et
657 2600 767 2642 Osir.
793 2604 845 2642 65
877 2612 920 2654 p.
945 2603 1025 2641 377
1042 2601 1076 2641 Β
1119 2598 1182 2642 διὸ
1213 2598 1286 2642 καὶ
1313 2597 1511 2658 λέγεσθαι
1540 2599 1617 2656 τὴν
1637 2589 1747 2643 Ἶσιν
1779 2599 2040 2659 αἰσθομένην

66 2668 129 2713 ὅτι
155 2659 248 2714 κῦει
277 2669 569 2730 περιάψασθαι
599 2669 901 2730 φυλακτήριον.
949 2676 1000 2714 67
1031 2684 1076 2726 p.
1100 2675 1179 2713 378
1198 2673 1230 2714 Β
1267 2671 1315 2714 τὸ
1356 2670 1402 2714 δὲ
1439 2676 1517 2730 τῆς
1536 2662 1693 2720 Ἴσιδος
1735 2670 2039 2732 φυλακτήριον,

66 2739 89 2785 ὃ
116 2741 423 2800 περιάπτεσθαι
452 2740 757 2803 μυθολογοῦσιν
789 2742 934 2802 αὐτήν.
995 2745 1059 2786 Ac
1088 2755 1223 2799 posse
1251 2745 1435 2798 quidem
1467 2745 1522 2786 de
1552 2745 1806 2787 scarabaeis
1837 2747 2039 2801 cogitari,

2 2819 4 2822 ’
65 2816 144 2858 sed
174 2815 453 2870 probabilius
483 2817 619 2859 etiam
651 2827 749 2859 esse
779 2817 968 2859 laminas
990 2829 1149 2860 aureas
1171 2829 1277 2860 cum
1305 2818 1678 2870 inscriptionibus
1710 2818 1947 2872 designari,
1979 2820 2040 2860 ita

4 2877 5 2893 ¹
67 2887 302 2930 adornatas
351 2889 471 2931 circa
514 2889 643 2931 basin
687 2889 1056 2944 quadrangulam,
1107 2892 1160 2931 ut
1203 2889 1318 2932 infra
1364 2891 1561 2943 singulas
1608 2888 1819 2946 βασιλείας
1865 2891 2039 2944 singula

0 2973 10 3007 ι
66 2957 330 3018 φυλακτήρια
367 2963 528 3003 essent.
589 2960 674 3003 Sed
715 2962 800 3003 hae
845 2963 1080 3016 opiniones
1124 2962 1461 3016 redarguuntur
1505 2963 1752 3016 exemplari
1798 2963 2038 3019 demotico,

0 3013 10 3073 l.

0 3081 13 3328 l

2 3330 17 3532 [l

14 3609 17 3634 ἱ
67 3601 270 3661 φθήσεται
304 3608 509 3650 futurum
547 3609 746 3662 primum
786 3614 952 3666 posuit,
997 3612 1043 3654 id
1078 3612 1343 3653 insolentius
1375 3612 1558 3664 quidem
1597 3610 1684 3672 θ’ὲι,
1723 3618 1803 3659 sed
1843 3629 1932 3659 non
1973 3618 2038 3657 in-

8 3750 14 3892 ἒ

65 3032 187 3087 quod
206 3033 354 3085 graeci
373 3033 584 3075 vocabuli
615 3031 886 3091 φυλακτήρια
915 3035 1015 3076 loco
1035 3034 1172 3077 habet
1200 3047 1362 3091 ‘cc-yma
1390 3047 1510 3077 erme
1538 3033 1691 3088 u-ubd,
1724 3035 1750 3075 i.
1775 3046 1811 3076 e.
1834 3036 2038 3092 scirpum

64 3105 108 3144 et
137 3115 362 3158 papyrum
393 3115 448 3146 ex
468 3106 836 3159 interpretatione
866 3106 1011 3148 Hessii
1037 3118 1080 3160 p.
1106 3110 1172 3161 34,
1205 3110 1250 3148 et
1279 3107 1481 3160 adiungit
1510 3107 1794 3148 enuntiatum
1822 3119 1848 3149 a
1870 3108 2039 3152 Graeca

64 3177 269 3218 versione
306 3177 514 3231 alienum,
560 3177 684 3230 quod
721 3179 1000 3220 accuratiora
1042 3179 1097 3220 de
1140 3180 1211 3220 his
1257 3179 1479 3232 symbolis
1525 3179 1801 3220 continuisse
1842 3183 2037 3224 videtur.

66 3246 244 3302 Scirpus
274 3260 383 3291 vero
414 3251 459 3290 et
487 3260 693 3303 papyrus
724 3250 933 3304 symbola
963 3253 1069 3293 sunt
1093 3251 1287 3305 Aegypti
1317 3251 1565 3304 superioris
1594 3253 1639 3291 et
1669 3250 1909 3308 inferioris,
1948 3267 2040 3307 qua

65 3328 168 3360 cum
197 3331 244 3362 re
273 3321 470 3374 perbene
499 3322 712 3363 convenit
742 3323 865 3376 quod
894 3323 1054 3365 deinde
1084 3325 1130 3365 in
1164 3324 1412 3377 exemplari
1443 3324 1611 3364 Graeco
1652 3323 1946 3380 subiungitur
1976 3325 2039 3374 οἷς

66 3386 370 3448 ἐγγραφήσεται
400 3391 463 3435 ὅτι
494 3390 603 3435 ἐστὶν
630 3395 707 3435 τοῦ
737 3391 942 3449 βασιλέως
970 3398 1044 3438 τοῦ
1078 3393 1263 3453 ἐπιφανῆ
1295 3395 1553 3452 ποιήσαντος
1581 3392 1660 3449 τήν
1690 3408 1741 3437 τε
1772 3398 1861 3442 ἄνω
1892 3399 2038 3459 χώραν

65 3459 136 3503 καὶ
153 3462 230 3520 τὴν
257 3461 388 3506 κάτω.
531 3468 609 3506 429
642 3464 841 3507 Verbum
864 3470 1053 3522 certum,
1075 3468 1209 3509 flexio
1235 3467 1547 3509 incertissima.
1595 3465 1735 3514 Posse
1758 3473 1878 3513 enim
1900 3473 2037 3513 etiam

64 3531 289 3591 γράψουσιν
319 3537 392 3579 vel
421 3534 696 3594 ἐγγράψουσιν
726 3537 864 3580 fuisse
883 3541 1006 3582 recte
1026 3540 1294 3581 Letronnius
1315 3542 1488 3593 monet3
1522 3539 1600 3592 qui
1622 3517 1725 3602 ipsse
1746 3546 1869 3599 quod
1891 3543 2039 3603 ἐγγρα-

68 3677 281 3722 auditum.
340 3681 396 3722 At
425 3692 567 3734 aeque
596 3681 793 3735 probum
823 3686 893 3726 est
922 3685 1109 3726 Porsoni
1139 3681 1412 3742 γεγράψεται;
1459 3696 1563 3726 nam
1596 3680 1735 3744 ''quod
1771 3691 2037 3732 Letronnius

1610 3775 1692 3818 44*
