2314 3970
234 236 340 289 384
575 272 580 277 .
877 234 947 275 IV.
994 235 1195 286 Regnum
1227 235 1575 276 Seleucidarum.
2051 237 2211 289 [233—

265 421 345 462 105
525 406 849 457 Σελευκεῦσιν
887 405 990 464 τοῖς
1316 402 1737 477 Ἀν[τι](ο)[χεῦσιν
1775 408 1897 476 τοῖς]

525 489 646 561 πρὸς
687 491 804 560 (τ)ῆι
836 486 1088 561 Ἔρυθρᾶι
1321 489 1444 562 πρὸς
1481 521 1950 532 --------------

527 574 841 646 θοιλοίσσηι46
1310 574 1783 648 Ἀλ[εξοινδρεῦσιν48
1818 580 1939 649 τοῖς]

526 663 853 716 Σελευκεῦσιν
892 663 995 722 τοῖς
1315 694 1949 704 -------------------

522 748 645 820 πρὸς
683 751 775 803 τῶι
814 747 1135 818 (Εὖ)λαίωι47
1317 780 1948 790 -------------------

259 849 339 889 110
523 835 923 905 Σ[ε]λευκ[εῢσι]ν
962 836 1101 905 τ[οῖς]
1319 865 1950 876 -------------------

522 920 679 992 π[ρὸ]ς
717 923 829 991 Tap
864 951 1123 961 --------
1125 922 1141 989 ]
1319 952 1951 962 ...................

231 1122 274 1165 ἐν
305 1123 359 1181 τῇ
385 1120 597 1181 Μεσηνῶν
629 1123 686 1182 γῇ
714 1124 779 1180 τῷ
810 1121 991 1181 Πίγρητι
1023 1125 1062 1176 (1.
1096 1121 1273 1182 Τίγριδι)
1304 1122 1609 1184 περιεχομένη,
1643 1123 1685 1166 ἐν
1716 1115 1748 1184 ᾗ
1781 1124 1967 1183 σχίζεται
1999 1124 2020 1168 ὁ
2054 1122 2216 1183 Πίγρης

228 1193 412 1254 (Τίγρης)
445 1195 650 1252 ποταμός,
682 1195 755 1238 καὶ
787 1194 829 1237 ἐν
852 1195 928 1253 μὲν
950 1195 1002 1254 τῇ
1032 1194 1143 1253 δεξιᾷ
1165 1194 1294 1254 μοίρᾳ
1319 1195 1587 1255 περιέρχεται
1607 1195 1799 1252 ποταμὸς
1821 1193 1998 1251 Σέλλας,
2030 1195 2074 1239 ἐν
2097 1195 2144 1239 δὲ
2164 1196 2219 1257 τῇ

227 1266 424 1326 ἀριστερᾷ
447 1265 608 1326 Πίγρης
632 1265 816 1326 (Τίγρης)
853 1267 1084 1323 ὁμώνυμος
1111 1268 1171 1326 τῷ
1202 1267 1376 1326 μεγάλῳ
1407 1271 1452 1311 et
1486 1282 1513 1311 a
1538 1270 1668 1311 Plinii
1694 1271 1798 1312 loco
1819 1269 1872 1312 N.
1895 1271 1999 1311 hist.
2017 1270 2088 1323 VI,
2115 1273 2216 1312 429:

231 1338 382 1395 Tiyris
414 1363 474 1371 —
508 1338 634 1383 circa
667 1338 924 1395 Apameam
958 1337 1157 1383 Mesenes
1194 1339 1412 1396 oppidwm
1455 1339 1573 1384 citra
1620 1338 1874 1384 Seleuciam
1909 1338 2216 1396 Babyloniam

236 1409 420 1454 CXXV
435 1425 485 1467 p.
516 1409 692 1455 divisus
720 1410 777 1454 in
805 1411 950 1455 alveos
978 1404 1103 1467 duos,
1135 1411 1273 1456 altero
1300 1411 1540 1456 meridiem
1572 1426 1628 1456 ac
1658 1411 1911 1457 Seleuciam
1936 1412 2047 1469 petit
2073 1412 2213 1457 Mese-

226 1496 318 1526 nen
339 1482 634 1538 perfundens,
673 1482 811 1527 altero
841 1483 903 1527 ad
932 1482 1279 1539 septentrionem
1307 1483 1450 1539 flemus
1478 1482 1680 1528 eiusdem
1706 1483 1853 1541 yentis
1883 1488 2001 1541 terqo
2031 1499 2216 1541 campos

234 1552 441 1598 Cauchas
460 1559 593 1611 secat,
613 1556 860 1610 Apameam
879 1557 1094 1610 Mesenes‚
1115 1569 1232 1610 quae
1251 1558 1348 1598 sine
1373 1559 1653 1599 accuratiore
1670 1559 1785 1599 situs
1802 1557 2061 1599 definitione
2078 1560 2216 1600 etiam

229 1627 286 1669 ab
307 1628 546 1670 Ammiano
569 1629 824 1671 Marcellino
846 1629 1117 1683 ΧΧΙΙΙ,6,23
1137 1630 1254 1671 inter
1272 1629 1485 1682 Assyriae
1507 1630 1676 1683 oppida
1695 1631 2024 1683 recenseretur,
2042 1642 2095 1671 eo
2112 1631 2215 1673 loco

228 1701 362 1742 sitam
399 1702 570 1755 statuit,
610 1701 691 1742 ubi
722 1702 866 1754 Tigris
904 1713 994 1743 non
1033 1701 1164 1754 longe
1205 1713 1232 1743 a
1269 1702 1373 1742 sinu
1412 1703 1592 1743 Persico
1631 1702 1678 1743 in
1709 1701 1799 1743 duo
1830 1702 2020 1744 flumina
2050 1701 2217 1744 diffun-

226 1773 372 1826 datur,
405 1773 575 1826 quibus
604 1785 720 1826 quae
749 1774 984 1815 interiecta
1016 1775 1137 1816 esset
1166 1775 1287 1815 terra
1317 1774 1438 1815 circa
1469 1770 1682 1816 Σπασίνου
1711 1772 1898 1831 χάρακα,
1930 1786 2030 1815 eam
2062 1775 2119 1816 ab
2151 1776 2218 1815 in-

227 1844 398 1898 digenis
420 1839 621 1899 Maisya‘n,
654 1858 680 1887 a
702 1846 883 1887 Graecis
912 1841 1120 1902 Μεσηνήν
1144 1846 1414 1899 appellatam
1443 1846 1599 1887 multis
1628 1846 1904 1887 testimoniis
1933 1846 2218 1899 comprobat.

228 1918 295 1959 Ex
325 1917 412 1958 illis
445 1918 623 1959 duabus
650 1918 842 1970 Tigridis
862 1918 1071 1971 partibus
1100 1918 1240 1959 altera
1260 1930 1286 1960 a
1308 1918 1535 1971 Stephano
1569 1914 1747 1973 Σέλλας,
1784 1919 1832 1959 in
1857 1919 1945 1960 hoc
1976 1919 2108 1960 titulo
2141 1914 2219 1959 Σε-

226 1986 343 2036 λείας
383 1991 587 2030 vocatur.
648 1990 1022 2042 Distinguendam
1066 2001 1175 2031 vero
1223 1990 1280 2031 ab
1325 1991 1413 2031 hoc
1458 1990 1627 2043 oppido
1673 1989 1922 2043 Apameam
1970 1991 2217 2032 Sittacenes

227 2061 349 2113 apud
379 2061 573 2102 Plinium
595 2061 666 2115 VI,
691 2065 786 2102 432.
942 2064 994 2102 46
1033 2062 1128 2103 Hoc
1159 2062 1373 2114 ambiguo
1415 2063 1596 2103 nomine
1637 2062 1692 2114 (n.
1718 2061 1809 2103 696.
1834 2062 1956 2113 4864)
1996 2064 2106 2115 quin
2143 2063 2219 2104 hic

227 2134 356 2174 sinus
394 2134 601 2175 Persicus
643 2134 882 2187 indicetur,
922 2145 1015 2175 non
1053 2136 1123 2175 est
1163 2134 1368 2176 dubium.
1429 2134 1542 2175 Urbs
1581 2135 1682 2187 ipsa
1717 2136 1941 2187 quantum
1982 2136 2077 2176 scio
2110 2145 2218 2176 nus-

226 2217 364 2258 quam
404 2208 639 2258 praeterea
689 2208 1093 2247 commemoratur.
1271 2209 1324 2247 47
1363 2206 1428 2247 De
1469 2207 1671 2247 Seleucia
1709 2207 1924 2248 Susianae
1962 2206 2015 2248 cf.
2055 2206 2216 2248 Strabo

2295 1226 2314 1452 -005Rm4ij-4·
2303 1173 2314 1211 -..Ι
2305 1133 2314 1147 A
2304 1103 2314 1124 ,θ
2304 1079 2314 1086 Ι.
2312 1059 2314 1062 .
2307 1015 2310 1024 ,

227 2278 342 2331 XVI,
369 2282 406 2331 4,
429 2282 481 2318 48
515 2289 558 2331 p.
584 2280 665 2318 744
699 2278 796 2319 Cas.
836 2272 976 2335 ᾑρέθη
1009 2276 1056 2319 δὲ
1098 2275 1193 2330 (ὑπὸ
1223 2283 1308 2319 τῶν
1341 2274 1608 2336 Παρθυαίων)
1639 2277 1714 2319 ’καὶ
1750 2277 1856 2333 πρὸς
1892 2278 1954 2334 τῷ
1977 2273 2220 2334 Ὴὸυφῶντι
2310 2248 2314 2275 Ἰ

225 2349 406 2407 ποταμῷ
428 2346 673 2403 Σελεύκεια,
710 2347 877 2407 μεγάλη
908 2347 1058 2395 πόλις·
1101 2345 1272 2406 Σολόκη
1307 2343 1336 2390 δ’
1374 2346 1571 2391 ἐκαλεῖτο
1603 2347 1822 2408 πρότερον.
1880 2349 1996 2392 Nam
2027 2350 2219 2392 eandem

226 2421 393 2462 urbem
424 2422 499 2462 hic
530 2423 667 2475 atque
697 2422 789 2463 illic
828 2421 1071 2474 significari
1111 2423 1322 2475 apparet3
1363 2421 1531 2462 etenim
1573 2420 1876 2474 Hedyphonta
1914 2423 1961 2463 in
1999 2422 2220 2463 Eulaeum

226 2495 417 2535 influere
448 2496 627 2536 constat
658 2494 779 2546 (Plin.
809 2494 908 2536 Nat.
938 2495 1042 2535 hist.
1064 2494 1136 2547 VI,
1160 2493 1271 2545 435).
1331 2494 1426 2535 Iam
1458 2495 1497 2534 si
1527 2494 1730 2535 Seleucia
1761 2494 1818 2535 ad
1852 2495 1999 2547 ipsam
2031 2494 2218 2547 quidem

228 2566 375 2618 ripam
409 2566 536 2608 fluvii
567 2567 761 2607 minoris
792 2568 838 2607 et
867 2565 1147 2607 obscurioris
1179 2566 1266 2607 sita
1296 2567 1405 2619 erat,
1436 2577 1584 2619 neque
1608 2577 1719 2607 vero
1751 2567 1912 2619 procul
1943 2566 2000 2607 ab
2031 2577 2086 2607 eo
2117 2567 2218 2608 loco

226 2637 310 2678 ubi
339 2639 381 2679 is
412 2649 518 2679 cum
551 2639 727 2679 maiore
757 2640 802 2679 et
831 2638 951 2680 fama
981 2638 1209 2679 celebrato
1243 2649 1375 2679 amne
1405 2638 1571 2679 Eulaeo
1609 2637 1784 2691 (Strabo
1814 2638 1909 2692 XV,
1934 2643 1971 2691 3,
1997 2640 2019 2678 4
2051 2650 2095 2691 p.
2120 2642 2216 2680 728.

229 2712 282 2749 22
316 2721 359 2762 p.
383 2713 464 2750 735
489 2710 600 2762 Cas.)
634 2710 1008 2763 coniungebatur,
1039 2711 1342 2751 inconstantia
1362 2710 1409 2751 in
1429 2711 1522 2751 situ
1542 2710 1794 2752 definiendo
1816 2722 1910 2751 non
1937 2711 2081 2762 magis
2101 2711 2219 2752 mira
2307 2712 2314 2750 4

229 2783 312 2834 est,
355 2793 494 2834 quam
532 2781 657 2834 quod
694 2782 920 2834 Magnesia
959 2781 1016 2823 ad
1046 2783 1292 2824 Lethaeum
1323 2783 1410 2823 sita
1440 2782 1615 2835 (Strabo
1645 2783 1760 2836 XIV,
1784 2785 1824 2836 4,
1847 2786 1899 2823 39
1932 2794 1976 2836 p.
1999 2784 2079 2822 647
2103 2781 2215 2834 Cas.)
2305 2772 2314 2832 ,¹

227 2853 499 2907 plerumque
530 2851 558 2908 ἡ
591 2851 660 2895 ἐπὶ
689 2849 925 2910 Μαιάνδρῳ
958 2853 1137 2895 dicitur.
1258 2855 1309 2895 48
1348 2854 1413 2894 De
1443 2853 1712 2896 Alexandria
1743 2854 1800 2896 ad
1830 2855 2000 2896 ostium
2024 2854 2217 2907 Tigridis

230 2925 319 2966 dici
349 2937 441 2966 non
470 2924 774 2978 improbabile
805 2927 887 2979 est,
920 2926 1145 2978 siquidem
1178 2937 1338 2967 omnes
1369 2938 1566 2979 quarum
1596 2927 1783 2968 nomina
1814 2927 1888 2967 hic
1918 2928 2113 2967 aetatem
2144 2927 2217 2967 tu·
2302 2899 2306 2983 Ξ

228 2998 378 3038 lerunt
415 2997 555 3039 urbes
593 2998 639 3038 in
681 2998 854 3050 campis
893 2997 949 3038 ad
987 2997 1246 3039 inferiorem
1283 2998 1527 3051 Euphratis
1571 3000 1617 3040 et
1646 2999 1838 3051 Tigridis
1875 3009 2064 3040 cursum
2102 2999 2216 3040 sitae
2302 2990 2305 3006 ²

228 3069 424 3111 fuerunt.
477 3070 538 3111 Cf.
561 3070 669 3112 Plin.
690 3069 789 3112 Nat.
811 3070 915 3112 hist.
937 3070 1008 3123 VI,
1032 3073 1138 3111 438:
1179 3068 1412 3113 conditum
1441 3073 1504 3113 est
1531 3070 1767 3124 (oppidum
1788 3071 1976 3122 Charax)
2002 3067 2216 3126 primum

230 3140 285 3184 ab
315 3139 572 3184 Alexandro
602 3139 772 3196 Magno
809 3139 980 3184 colonis
1020 3153 1071 3184 ex
1107 3139 1217 3184 urbe
1254 3140 1384 3197 reyia
1419 3141 1601 3186 Dwrine
1639 3155 1754 3198 quae
1790 3145 1887 3185 tum
1923 3140 2104 3185 interiit
2141 3141 2214 3184 de-

231 3211 377 3256 ductis
394 3245 403 3256 .
420 3212 624 3257 militwm
645 3211 889 3257 mutilibus
908 3211 979 3256 ibi
994 3211 1165 3256 relictis
1184 3212 1516 3258 Alexandriam
1536 3213 1766 3271 appellari
1781 3213 1992 3268 iusserat,
2015 3226 2214 3269 payum-
2264 3216 2265 3221 ’

232 3298 316 3340 que
344 3283 573 3329 Pellaewm
603 3299 633 3329 a
661 3284 824 3341 patria
851 3298 940 3329 sua
967 3297 1098 3340 quem
1121 3284 1309 3340 proprie
1337 3284 1640 3330 Macedonum
1667 3285 1846 3341 fecerat.
1905 3286 2076 3327 Deinde
2106 3297 2213 3327 sane
2260 3300 2267 3341 J

231 3357 287 3399 ab
318 3358 557 3412 Antiocho,
591 3369 728 3412 quem
758 3360 983 3411 Magnum,
1022 3369 1114 3399 non
1144 3357 1426 3411 Epiphanem
1465 3362 1543 3401 aut
1575 3360 1861 3413 Philopatora
1891 3369 1990 3400 esse
2021 3358 2213 3400 demon-
2259 3363 2263 3382 ³
2294 3413 2297 3420 .

232 3431 374 3472 stravi
403 3442 445 3471 n.
469 3430 585 3485 2344,
617 3431 902 3473 Antiochiam
933 3430 1205 3484 appellatam
1226 3430 1362 3472 refert
1382 3432 1551 3473 Plinius
1583 3432 1724 3484 idem;
1756 3431 1836 3473 sed
1865 3431 1912 3472 id
1941 3432 2050 3483 post
2074 3431 2211 3471 huius

230 3502 351 3543 tituli
382 3503 566 3544 demum
597 3505 780 3557 tempus
810 3503 981 3546 sactum
1012 3502 1207 3556 videtur,
1244 3505 1513 3556 praesertim
1544 3515 1651 3546 eum
1682 3505 1914 3557 postremo
1946 3503 2067 3544 vitae
2098 3503 2212 3543 tem-

231 3585 343 3627 pore
372 3575 646 3618 Antiochum
677 3577 887 3629 Magnum
917 3576 963 3616 in
994 3575 1082 3617 illis
1112 3575 1372 3628 regionibus
1403 3579 1636 3618 versatum
1668 3587 1767 3618 esse
1798 3576 1984 3617 constet.

665 3733 2206 3742 fflm—-ss———q-——m—ffl—-wrff
