2314 3970
208 210 310 256 140
877 208 925 247 ll.
978 207 1175 257 Regnum
1208 206 1487 256 Lagidarum.
2043 208 2167 259 [89—

203 383 384 422 statuat.
444 382 500 421 At
530 382 615 421 hoc
645 375 786 420 ‘unus
825 390 880 419 ex
911 389 1103 419 numero
1146 389 1515 432 oeconomorum,
1554 380 1633 431 qui
1671 381 1776 420 sunt
1806 375 2038 420 Naucrati'
2068 391 2174 422 sane

203 455 379 495 insolite
410 454 581 494 dictum
614 454 693 492 est.
746 451 876 499 Quod
908 453 1064 491 contra
1098 452 1135 491 si
1164 456 1248 491 τῶν
1280 453 1493 491 neutrum
1517 452 1880 504 interpretamur,
1913 452 2023 493 haec
2054 455 2174 493 recte

203 526 415 566 dicuntur
452 526 506 565 de
546 525 811 575 magistratu
852 524 987 575 regio,
1036 524 1165 564 cuius
1206 522 1406 563 officium
1447 523 1503 563 ad
1544 524 1678 564 huius
1720 525 2009 576 potissimum
2051 526 2175 576 regni

203 598 342 649 partis
375 597 545 637 reditus
578 598 622 636 et
652 596 879 648 impensas
902 598 1076 648 spectet
1107 593 1166 646 (ὃς
1194 592 1412 649 οἰκονομεῖ
1440 592 1493 634 τὰ
1522 594 1632 635 κατὰ
1653 591 1922 651 Ναύκρατιν).
1973 597 2036 636 De
2067 597 2174 637 civi-

203 670 306 710 tatis
338 681 447 709 vero
487 670 727 720 quaestore
768 679 1044 720 quemquam
1088 668 1171 708 hac
1209 667 1613 708 circumlocutione
1650 678 1844 708 usurum
1887 667 2025 708 fuisse
2067 669 2174 708 mihi

203 741 384 792 quidem
426 740 689 791 neutiquam
729 739 943 779 credibile
988 741 1067 780 est.
1137 739 1346 779 Ceterum
1387 739 1629 779 Comonem
1669 741 1747 779 aut
1783 739 1958 779 Thebas
2000 741 2177 780 venisse

201 813 355 863 ibique
387 812 482 852 deis
514 810 704 856 συννάοις
733 811 966 851 Ammonis
1008 811 1094 851 hoc
1131 812 1479 850 monumentum
1524 810 1771 862 dedicasse,
1810 813 1888 851 aut
1927 812 2176 851 recentiore

203 885 384 924 demum
432 885 575 924 aetate
620 895 675 923 ex
719 883 956 924 Naucratis
1010 883 1249 924 ruderibus
1297 882 1470 923 Thebas
1523 884 1781 934 pervenisse
1826 883 2024 935 lapidem
2068 883 2177 923 dicit

202 957 420 997 Merriam.
481 956 537 995 At
574 956 660 996 hoc
697 956 882 1008 quidem
915 956 1179 1008 neutiquam
1211 955 1445 1007 probabile
1475 957 1544 995 est
1582 956 1845 1007 praesertim
1879 956 1986 1007 quia
2017 955 2175 995 Como-

202 1040 318 1080 nem,
351 1028 389 1068 si
419 1039 471 1068 eo
503 1028 604 1080 ipso
637 1027 734 1068 loco
767 1039 860 1079 quo
892 1027 1037 1068 officio
1072 1028 1308 1067 oeconomi
1340 1026 1608 1078 fungebatur
1639 1027 1725 1067 hoc
1752 1029 2072 1078 consecrasset,
2103 1027 2178 1067 illa

201 1105 284 1140 τῶν
316 1099 425 1141 κατὰ
446 1095 687 1155 Ναύκρατιν
719 1100 978 1141 additurum
1002 1099 1138 1140 fuisse
1160 1111 1251 1140 non
1273 1100 1446 1151 opinor.
1499 1098 1645 1146 Quare
1667 1099 1776 1151 quin
1798 1098 1963 1139 Thebis
1984 1099 2177 1151 antiqui-

203 1174 276 1212 tus
309 1172 581 1214 constitutus
613 1171 748 1212 fuerit
778 1172 891 1225 lapis
924 1183 1014 1212 non
1046 1174 1115 1212 est
1144 1171 1268 1224 quod
1299 1170 1545 1212 dubitetur.

310 1401 385 1454 90
434 1405 585 1470 Lapis
641 1405 781 1469 niger
836 1405 1059 1468 granites
1117 1419 1269 1469 quem
1327 1404 1499 1453 dicunt
1555 1419 1670 1453 cum
1730 1404 1874 1453 titulo
1935 1404 2173 1469 trilingui,

202 1492 438 1540 Rosettae
477 1488 749 1558 (Raschid)
790 1506 922 1540 anno
954 1490 1088 1540 1799
1129 1506 1159 1539 a
1188 1491 1526 1555 Francogallis
1565 1491 1816 1555 inventuS,
1855 1505 1989 1540 anno
2019 1491 2175 1556 1802,

203 1593 317 1627 cum
362 1578 429 1625 illi
467 1593 530 1627 ex
562 1579 797 1643 Aegypto
837 1578 1080 1628 excedere
1119 1578 1278 1626 coacti
1316 1582 1497 1640 essent,
1548 1577 1612 1625 ab
1650 1577 1820 1640 Anglis
1858 1578 1908 1626 in
1945 1592 2178 1626 museum

201 1665 544 1713 Britannicum
571 1666 751 1730 illatuS,
790 1665 876 1714 ubi
904 1665 1190 1714 etiamnunc
1216 1668 1306 1713 est.
1371 1663 1494 1713 Edd.
1529 1663 1752 1713 Societas
1777 1664 2178 1728 antiquariorum

202 1751 548 1815 LondinensiS,
576 1751 955 1800 Londini4802.
1007 1750 1259 1800 Granville
1278 1751 1432 1813 Penn,
1465 1750 1570 1798 The
1592 1749 1756 1799 Greek
1785 1751 1988 1800 version
2015 1750 2073 1799 of
2091 1750 2179 1798 the

203 1837 380 1886 decrec
400 1838 458 1887 of
481 1837 569 1887 the
590 1839 843 1904 Epyptian
869 1839 1052 1904 priests
1073 1838 1122 1885 in
1142 1837 1309 1886 honor
1336 1837 1395 1886 of
1407 1837 1638 1901 Ptolemy
1657 1836 1744 1886 the
1768 1836 1884 1887 fifth
1905 1837 2179 1886 surnamed

203 1924 507 1989 Epiphanes,
549 1925 760 1974 London
798 1925 948 1973 1802.
1017 1925 1154 1973 Haec
1186 1925 1417 1989 exempla
1451 1925 1734 1988 complures
1771 1923 2004 1972 homines
2042 1923 2178 1972 docti

201 2011 546 2075 repetiverunt
575 2012 756 2060 additis
783 2011 1207 2060 annotationibus
1258 2010 1550 2059 Accuratius
1577 2010 1877 2059 delineatam
1902 2010 2031 2059 tituli
2049 2010 2178 2058 ima-

202 2098 369 2161 ginem
411 2112 525 2146 cum
566 2098 799 2147 versione
844 2098 1216 2162 Francogallica
1253 2097 1482 2146 exhibuit
1518 2097 1577 2144 H.
1607 2097 1660 2145 P.
1690 2096 1953 2145 Ameilhon
1991 2096 2176 2145 Eclair-

203 2183 495 2233 cissements
535 2199 624 2233 sur
649 2181 975 2249 l'inscription
1003 2184 1229 2248 Grecque
1264 2184 1334 2232 du
1358 2186 1655 2232 monument
1689 2184 1870 2232 trouve
1897 2183 1928 2231 a
1952 2183 2174 2248 Rosette,

203 2273 473 2320 contenant
508 2286 577 2319 un
617 2272 784 2320 decret
823 2272 910 2320 des
948 2273 1144 2336 pretres
1172 2271 1233 2319 de
1259 2267 1487 2335 l'Egypte
1527 2285 1589 2318 en
1614 2264 1882 2319 l'honneur
1920 2270 1982 2318 de
2009 2270 2174 2318 Ptole-

201 2358 312 2405 mee
338 2357 615 2423 Epiphane,
643 2359 689 2407 le
714 2358 992 2423 cinquieme
1019 2358 1107 2407 des
1133 2358 1235 2406 rois
1262 2357 1559 2421 Ptolemees,
1600 2357 1741 2404 Paris
1765 2356 1917 2405 1803.
1984 2355 2176 2406 Graeca

202 2444 437 2508 repetivit
485 2448 534 2493 et
571 2445 932 2494 commentario
972 2444 1262 2493 doctissimo
1306 2443 1546 2492 instruxit
1582 2443 1834 2491 Letronne
1882 2443 1947 2491 ad
1986 2443 2174 2491 calcem

200 2531 299 2579 vol.
328 2531 349 2577 I
386 2531 806 2594 Fragmentorum
850 2530 1210 2580 historicorum
1249 2529 1559 2579 Graecorum
1598 2543 1628 2577 a
1667 2527 1718 2578 C.
1754 2531 1804 2578 et
1835 2528 1925 2577 Th.
1955 2529 2173 2578 Miilleris
2258 2568 2261 2571 »
2311 2522 2314 2550 ¹

202 2616 466 2681 editorum,
506 2617 709 2666 Parisiis
740 2617 864 2665 1841
915 2621 964 2666 et
987 2618 1187 2666 Recueil
1214 2613 1588 2682 d'inscriptions
1616 2615 1867 2680 Grecques
1898 2618 1947 2664 et
1971 2615 2173 2665 Latinos
2251 2649 2254 2651 ‡

203 2703 265 2751 de
288 2700 516 2767 l'Egypte
540 2703 561 2750 I
585 2703 744 2768 ρ.241
782 2704 991 2753 n.XXV.
1057 2702 1112 2768 (J.
1142 2703 1305 2752 Franz
1345 2703 1394 2752 C.
1423 2704 1459 2751 I.
1490 2702 1544 2769 G:
1576 2699 1732 2751 4697.
1794 2703 1836 2750 J.
1865 2702 1919 2750 P.
1950 2701 2173 2766 Mahaffy

203 2788 308 2837 The
347 2789 536 2853 empire
563 2789 621 2838 of
639 2789 725 2838 the
750 2790 1016 2838 Ptolemies
1054 2805 1104 2854 p.
1130 2789 1230 2837 316
1253 2804 1362 2853 sqq.
1428 2790 1490 2837 M.
1519 2789 1571 2836 L.
1597 2788 1778 2837 Strack
1815 2788 1905 2836 Die
1931 2788 2174 2852 Dynastie

203 2875 292 2924 der
338 2875 622 2924 Ptolemaer
664 2890 714 2939 p.
745 2875 846 2925 240
899 2890 946 2924 n.
978 2874 1078 2939 69).
1151 2874 1542 2939 Hieroglyphica
1589 2874 1664 2922 ed.
1714 2874 1774 2922 H.
1804 2872 2048 2938 Brugsch,
2096 2874 2173 2922 in·
2302 2918 2303 2922 ,

202 2962 407 3027 scriptio
445 2962 721 3011 Rosettana
757 2960 1152 3026 hieroglyphica,
1192 2961 1321 3010 Berl.
1355 2960 1509 3025 1851,
1551 2960 1799 3009 demotica
1836 2961 1888 3008 E.
1919 2960 2172 3009 Revillout
2253 2995 2259 2997 -

203 3047 604 3098 Chrestomathie
651 3048 937 3112 demotique
974 3048 995 3095 Ι
1038 3064 1087 3112 p.
1130 3044 1229 3095 177
1251 3062 1359 3112 sqq.
1415 3051 1464 3096 et
1506 3047 1547 3095 J.
1583 3047 1625 3095 J.
1664 3046 1808 3110 Hess,
1860 3046 1959 3094 Der
1997 3047 2171 3096 demo-
2300 3051 2303 3058 ’

201 3135 361 3184 tische
399 3135 500 3184 Teil
537 3135 626 3184 der
662 3133 1072 3199 dreisprachigen
1109 3132 1347 3182 Inschriit
1384 3147 1487 3182 von
1514 3133 1736 3198 Rosette,
1774 3132 2030 3182 iihersetzt
2064 3133 2169 3181 und

204 3221 404 3271 erklart.
470 3221 701 3285 Friburgi
738 3221 1080 3270 Helvetiorum
1120 3220 1271 3268 1902.
1338 3218 1410 3268 Cf.
1451 3234 1580 3284 quae
1626 3219 1688 3268 de
1731 3219 1875 3268 titulo
1914 3233 2169 3268 commen-

202 3308 296 3355 tati
342 3310 460 3356 sunt
496 3308 733 3356 Villoison
772 3307 994 3372 Magasin
1039 3306 1293 3370 encyclop.
1324 3305 1446 3354 VIII.
1487 3306 1540 3353 T.
1577 3305 1641 3355 vl
1677 3321 1726 3371 p.
1769 3302 1850 3352 70.
1910 3304 1991 3352 ΙΧ.
2034 3305 2087 3352 Τ.
2125 3305 2169 3352 Π

203 3408 253 3456 p.
287 3389 402 3441 174.
439 3393 556 3442 214.
594 3393 694 3440 313
718 3409 826 3458 sqq.
889 3393 968 3441 W.
998 3392 1260 3441 Drumann
1300 3389 1665 3440 Commentatio
1709 3391 1761 3439 in
1808 3389 2056 3455 quosdam
2094 3391 2168 3437 in-

206 3478 489 3542 scriptionis
514 3494 674 3545 prope
699 3480 960 3528 Rosettam
986 3479 1220 3527 inventae
1243 3478 1398 3543 locOS,
1425 3477 1811 3541 Regiomontani
1834 3476 1986 3525 1822.
2028 3476 2165 3525 Idem

207 3564 883 3630 Historisch-antiquarische
925 3563 1376 3628 Untersuchungen
1427 3564 1555 3612 iiber
1601 3564 1862 3628 Aegypten
1914 3563 2037 3611 oder
2087 3562 2167 3611 die

205 3650 443 3701 Inschrift
465 3665 567 3700 von
593 3653 813 3717 Rosette,
854 3651 1166 3716 Konigsberg
1195 3650 1347 3716 1823,
1385 3650 1471 3699 ubi
1497 3665 1759 3699 recensum
1787 3649 2011 3699 omnium
2038 3662 2165 3714 quae
