2314 3970
266 260 370 311 374
908 257 977 296 IV.
1023 257 1224 308 Regnum
1257 256 1605 298 Seieuoidarum.
2144 258 2241 310 [229

307 434 372 482 III
538 422 748 486 ’Έδοξεν
787 430 879 479 τῶι
926 428 1106 496 δήμωι,
1158 430 1443 497 στρατηγῶν
1481 427 1679 498 γνώμη·
1729 428 1901 499 ἐπειδὴ
1950 431 2173 498 προνοῶν
2215 430 2240 480 ὁ
2310 447 2314 486 ῑ

411 517 566 583 δῆμος
606 512 728 584 ὑπὲρ
770 511 998 566 ἁπάντων
1049 516 1144 566 τῶν
1183 517 1270 566 τοῦ
1309 513 1554 584 βασιλέως
1593 513 1841 568 Σελεύκου
1890 516 2241 585 συμφερόντων

325 615 378 655 90
410 600 620 653 διετέλει
656 597 742 652 καὶ
778 600 1016 670 πρότερον
1042 601 1131 668 τήν
1157 618 1211 651 τε
1238 599 1495 669 βασιλείαν
1533 597 1549 670 ΙΙ
1588 600 1739 653 αὐτοῦ
1777 601 2028 660 συναύξων
2057 598 2142 653 καὶ
2178 597 2243 652 τὰ
2310 642 2314 670 ,

407 684 678 758 πράγματα
716 687 966 756 διατηρῶν
1005 681 1124 738 καθ’
1157 687 1273 738 ὅσον
1311 685 1372 756 ἧν
1413 687 1636 754 δυνατός,
1689 685 1775 739 καὶ
1818 684 1983 739 πολλὰ
2033 686 2119 756 μὲν
2158 708 2246 739 πε-
2308 674 2314 734 Ι

410 773 590 843 ριεῖδεν
631 772 954 842 ἀπολλύμενα
991 770 1077 824 καὶ
1114 773 1558 844 καταφθειρόμενα
1595 774 1692 826 τῶν
1721 762 2073 845 ὑπαρχόντων,
2126 775 2247 825 πολ-
2304 770 2308 774 ’

406 857 523 918 λοὺς
562 857 617 911 δὲ
657 858 952 929 ὑπέμειν[εν]
982 857 987 929 Ι
1016 858 1272 917 κινδύνους
1311 859 1475 912 ἕνεκεν
1510 861 1597 912 τοῦ
1624 861 1929 931 διατηρῆσαι
1956 859 2044 930 τὴν
2073 859 2243 930 φιλίαν

407 945 496 1016 τὴν
534 943 656 1016 πρὸς
694 943 776 998 τὸν
816 945 1029 1016 βασιλέα
1068 944 1328 1012 Σέλευκον,
1379 944 1466 998 καὶ
1510 948 1595 998 νῦν
1636 946 2052 1015 φιλοτιμούμενος
2091 945 2249 998 αὐτῶι

409 1033 804 1103 συνδιατηρῆσαι
840 1029 926 1083 καὶ
965 1030 1189 1102 συνέχειν
1217 1027 1281 1084 τὰ
1316 1029 1586 1102 πράγματα
1622 1027 1740 1084 καθ’
1774 1033 1890 1084 ὅσον
1934 1031 1939 1102 Ι
1980 1032 2247 1102 ἐνδεχόμε-

407 1119 490 1171 νόν
531 1120 678 1187 ἐστιν,
727 1118 815 1188 τήν
855 1138 908 1170 τε
944 1116 1068 1188 πρὸς
1105 1116 1219 1177 τοὺς
1264 1118 1329 1186 ἐμ
1368 1115 1664 1188 Μαγνησίαι
1707 1116 1966 1177 κατοίκους
2011 1116 2098 1170 καὶ
2134 1115 2248 1176 τοὺς

410 1203 685 1276 ὑπαίθρους
739 1204 900 1263 ἱππεῖς
937 1203 1024 1256 καὶ
1060 1202 1175 1263 τοὺς
1211 1202 1394 1263 πεζοὺς
1433 1204 1739 1275 στρατιώτας
1789 1203 1876 1256 καὶ
1912 1202 2027 1263 τοὺς
2066 1202 2249 1262 ἄλλους

407 1290 524 1350 τοὺς
561 1291 818 1350 οἰκοῦντας
856 1291 920 1359 ἐμ
958 1288 1324 1361 ΜαΙγνησίαυ*8
1362 1291 1673 1344 συντέθειται
1710 1290 1900 1361 φιλίαν,
1948 1287 2032 1343 ἵνα
2070 1292 2252 1360 διαφυ-

408 1375 658 1430 λάσσωσιν
708 1376 797 1448 τὴν
849 1377 1139 1447 συμμαχίαν
1190 1377 1275 1429 καὶ
1322 1377 1410 1448 τὴν
1451 1375 1647 1430 εὔνοιαν
1694 1379 1788 1430 τῶι
1831 1377 2030 1448 βασιλεῖ
2066 1375 2251 1429 Σελεύ-

407 1480 529 1516 κωι·
577 1462 823 1532 νομίζω[ν]
864 1462 919 1515 δὲ
959 1462 1268 1533 [ἀ]ναγκαῖον
1319 1461 1451 1516 εἶναι
1486 1468 1571 1533 τῆι
1613 1464 1760 1516 πόλει
1804 1463 2117 1534 παραλαβεῖν
2163 1461 2250 1514 καὶ

408 1548 461 1602 τὸ
506 1548 512 1620 Ι
552 1548 737 1621 χωρίον
765 1547 1396 1620 Παλαιμαγνησίαν49καὶ
1431 1550 1743 1619 ποιήσασθαι
1780 1549 1869 1620 τὴν
1909 1547 2137 1620 φυλακὴν
2180 1545 2242 1600 δι’

411 1636 581 1705 αὐτοῦ,
618 1633 703 1688 ἵνα
740 1634 828 1688 καὶ
864 1634 1041 1688 τούτου
1077 1635 1499 1706 παραληφθέντος
1540 1634 1632 1688 ὑπὸ
1671 1639 1760 1705 τῆς
1795 1636 1990 1694 πόλεως
2029 1634 2253 1705 ἀσφαλέ-

320 1736 372 1777 95
407 1741 577 1794 στερον
625 1721 860 1791 διαμένηι
906 1719 1070 1775 πάντα
1113 1720 1178 1773 τὰ
1227 1721 1496 1792 σύνεγγυ[ς]
1533 1719 1550 1791 ΙΙ
1585 1719 1862 1792 πράγματα
1905 1724 1999 1774 τῶι
2054 1720 2252 1792 βασιλεῖ

410 1808 678 1876 Σελεύκωι,
727 1808 1062 1878 διεπέμψαντο
1100 1805 1224 1878 πρὸς
1266 1805 1380 1867 τοὺς
1418 1808 1675 1867 οἰκοῦντας
1714 1809 1765 1861 ἐν
1803 1810 1896 1860 τῶι
1930 1807 2129 1878 χωρίωι
2164 1805 2251 1859 καὶ
2312 1872 2314 1882 Α

409 1893 758 1966 παρεκάλεσαν
800 1892 980 1953 αὐτοὺς
1020 1894 1278 1965 αἱρεῖσθαι
1314 1894 1403 1965 τὴν
1443 1894 1614 1966 φιλίαν
1653 1894 1742 1965 τὴν
1767 1892 1890 1966 πρὸς
1926 1892 2010 1946 τὸν
2039 1893 2250 1965 βασιλέα

413 1981 657 2034 Σέλευκον
701 1978 706 2051 Ι
747 1979 833 2032 καὶ
870 1982 1187 2051 παραδοῦναι
1222 1976 1313 2040 τὰς
1350 1981 1554 2040 κλεῖδας
1579 1983 1673 2033 τῶι
1709 1979 1973 2052 ὂίρχοντιῧ0
1996 1982 2089 2033 τῶι
2127 1980 2252 2032 ἀπο-

413 2067 640 2120 σταλέντι
678 2064 770 2118 ὑπὸ
809 2069 896 2119 τοῦ
935 2067 1097 2137 δήμου
1135 2065 1222 2119 καὶ
1257 2066 1712 2137 πα[ρ]αδέξ[α]σθαι
1749 2066 1979 2137 φυλακὴν
2013 2065 2102 2137 τὴν
2138 2085 2252 2118 συν-

414 2154 814 2224 διατηρήσουσαν
868 2148 975 2222 μετ’
1018 2152 1179 2206 αὐτῶν
1230 2151 1283 2205 τὸ
1330 2152 1517 2223 χωρίον
1555 2156 1648 2205 τῶι
1692 2153 1890 2223 βασιλεῖ
1930 2151 1937 2223 Ι
1977 2152 2247 2220 Σελεύκωι,

412 2239 841 2310 ἐπαγγελλόμενος
878 2241 1036 2291 ταῦτα
1072 2236 1390 2308 ποιησάντων
1423 2239 1584 2292 αὐτῶν
1625 2236 1861 2310 ὑπάρξειν
1903 2238 2071 2298 αὐτοῖς
2108 2233 2248 2309 παρὰ

410 2331 500 2396 τῆς
543 2326 738 2385 πόλεως
782 2323 949 2378 πάντα
995 2322 1059 2377 τὰ
1107 2323 1442 2396 φιλάνθρωπα
1486 2323 1573 2378 καὶ
1619 2327 1788 2384 καλῶς
1843 2317 2040 2396 ἔχοντα,
2101 2326 2148 2377 οἱ
2196 2322 2252 2376 δὲ

412 2413 661 2471 οἰκοῦντες
708 2414 758 2465 ἐν
806 2413 899 2465 τῶι
940 2412 945 2482 Ι
985 2413 1184 2483 χωρίωι
1229 2413 1460 2482 ἑλόμενοι
1508 2411 1610 2483 τὴμ
1653 2411 1826 2483 φιλίαν
1875 2411 1963 2482 τὴν
2009 2409 2130 2482 πρὸς
2168 2408 2259 2463 τὸν

416 2499 629 2570 βασιλέα
650 2497 895 2551 Σέλευκον
925 2494 1050 2568 μετὰ
1076 2496 1246 2569 πάσης
1270 2497 1550 2569 προθυμίας
1575 2498 1933 2568 προσεδέξαντο
1958 2494 2253 2567 τάξιούμενα
2313 2535 2314 2538 =

415 2584 508 2637 ὑπὸ
547 2588 634 2637 τοῦ
663 2586 826 2655 δήμου
853 2584 939 2637 καὶ
964 2583 1058 2646 τάς
1083 2605 1137 2638 τε
1174 2586 1378 2645 κλεῖδας
1403 2585 1860 2656 παραδεδώκασι[ν]
1891 2584 1896 2654 Ι
1925 2587 2017 2636 τῶι
2043 2582 2254 2655 ἄρχοντι

412 2674 505 2724 τῶι
543 2671 924 2740 ἀπεσταλμένωι
970 2668 1064 2725 ὑπὸ
1102 2675 1190 2724 τοῦ
1230 2673 1392 2742 δήμου
1442 2669 1529 2724 καὶ
1573 2670 1662 2742 τὴν
1714 2669 1942 2742 φυλακὴν
1981 2669 2070 2741 τὴν
2108 2665 2250 2740 παρὰ
2286 2723 2287 2726 ,

412 2762 500 2827 τῆς
537 2758 732 2816 πόλεως
769 2758 1102 2828 παρεδέξαντο
1141 2758 1212 2818 εἰς
1237 2757 1292 2810 τὸ
1318 2758 1522 2829 χωρίον,
1567 2757 1763 2828 ἀγαθῆι
1797 2757 1964 2828 τύχηι,
2005 2756 2230 2827 δεδόχθα

304 2858 384 2899 100
415 2844 622 2903 πολίτας
659 2863 713 2895 τε
753 2842 932 2903 αὐτοὺς
959 2843 1127 2913 εἷν[αι]
1164 2843 1180 2914 ΙΙ
1214 2843 1300 2897 καὶ
1327 2842 1572 2916 ὑπάρχειν
1602 2844 1768 2903 αὐτοῖς
1793 2840 1857 2895 τὰ
1887 2839 2016 2896 αὐτοὶ
2043 2845 2140 2896 ὅσα
2165 2847 2254 2910 καῖ

414 2931 516 2989 τοῖς
556 2928 728 2989 ἄλλοις
764 2930 989 2990 πολίταις
1029 2928 1262 3002 ὑπάρχει,
1311 2929 1397 2983 καὶ
1433 2930 1548 2990 τούς
1585 2951 1639 2983 τε
1682 2931 1898 3001 κλήρους
1937 2929 2098 2982 αὐτῶν
2136 2926 2222 2980 τοὺ

418 3017 507 3070 δύο
545 3019 599 3070 ὅν
637 3037 691 3069 τε
730 3018 755 3068 ὁ
783 3015 900 3076 θεὸς
934 3015 1019 3069 καὶ
1047 3016 1212 3087 σωτὴρ
1236 3013 1484 3088 Ἀντίοχος
1498 3019 1541 3053 51
1568 3016 1888 3087 ἐπεχώρησεν
1901 3017 1946 3051 ⁵2
1972 3014 2139 3074 αὐτοῖς
2164 3034 2230 3066 κα
2284 3037 2286 3041 ’

388 3222 441 3261 48
481 3219 542 3260 Cf.
574 3221 667 3261 not.
688 3222 758 3260 43.
907 3222 957 3261 49
998 3219 1374 3272 Distinguendum
1405 3221 1495 3261 hoo
1525 3219 1762 3261 castellum
1800 3219 1846 3259 in
1876 3217 2041 3259 finibus
2072 3217 2228 3269 Magne
2282 3215 2293 3245 '¹

272 3294 373 3333 tum
404 3291 724 3345 Sipylenorum
765 3292 903 3333 situm
936 3291 992 3332 ab
1022 3292 1121 3344 ipsa
1161 3292 1275 3333 urbe
1305 3293 1544 3345 Magnesia.
1589 3293 1635 3332 Β.
1813 3294 1862 3332 50
1907 3289 2137 3331 Manifesto
2176 3288 2223 3328 hi
2287 3289 2291 3308 ¹

273 3375 458 3416 quoque
498 3363 776 3417 praefectum
814 3364 1055 3405 militarem
1097 3364 1203 3415 (not.
1227 3364 1293 3416 29)
1335 3364 1556 3417 significat
1595 3362 1885 3405 vocabulum.
2071 3364 2115 3401 5⁴
2162 3360 2230 3401 An

276 3577 439 3619 divinis
470 3578 720 3620 honoribus
753 3579 900 3620 affecti
941 3582 1091 3620 essent
1130 3578 1198 3631 (of.
1229 3591 1271 3620 n.
1296 3582 1392 3621 245.
1416 3580 1528 3632 246),
1570 3579 1678 3620 nihil
1708 3577 1913 3631 probare,
1957 3574 2100 3633 σωτήρ
2139 3586 2194 3616 ve
2242 3620 2245 3622 ,

275 3650 528 3691 certissima
557 3652 729 3692 ratione
751 3651 807 3692 ad
836 3651 963 3692 illum
986 3651 1153 3692 referri.
1204 3651 1245 3692 Is
1267 3651 1403 3703 igitur
1425 3651 1648 3693 coloniam
1672 3650 1911 3691 militarem
1935 3645 2253 3698 Palaemagnek‘
2279 3698 2281 3705 Α

277 3721 368 3762 siae
400 3721 611 3762 condidit.
760 3725 811 3763 52
851 3722 910 3763 Cf.
943 3734 985 3763 n.
1011 3721 1146 3763 22414.
2236 3731 2238 3734 ·
2278 3724 2279 3730 ’
