2314 3970
121 209 136 244 4
154 206 222 257 99]
750 204 1093 243 Monumentum
1123 202 1428 244 Adulitanum.
2000 205 2103 254 297

118 380 397 423 rarissimam
428 378 584 420 tollere
622 378 833 419 restituta
864 377 1039 430 volgari
1070 389 1184 419 voce
1220 377 1389 419 Graeca
1428 380 1588 436 χρυσοῦ
1628 378 1701 419 vel
1731 377 1932 430 qualibet
1963 378 2048 419 alia
2079 391 2104 420 a

117 454 241 494 recta
262 452 372 493 artis
393 451 576 492 criticae
595 451 670 491 via
691 461 743 491 ac
766 450 942 491 ratione
963 450 1290 492 alienissimum
1312 452 1392 492 est.
1538 455 1589 492 69
1633 451 1704 492 Sic
1733 451 1762 491 F
1771 463 1782 503 3
1815 451 1935 492 idem
1963 451 2105 493 fuisse

118 526 163 566 in
193 525 252 577 R,
292 524 372 564 sed
402 523 448 563 in
482 520 753 578 ἐποιησάμην
788 524 1029 576 mutatum,
1069 524 1200 564 cuius
1232 524 1324 563 tres
1355 525 1614 575 postremae
1644 524 1819 565 litterae
1849 535 1970 564 nunc
2001 535 2104 565 eva-

117 597 310 649 nuerint,
341 594 478 636 refert
507 594 718 647 Lagarde.
871 599 920 634 70
962 590 1126 636 Ἀδουλι
1156 595 1191 635 R
1224 607 1249 635 a
1279 596 1427 647 prima
1458 607 1607 648 manu,
1646 591 1822 653 Ἀδουλη
1853 596 1973 637 idem
2006 607 2105 638 cor-

117 671 282 721 rectus,
322 662 521 722 Ἀδούλην
563 667 613 707 F.
672 667 787 707 Illud
819 667 1088 719 Lagardium
1130 668 1314 707 secutus
1358 668 1566 720 praetuli,
1612 669 1719 720 quia
1756 669 1801 709 in
1843 669 1930 710 hoc
1973 670 2105 710 titulo

116 741 286 782 multae
333 741 437 781 sunt
482 739 722 780 nominum
769 739 941 780 formae
987 738 1208 779 barbarae
1254 738 1606 792 indeclinabiles,
1662 752 1775 792 quas
1822 741 1867 782 in
1914 741 2104 783 Graecas

115 813 334 854 flexiones
366 813 564 852 mutatas
595 822 695 852 esse
727 823 753 852 a
783 811 979 852 librariis
1010 810 1249 863 probabile
1280 813 1361 863 est,
1392 812 1492 851 vice
1523 822 1655 852 versa
1686 824 1775 854 non
1807 814 1929 854 item.
1979 814 2106 855 Adde

116 885 243 938 quod
273 885 409 925 etiam
442 884 639 925 Graecus
673 884 869 936 scriptor
910 883 1115 923 omnium
1157 883 1236 935 qui
1277 883 1432 935 oppidi
1473 884 1750 924 mentionem
1788 885 1952 927 faciant
1992 888 2105 927 anti-

115 958 364 1010 quissimus
404 957 616 1009 idemque
654 957 763 996 huic
801 955 935 996 titulo
982 957 1189 1007 tempore
1230 966 1404 1008 suppar
1450 956 1567 996 hanc
1611 956 1802 998 formam
1847 958 2002 1010 habet;
2051 959 2103 1000 cf.

115 1030 274 1083 Peripl.
298 1030 437 1071 maris
468 1029 708 1082 Erythraei
743 1031 764 1069 4
798 1039 840 1081 p.
865 1031 961 1080 259,
986 1031 1029 1067 6:
1079 1025 1187 1081 μετὰ
1228 1026 1276 1068 δὲ
1304 1026 1382 1084 τὴν
1415 1024 1691 1082 Πτολεμαΐδα
1726 1028 1803 1085 τὴν
1834 1035 1917 1071 τῶν
1958 1028 2104 1089 θηρῶν

113 1100 197 1144 ἀπὸ
233 1099 411 1143 σταδίων
445 1101 504 1148 ὡς
534 1099 779 1159 τρισχιλίων
812 1097 1015 1155 ἐμπόριόν
1047 1097 1135 1140 ἐστι
1163 1098 1345 1155 νόμιμον
1376 1097 1406 1155 ἡ
1438 1094 1614 1154 Ἀδουλί,
1654 1098 1847 1156 ’κείμενον
1880 1100 1923 1143 ἐν
1954 1102 2104 1159 κόλπῳ

114 1171 240 1230 βαθεῖ
276 1168 365 1215 κατ’
398 1171 523 1216 αὐτὸν
560 1172 634 1215 τὸν
675 1171 810 1226 νότον,
851 1169 899 1213 οὗ
938 1170 1159 1227 πρόκειται
1194 1175 1325 1227 νῆσος
1362 1166 1535 1230 Ὀρεινὴ
1574 1171 1799 1231 λεγομένη.
1851 1186 1894 1227 p.
1928 1178 2025 1229 260,
2058 1179 2103 1218 7:

47 1255 51 1260 '
113 1244 184 1288 mi
217 1240 308 1288 κατ’
331 1245 462 1301 αὐτὴν
492 1244 569 1302 τὴν
602 1243 645 1287 ἐν
676 1239 918 1303 τῇὈρεινῇ
945 1241 1123 1299 ἤπειρον
1156 1240 1240 1284 ἀπὸ
1275 1242 1455 1286 σταδίων
1486 1242 1623 1287 εἴκοσι
1651 1249 1730 1302 τῆς
1752 1243 1973 1303 θαλάσσης
1995 1246 2105 1290 ἐστὶν

111 1316 140 1374 ἡ
171 1313 346 1372 Ἀδουλί,
386 1318 516 1374 κώμη
549 1315 801 1374 σύμμετρος.
849 1329 892 1358 V.
918 1319 968 1357 ⁴4
1009 1313 1176 1359 ἐκεῖθεν
1209 1314 1256 1358 δὲ
1294 1314 1353 1363 εἰς
1384 1311 1557 1359 Ἀδουλί.
1606 1329 1642 1359 c.
1668 1321 1719 1358 22
1753 1330 1795 1371 p.
1819 1322 1917 1373 275,
1943 1324 1994 1361 42
2034 1320 2106 1362 καὶ

110 1389 164 1434 τὰ
193 1389 277 1433 ἀπὸ
307 1394 388 1447 τῆς
418 1388 549 1446 πέραν
581 1384 745 1431 Ἀδουλὶ
775 1386 1064 1447 προειρημένα
1096 1386 1247 1445 φορτία
1279 1387 1429 1431 πάντα.
1483 1390 1631 1431 Tertio
1654 1391 1837 1432 demum
1869 1403 1913 1445 p.
1938 1393 2038 1434 Chr.
2062 1406 2102 1435 n.

42 1467 44 1470 ’
112 1464 292 1506 saeculo
315 1474 482 1504 nomen
504 1463 672 1504 Graece
695 1462 890 1503 declinat
914 1462 1196 1503 Ptolemaeus
1218 1462 1289 1515 IV,
1304 1466 1342 1516 7,
1357 1466 1381 1502 2
1411 1474 1454 1516 p.
1470 1467 1566 1516 759,
1587 1466 1609 1504 4
1640 1459 1832 1511 Ἄὸουλις
1865 1453 1923 1514 ξζ’
1945 1454 1997 1506 ια’
2017 1455 2104 1523 γο”,

110 1538 312 1589 itemque
351 1536 523 1589 aliquot
564 1535 756 1577 saeculis
794 1537 900 1588 post
941 1536 1188 1588 Procopius
1228 1535 1274 1575 Β.
1305 1536 1424 1576 Pers.
1456 1537 1486 1588 I,
1517 1539 1570 1576 49
1612 1531 1803 1583 Ἄδουλις
1845 1535 1891 1578 δὲ
1921 1535 1950 1592 ἡ
1982 1536 2104 1584 πόλις

51 1659 53 1662 .
111 1607 194 1650 ἀπὸ
226 1610 301 1650 τοῦ
332 1606 506 1663 λιμένος
539 1606 680 1663 μέτρῳ
721 1604 860 1650 εἴκοσι
893 1604 1070 1648 σταδίων
1114 1605 1248 1665 διέχει
1286 1609 1331 1648 et
1362 1608 1513 1660 Steph.
1536 1609 1721 1661 Byzant.
1753 1620 1787 1650 s.
1818 1622 1874 1662 v.‚
1905 1611 1983 1662 qui
2015 1610 2103 1651 for-

44 1683 54 1742 g}
111 1692 235 1722 mam
267 1695 287 1727 ς
318 1680 441 1721 finali
473 1682 702 1721 carentem
734 1681 863 1721 novit
893 1679 1092 1732 quidem,
1125 1679 1205 1720 sed
1227 1691 1398 1720 canona
1420 1680 1660 1721 Herodiani
1692 1683 1876 1723 secutus
1905 1682 2102 1724 damnat.

44 1751 54 1791 Υ.
109 1748 288 1807 Ἀδούλη
320 1754 389 1794 est
419 1752 543 1805 apud
574 1751 801 1805 Cosmam,
834 1763 888 1792 ex
920 1751 1051 1792 cuius
1083 1751 1187 1792 libri
1219 1753 1376 1792 tenore
1398 1752 1442 1793 in
1475 1752 1594 1793 tituli
1615 1753 1757 1794 verba
1785 1754 1937 1794 intulit
1967 1754 2103 1796 libra-

50 1823 53 1830 ‘
110 1826 220 1866 rius.
271 1824 446 1866 Nomen
479 1824 718 1866 manifesto
752 1824 1013 1877 barbarum,
1046 1835 1187 1876 quare
1218 1824 1362 1864 miror
1388 1824 1597 1865 homines
1628 1825 1786 1866 doctos
1819 1827 1936 1867 serio
1966 1839 2102 1879 quae-

113 1909 226 1951 rere,
272 1897 383 1951 quid
430 1897 580 1938 subsit
629 1898 874 1938 narrationi
921 1897 1050 1937 Plinii
1087 1895 1187 1938 Nat.
1223 1897 1327 1937 hist.
1361 1896 1432 1949 VI,
1463 1900 1570 1938 ⁴72:
1611 1895 1830 1952 oppidum
1870 1895 2102 1942 Aduliton.

113 1967 438 2025 Aeyyptiorwn
466 1968 547 2011 hoc
576 1967 698 2011 servi
719 1966 914 2024 profuyi
940 1981 971 2011 a
1000 1966 1204 2011 dommi-s·
1233 1966 1480 2011 condidere.
1544 1969 1687 2017 Quam
1725 1971 1858 2023 plane
1888 1971 2102 2013 ficticiam

51 2027 53 2030 ¹
114 2053 213 2084 esse
243 2054 326 2096 pro
359 2044 481 2083 certo
514 2041 674 2095 habeo,
716 2042 941 2095 siquidem
973 2041 1212 2083 manifesto
1245 2053 1299 2082 ex
1331 2042 1407 2082 illo
1441 2042 1591 2083 studio
1623 2043 1831 2084 barbaris
1864 2045 2102 2087 vocabulis

116 2116 306 2157 Graecas
338 2115 533 2167 origines
560 2114 836 2156 obtrudendi
866 2116 971 2156 nata
1002 2117 1071 2155 est
1082 2127 1092 2166 ;
1126 2115 1293 2155 etenim
1325 2114 1381 2155 de
1411 2130 1437 2156 α
1467 2116 1696 2168 privativo
1728 2118 1774 2158 et
1793 2118 1975 2158 nomine
2008 2117 2103 2159 δοῦ-

114 2185 188 2234 λος
219 2188 434 2240 cogitavit
464 2187 676 2240 quisquis
707 2188 817 2228 haec
847 2189 1138 2228 commentus
1170 2189 1249 2228 est.
1312 2188 1456 2228 Situm
1488 2190 1586 2229 erat
1617 2189 1837 2241 oppidum
1879 2190 1935 2230 ad
1973 2190 2101 2231 littus

115 2262 241 2302 sinus
282 2260 462 2301 Arabici
508 2260 631 2301 haud
675 2260 835 2312 procul
877 2259 933 2300 ab
972 2259 1194 2301 hodierno
1226 2256 1461 2302 Massam.
1514 2261 1646 2308 Quod
1686 2263 1790 2302 ante
1826 2262 2019 2303 Plinium
2059 2265 2104 2303 et

114 2333 340 2386 periplum
374 2333 512 2373 maris
543 2332 783 2385 Erythraei
814 2344 906 2372 non
937 2331 1337 2385 commemoratur,
1369 2332 1474 2372 inde
1505 2344 1594 2373 non
1626 2335 1748 2373 recte
1779 2334 1928 2386 colligi
1959 2335 2103 2375 Ptole-

48 2421 52 2445 :
115 2417 351 2446 maeorum
383 2407 528 2446 aetate
560 2405 744 2446 omnino
775 2405 981 2445 nondum
1013 2404 1151 2445 fuisse
1183 2406 1305 2445 recte
1335 2405 1591 2445 concedunt
1628 2406 1707 2458 qui
1745 2405 1800 2446 de
1837 2407 1928 2447 hoc
1968 2407 2100 2447 titulo

49 2496 51 2527 3
116 2478 338 2519 dixerunt.
391 2477 476 2518 Sed
507 2476 663 2518 eidem·
686 2488 773 2517 non
797 2478 948 2518 minus
972 2478 1094 2517 recte
1115 2479 1277 2528 negant
1307 2478 1397 2518 iam
1429 2479 1528 2518 tum
1551 2479 1758 2530 eporium
1782 2479 1974 2520 alicuius
1996 2491 2101 2519 mo-

50 2595 52 2598 ,
115 2552 254 2592 menti
284 2550 437 2603 fuisse,
471 2550 578 2602 quia
609 2549 737 2590 aliter
759 2550 854 2590 sine
887 2549 1028 2590 dubio
1051 2549 1416 2602 Agatharchides,
1448 2550 1776 2603 Artemidorus,
1809 2551 1969 2592 Strabo
2001 2562 2099 2592 eam

56 2669 60 2675 .
116 2623 520 2664 commemoraturi
552 2621 730 2662 fuerint.
785 2623 928 2662 Immo
960 2633 1050 2662 una
1090 2633 1194 2662 cum
1233 2633 1371 2673 regno
1402 2622 1661 2663 Axomitico
1701 2624 1835 2663 etiam
1880 2624 1968 2664 hoc
2008 2635 2101 2664 em-

116 2697 297 2749 porium
331 2695 564 2736 conditum
596 2696 666 2734 est
696 2705 720 2734 a
751 2705 855 2746 rege
886 2694 1022 2734 huius
1054 2694 1171 2734 tituli
1204 2696 1404 2747 auctore,
1445 2696 1523 2747 qui
1553 2697 1605 2735 ut
1634 2696 1680 2735 in
1713 2696 1835 2736 omni
1868 2696 2102 2737 molimine

58 2779 59 2783 ¹
117 2768 282 2809 multas
316 2768 448 2819 longe
479 2767 659 2818 lateque
690 2768 845 2818 gentes
875 2768 1054 2819 sceptro
1087 2777 1170 2807 suo
1193 2766 1447 2807 subiciendi
1469 2769 1751 2808 mercaturae
1773 2770 1818 2808 et
1838 2769 2102 2809 commercii

117 2843 210 2881 tam
221 2838 465 2894 {terrestris
498 2850 637 2891 quam
667 2839 884 2880 maritimi
908 2840 1152 2892 praecipue
1176 2840 1399 2879 rationem
1423 2839 1583 2880 habuit
1607 2840 1714 2888 (not.
1738 2842 1804 2881 34.
1830 2842 1896 2881 48.
1921 2841 2003 2893 54),
2037 2842 2102 2882 sic

117 2915 338 2966 quantum
371 2913 478 2952 huic
507 2912 661 2964 portui
691 2910 914 2952 tribueret
945 2922 1050 2952 cum
1081 2922 1131 2952 re
1152 2911 1305 2953 divina
1336 2923 1474 2964 quam
1506 2912 1569 2952 ibi
1600 2912 1749 2954 tribus
1781 2912 1876 2953 deis
1908 2914 2100 2954 summis

56 2981 74 3041 ν’,
118 2987 253 3038 atque
283 2985 399 3025 inter
430 2994 508 3024 eos
528 2982 739 3036 Neptuno
770 2985 908 3024 maris
939 2983 1123 3025 domino
1154 2983 1272 3036 fecit,
1302 2986 1401 3025 tum
1433 2984 1523 3024 hoc
1553 2985 1654 3036 ipso
1684 2987 1979 3025 monumento
2011 2985 2102 3025 illic

117 3057 410 3110 potissimum
442 3056 688 3097 constituto
723 3055 950 3096 indicavit.
1005 3056 1060 3096 Et
1091 3057 1257 3098 mansit
1284 3056 1440 3097 Adulis
1475 3058 1733 3110 emporium
1763 3058 1887 3109 regni
1918 3057 2102 3097 Axomi-

60 3163 80 3187 r,
117 3127 380 3183 tarum{per
414 3130 633 3181 quattuor
674 3128 865 3181 saecula,
906 3129 1131 3182 siquidem
1172 3129 1356 3170 Cosmas
1390 3129 1444 3170 de
1484 3140 1566 3170 sua
1608 3131 1753 3170 aetate
1794 3129 1903 3170 dicit
1940 3130 1989 3182 ΙΙ,
2015 3132 2095 3168 440

52 3193 74 3244 ²'1
119 3201 175 3255 (p.
201 3205 273 3242 404
292 3201 341 3255 A,
365 3205 388 3242 8
419 3200 599 3253 Migne):
644 3197 686 3241 ἐν
717 3199 771 3259 τῇ
799 3194 974 3259 Ἀδούλῃ
998 3224 1068 3254 -,
1099 3198 1245 3255 λιμένι
1278 3198 1528 3259 ὑπαρχούσῃ
1558 3203 1632 3242 τοῦ
1664 3195 1901 3255 Ἀξωμιτῶν
1934 3198 2098 3254 ἔθνους,

62 3263 76 3339 ss
119 3271 223 3316 ἔνθα
243 3271 316 3314 καὶ
345 3272 423 3329 τὴν
448 3269 658 3329 ἐμπορίαν
685 3269 936 3328 ποιοῦμεθα,
971 3270 1061 3315 οἷον
1087 3270 1160 3314 ἀπ’
1180 3267 1484 3331 Ἀλεξανδρείας
1511 3271 1584 3314 καὶ
1616 3270 1699 3313 ἀπὸ
1719 3267 1827 3314 Ἐλὰ
1858 3269 2100 3328 ἐμπορευό-

67 3339 74 3378 T'
121 3359 253 3401 μενοι.
301 3345 362 3387 Cf.
385 3346 522 3386 etiam
542 3345 767 3385 Dillmann
789 3356 831 3397 p.
855 3348 935 3386 200
957 3356 1023 3398 sq.
1157 3348 1204 3385 Ἠ
1243 3347 1291 3386 In
1322 3346 1351 3386 F
1382 3346 1530 3385 littera
1562 3347 1602 3386 Ο
1632 3345 1677 3385 in
1699 3355 1858 3385 rasura
1878 3345 2099 3398 rescripta

72 3403 74 3461 ζ
121 3419 200 3459 est.
250 3418 391 3459 Antea
423 3434 457 3459 ω
487 3417 628 3458 fuisse
658 3418 789 3470 putat
807 3417 1005 3470 Lagarde
1026 3430 1118 3458 non
1139 3417 1513 3470 improbabiliter.
1567 3417 1736 3458 Atticos
1769 3427 1875 3457 sane
1905 3415 2096 3470 πλωΐζω,

119 3487 362 3546 πλωΐζομαι
391 3490 630 3544 praeferre,
661 3487 948 3544 {recentiores
978 3501 1088 3531 vero
1128 3492 1322 3542 utraque
1353 3489 1500 3530 forma
1537 3489 1798 3542 promiscue
1834 3489 1902 3529 uti
1941 3489 2099 3530 docuit

57 3572 60 3573 ⁷
122 3561 299 3603 Lobeck
330 3562 386 3603 ad
415 3561 725 3615 Phrynichum
756 3572 799 3614 p.
824 3564 903 3601 6⁴4
923 3573 1020 3615 sqq.
1196 3565 1247 3601 72
1287 3562 1358 3601 Sic
1389 3562 1437 3613 F,
1478 3562 1547 3601 ΕΦ
1587 3561 1640 3601 R.
1831 3563 1882 3601 73
1925 3562 2096 3602 Solium

122 3634 268 3684 regiae
297 3634 546 3676 maiestatis
577 3634 778 3685 regiique
808 3634 986 3686 imperii
1019 3635 1212 3686 signum.
1275 3633 1421 3681 Quare
1453 3635 1555 3673 ante
1593 3632 1701 3673 illud
1743 3633 1877 3674 etiam
1911 3633 2101 3674 Cosmae

38 3693 61 3742 ἴ,
123 3707 266 3747 aetate
298 3707 519 3760 supplicia
550 3706 605 3747 de
642 3705 951 3748 condemnatis
982 3706 1292 3747 sumebantur.
1353 3705 1413 3747 Cf.
1442 3705 1627 3746 Cosmas
1651 3706 1686 3745 II
1711 3707 1790 3745 ⁴40
1826 3705 1881 3758 (p.
1906 3706 2045 3758 40813,
2071 3709 2092 3745 3
