2314 3970
99 231 168 284 90]
579 227 820 269 Ptolemaei
843 227 879 266 V
913 227 1261 267 monumentum
1293 225 1598 266 Rosettanum.
1967 222 2068 271 155

101 295 2069 314 -------——--——-——--——-———-——-———

151 416 205 457 20
237 421 352 473 τρια
387 399 403 472 ΙΙ
440 398 796 471 φρονησάντων
836 400 886 452 ἐν
925 399 1027 458 τοῖς
1063 395 1191 451 κατὰ
1231 398 1319 469 τὴν
1346 396 1573 468 ταραχὴν
1607 396 1802 466 καιροῖς
1817 396 1861 430 69
1897 395 2074 446 κατελ-

239 489 422 547 θόντας
462 487 624 556 μένειν
664 485 744 539 ἐπὶ
781 490 877 540 τῶν
920 485 1053 539 ἰδίων
1099 487 1346 555 κτήσεων·
1394 483 1679 555 προενοήθη
1721 481 1775 534 δὲ
1814 481 1899 534 καὶ
1938 483 2072 540 ὅπως

238 575 636 634 ἐξαποσταλῶσιν
686 572 920 643 δυνάμεις
974 571 1170 626 ἱππικαί
1213 592 1266 623 τε
1310 569 1396 623 καὶ
1444 567 1642 629 πεζικαὶ
1697 567 1782 622 καὶ
1829 573 1946 637 νῆες
1991 565 2072 619 ἐπὶ

238 660 351 721 τοὺς
400 661 700 720 ἐπελθόντας
748 660 754 730 Ι
796 657 875 713 ἐπὶ
918 659 1006 730 τὴν
1051 656 1299 728 Αἴγυπτον
1315 660 1358 693 ⁷0
1404 655 1534 709 κατά
1577 677 1630 709 τε
1674 656 1762 727 τὴν
1809 653 2071 708 θάλασσαν

238 746 323 801 καὶ
361 746 449 818 τὴν
488 747 713 818 ἤπειρον,
756 747 1024 817 ὑπομείνας
1065 742 1292 803 δαπάνας
1338 741 1612 815 ἀργυρικάς
1651 763 1703 795 τε
1747 742 1833 795 καὶ
1880 737 2073 800 σιτικὰς

242 832 480 905 μεγάλας,
521 835 654 893 ὅπως
692 832 754 885 τά
792 829 843 885 θ’
878 829 990 904 ἱερὰ
1030 830 1115 884 καὶ
1142 832 1187 883 οἱ
1215 831 1265 883 ἐν
1295 831 1444 899 αὐτῆι
1468 828 1687 899 πάντ[ε]ς
1717 832 1768 882 ἐν
1798 829 2074 900 άσφαλείαι

238 922 381 974 ὦσιν”
420 919 831 991 παραγινόμεΙνος
870 919 926 972 δὲ
963 915 1047 972 καὶ
1085 920 1157 978 εἰς
1183 917 1359 972 Λύκων
1387 917 1589 969 πόλιν71
1626 916 1713 986 τὴν
1748 917 1799 970 ἐν
1826 919 1917 969 τῶι
1942 913 2075 969 Βου-

96 1171 298 1223 Aegypto
336 1169 606 1210 collocatum
647 1164 733 1220 (τὰς
766 1163 977 1221 δυνάμεις)
1015 1165 1274 1219 descivisse,
1315 1165 1361 1205 id
1403 1176 1547 1217 neque
1588 1176 1668 1217 per
1705 1176 1753 1205 se
1795 1165 1891 1205 veri
1930 1165 2074 1205 simile

97 1244 177 1296 est,
218 1253 364 1295 neque
402 1241 529 1294 quod
555 1234 709 1281 ‘sciam
749 1238 975 1279 exercitus
1020 1239 1171 1290 regius
1210 1249 1266 1278 ex
1307 1237 1628 1278 Macedonibus
1666 1238 1711 1277 et
1756 1237 2075 1278 mercennariis

96 1315 342 1369 peregrinis
372 1313 656 1366 compositus
687 1322 882 1364 usquam
912 1316 996 1351 τῶν
1020 1308 1221 1369 μαχίμων
1255 1311 1438 1351 nomine
1461 1309 1750 1362 significatur.
1870 1313 1921 1350 69
1954 1309 2075 1350 Sedi-

96 1387 263 1429 tionem
304 1386 676 1439 Lycopolitanam
708 1384 763 1436 (v.
788 1383 971 1435 21—26)
1012 1383 1085 1424 hic
1124 1383 1312 1424 indicari
1351 1383 1488 1435 primi
1527 1384 1795 1435 interpretes
1834 1393 1982 1435 usque
2022 1382 2076 1423 ad

29 1512 32 1520 .
94 1460 406 1501 Drumannum
438 1458 740 1499 consentiunt.
790 1456 847 1496 At
868 1456 1089 1496 Letronne
1120 1466 1225 1495 cum
1257 1456 1549 1508 perspiceret,
1582 1456 1648 1496 sic
1678 1457 1972 1508 praepostero
2005 1466 2075 1495 or-

97 1531 200 1573 dine
239 1541 311 1572 res
350 1530 538 1583 narrari,
576 1529 650 1570 hic
680 1528 971 1570 rebellionem
1002 1528 1204 1581 priorem
1244 1528 1369 1568 innui
1401 1528 1573 1581 statuit,
1617 1539 1733 1580 quae
1775 1527 1932 1568 eadem
1964 1537 2076 1568 voce

98 1602 291 1662 (ταραχή)
331 1603 606 1644 indicaretur
646 1602 690 1643 in
724 1612 901 1655 papyro
941 1600 1206 1642 Taurinensi
1246 1600 1367 1654 apud
1407 1600 1456 1641 A.
1480 1601 1657 1654 Peyron
1694 1601 1858 1653 papyri
1896 1600 2027 1641 Taur.
2060 1601 2077 1639 l

98 1687 141 1730 p.
166 1679 217 1717 34
249 1687 291 1717 n.
314 1677 332 1716 I
355 1679 393 1729 5,
416 1678 598 1716 27-29.
659 1674 725 1716 Ex
757 1685 809 1715 eo
833 1675 986 1715 autem
1018 1684 1237 1727 apparere
1267 1674 1482 1727 primum,
1523 1673 1644 1715 illam
1676 1673 1860 1726 quidem
1893 1672 2077 1714 seditio-

98 1760 202 1790 nem
223 1748 361 1790 fuisse
381 1749 426 1790 in
447 1749 628 1801 regione
652 1747 935 1789 meridionali
955 1747 1074 1788 ultra
1095 1746 1269 1788 Thebas
1303 1745 1386 1798 (τὸν
1409 1744 1562 1788 ἑαυτοῦ
1593 1744 1754 1802 πατέρα
1785 1742 1996 1802 μετῆλθαι
2028 1742 2077 1785 ἐν.

97 1825 174 1877 τῆς
205 1817 474 1867 Διοσπόλεως
512 1813 603 1876 μεθ’
639 1817 794 1876 ἑτέρων
837 1825 1100 1876 στρατιωτῶν
1141 1817 1200 1865 εἰς
1241 1817 1341 1864 τοὺς
1370 1815 1458 1859 σ’ίνω
1490 1816 1646 1865 τόπους
1679 1816 1722 1860 ἐν
1752 1821 1823 1873 τῆι
1852 1815 2076 1874 γενομένηι

96 1897 282 1951 ταραχῆι
321 1891 391 1935 ἐπὶ
429 1894 504 1934 τοῦ
543 1891 700 1948 πατρὸς
734 1897 819 1933 τῶν
861 1888 1068 1947 βασιλέων
1108 1889 1212 1933 θεοῦ
1239 1885 1517 1947 Ἐπιφανοῦς)
1558 1892 1603 1932 et
1641 1892 1942 1944 compositam
1975 1902 2075 1931 esse

98 1965 245 2019 primo
277 1964 523 2018 Epiphanis
555 1975 671 2005 anno
705 1961 849 2019 (205l4
882 1976 919 2005 a.
943 1963 1074 2017 Chr.),
1116 1965 1167 2004 ut
1197 1964 1242 2004 et
1272 1965 1477 2017 tempore
1509 1965 1553 2004 et
1591 1964 1693 2004 loco
1725 1975 1750 2004 a
1782 1963 1899 2004 bello
1932 1964 2075 2016 Lyco-

97 2037 296 2091 politano
348 2036 664 2089 distinguatur.
734 2035 897 2078 Nescio
949 2048 1004 2078 an
1055 2036 1111 2078 ad
1162 2036 1343 2078 easdem
1394 2036 1552 2077 turbas
1605 2038 1810 2090 spectent
1866 2035 2077 2076 Amherst

97 2109 261 2163 papyri
290 2110 328 2149 11
358 2120 402 2163 p.
426 2112 478 2149 33
510 2121 552 2150 n.
574 2109 711 2163 XXX,
737 2111 781 2150 44
827 2106 886 2161 [ἐν
929 2106 975 2150 δὲ
1008 2108 1096 2165 τῆ]ι
1136 2107 1363 2167 γενομένηι
1397 2112 1596 2168 ταραχῆι.
1643 2122 1685 2151 v.
1717 2112 1768 2150 24
1789 2119 1886 2162 sqq.
1928 2121 2077 2164 προσε-

100 2178 336 2239 μαρτύρουν
375 2180 446 2223 τὸν
489 2183 564 2223 τοῦ
603 2178 887 2239 Τενεσουφιος
925 2177 1107 2238 Μαρρῆν
1148 2180 1309 2240 πατέρα
1342 2180 1655 2240 κατεσχηκέναι
1698 2179 1776 2237 τὴν
1813 2178 1948 2223 οἰκίαν
1995 2180 2076 2237 πρὸ

97 2256 170 2296 τοῦ
214 2251 419 2311 πολέμου.
472 2266 515 2296 V.
545 2257 596 2294 33
615 2265 713 2307 sqq.
757 2251 1036 2310 ἠναγκάσθην
1081 2251 1162 2296 ὑπὸ
1203 2259 1287 2295 τῶν
1330 2250 1572 2311 Αἰγυπτίων
1614 2252 1863 2296 ἀποστατῶν
1911 2251 2078 2310 ἐνέγκαι

96 2323 170 2373 τὰς
200 2324 438 2383 συνγραφάς
469 2325 541 2369 καὶ
579 2324 736 2372 ταύτας
775 2328 1052 2368 κατακαῦσαι.
1114 2326 1323 2368 Editores
1364 2338 1470 2368 sane
1501 2327 1677 2368 malunt
1711 2328 1822 2368 haec
1854 2327 1908 2367 de
1939 2326 2076 2367 rebus

97 2400 200 2441 anni
232 2402 313 2441 465
336 2411 374 2440 a.
396 2399 498 2440 Chr.
522 2411 562 2440 n.
595 2399 897 2452 interpretari.
1047 2402 1097 2439 70
1139 2399 1206 2440 Ad
1238 2399 1408 2440 bellum
1441 2410 1543 2440 cum
1566 2399 1787 2440 Antiocho
1810 2400 1867 2439 III
1900 2400 2077 2452 gestum

98 2472 338 2523 (203-—498
362 2483 399 2515 a.
418 2472 518 2513 Chr.
541 2470 598 2523 n.)
630 2472 741 2512 haec
773 2473 976 2524 spectare
1007 2471 1177 2513 iudicat
1207 2473 1451 2524 Drumann,
1485 2483 1683 2524 quocum
1715 2473 1937 2513 Letronne
1967 2484 2077 2514 con-

97 2544 234 2586 sentit
274 2555 461 2586 monens
502 2543 550 2585 id
579 2546 624 2585 et
655 2546 915 2597 temporum
947 2544 1094 2585 ordini
1130 2544 1525 2586 accommodatum
1557 2555 1668 2598 esse,
1712 2545 1936 2598 siquidem
1976 2547 2079 2587 ante

97 2616 152 2658 de
173 2616 320 2658 turbis
345 2628 462 2658 anno
485 2614 614 2672 205s4
638 2628 675 2658 a.
699 2616 799 2658 Chr.
821 2616 972 2670 finitis,
1004 2618 1162 2670 postea
1183 2617 1239 2658 de
1260 2617 1397 2658 rebus
1429 2629 1647 2659 annorum
1673 2621 1754 2658 497
1777 2620 1822 2658 et
1844 2621 1924 2658 496
1958 2618 2077 2659 dica-

97 2690 184 2742 tur,
215 2690 261 2730 et
288 2687 441 2730 verbis
470 2688 603 2742 tituli,
633 2689 712 2741 qui
740 2699 853 2730 voce
883 2685 1221 2737 ἐξαποσταλῶσιν
1251 2690 1585 2743 expeditionem
1605 2691 1732 2732 extra
1754 2690 1863 2731 fines
1885 2691 2079 2743 Aegypti

97 2762 356 2815 susceptam
396 2760 576 2814 indicet,
615 2760 691 2802 illo
734 2758 804 2802 ἐπὶ
845 2761 949 2814 (non
979 2760 1051 2813 εἰς)
1092 2760 1170 2818 τὴν
1203 2757 1415 2819 Αἴγυπτον
1453 2774 1558 2804 vero
1601 2763 1856 2816 profectum
1894 2763 2077 2815 quidem

98 2844 197 2875 esse
229 2834 388 2875 contra
417 2833 673 2887 Aegyptum
714 2833 964 2874 exercitum
995 2834 1215 2888 Antiochi,
1257 2835 1336 2876 sed
1366 2846 1459 2876 non
1503 2836 1694 2876 intrasse
1732 2836 1878 2889 ipsam
1910 2837 2078 2876 terram

98 2906 272 2960 prodat.
341 2905 549 2958 Namque
593 2917 682 2947 non
728 2907 847 2947 ultra
893 2907 1057 2948 Gazam
1104 2907 1253 2948 victor
1298 2907 1520 2960 Syrorum
1572 2908 1798 2949 exercitus
1843 2909 2079 2961 processit.

99 2977 349 3032 Mahaffyus
381 2977 436 3019 de
465 2978 839 3021 meridionalibus
868 2980 995 3032 regni
1024 2979 1191 3021 finibus
1220 2979 1414 3021 defensis
1445 2992 1471 3021 a
1501 2979 1675 3022 Nubiae
1706 2980 1930 3032 gentibuS,
1962 2991 2078 3033 quae

99 3060 179 3103 per
208 3050 315 3092 belli
356 3051 556 3092 intestini
594 3053 980 3104 opportunitatem
1021 3063 1098 3094 eas
1136 3053 1304 3105 rapinis
1346 3055 1391 3094 et
1434 3053 1771 3094 incursionibus
1810 3054 2078 3105 vastassent,

98 3122 209 3164 haec
238 3124 524 3177 interpretari
555 3123 728 3177 maluit,
760 3125 855 3166 sine
886 3125 1046 3167 idonea
1078 3137 1215 3167 causa
1239 3126 1406 3179 siquid
1427 3126 1574 3167 video.
1725 3128 1768 3166 74
1810 3127 1907 3166 1)υο
1939 3125 2078 3166 fuisse

101 3195 145 3236 in
165 3194 369 3249 Aegypto
400 3196 536 3237 huius
568 3196 764 3238 nominis
795 3197 975 3251 oppida,
1007 3198 1203 3239 alterum
1235 3199 1279 3239 in
1303 3199 1539 3251 superiore
1571 3198 1762 3239 alterum
1793 3198 1838 3238 in
1869 3197 2079 3238 inferiore

99 3267 219 3310 terra
259 3269 412 3322 situm,
454 3269 648 3309 testatur
679 3269 931 3322 Stephanus
962 3271 1066 3323 Byz.
1098 3267 1254 3313 Λύκων
1286 3268 1430 3316 πόλεις
1473 3268 1560 3323 δύο,
1601 3267 1629 3324 ἡ
1664 3268 1739 3324 μὲν
1773 3268 1815 3310 ἐν
1845 3269 1907 3326 τῷ
1937 3267 2077 3311 Λυκο-

100 3336 251 3397 πολίτῃ
280 3338 400 3396 νομῷ
420 3342 498 3397 τῆς
529 3336 760 3397 Αἰγύπτου,
792 3338 821 3397 ἡ
853 3340 899 3383 δὲ
929 3340 1052 3400 ἑτέρα
1082 3345 1156 3384 τοῦ
1181 3339 1436 3399 Σεβεννύτου
1469 3344 1602 3396 νομοῦ
1634 3338 1998 3396 παραθαλάσσιος·
2029 3342 2077 3384 τὸ

103 3406 270 3452 ἐθνικὸν
300 3408 606 3454 Λυκοπολῖται.
668 3410 789 3460 Quae
820 3413 956 3455 etiam
988 3425 1014 3455 a
1044 3414 1261 3456 Strabone
1292 3414 1424 3467 XVII,
1444 3417 1481 3467 4,
1505 3417 1556 3453 49
1589 3425 1632 3466 p.
1656 3417 1751 3454 802.
1785 3417 1823 3467 4,
1849 3417 1891 3454 44
1932 3426 1974 3468 p.
1995 3418 2075 3456 843

103 3481 198 3524 Cas.
227 3484 349 3525 recte
381 3483 595 3536 distingui
628 3483 842 3527 observat
861 3486 1107 3528 Drumann.
1159 3487 1223 3527 Ex
1254 3486 1422 3538 qpibus
1454 3486 1527 3526 hic
1549 3486 1740 3527 alterum
1761 3487 1956 3539 intellegi
1986 3498 2076 3529 non

101 3552 231 3607 longe
260 3567 286 3597 a
315 3555 615 3608 Sebennytico
646 3555 734 3597 Nili
764 3559 881 3599 ostio
913 3559 1050 3600 situm
1083 3559 1204 3600 nomi
1237 3559 1458 3598 Busiritae
1490 3558 1593 3609 (not.
1618 3559 1684 3610 72)
1724 3560 1893 3600 mentio
1933 3559 2077 3613 docet,

102 3626 154 3665 ut
182 3628 286 3696 post
314 3627 628 3669 Drumannum
659 3639 817 3671 omnes
849 3633 1142 3683 agnoverunt.
1205 3631 1253 3670 In
1284 3630 1496 3671 versione
1538 3630 1759 3672 demotica
1794 3643 1960 3672 nomen
1993 3644 2076 3685 op-

25 3694 27 3700 '
103 3696 197 3748 pidi
228 3697 366 3742 Skam
395 3701 476 3742 est.
537 3699 598 3741 Cf.
631 3699 741 3743 Hess
770 3712 813 3754 p.
841 3705 906 3744 44.
931 3706 998 3744 59.
