2314 3970
113 211 128 248 4
141 208 210 260 99]
760 204 1098 248 Monumentum
1132 207 1435 249 Adulitanum.
1977 194 2081 257 289

211 379 473 450 βαθεῖαι22
577 381 645 438 ὡς
752 380 900 451 μέχρι
1003 378 1221 450 γονάτων

130 479 182 519 10
213 465 561 518 καταδόνειν23
626 463 857 536 ἄνδρα24,
913 465 929 535 ΙΙ
982 465 1063 519 τὸν
1135 487 1224 519 πο-

28 645 29 649 *
108 597 404 651 probabiliter
443 598 647 649 agnoscit
684 597 892 650 Lagarde.
955 597 1132 638 Partem
1175 597 1368 638 nationis
1409 597 1752 650 antiquissimae
1781 593 1915 651 Ayazz
1952 595 2087 648 signi-

28 724 30 726 ,
107 669 230 711 ficari
262 670 351 710 iam
373 668 661 710 Montfaucon
694 670 894 722 agnovit3
927 668 1092 722 probat
1119 668 1401 710 Dillmannus
1432 669 1611 710 reiectis
1641 670 1834 710 aliorum
1866 668 2087 722 opinioni-

64 781 68 786 ,
107 742 207 795 bus,
239 753 294 783 ex
315 741 483 794 quibus
514 753 566 782 ea
597 753 734 794 quam
756 743 816 783 St.
838 742 998 783 Martin
1020 741 1275 794 proposuit,
1308 741 1535 793 regionem
1557 738 1743 796 Αάάαρό
1773 741 1885 783 infra
1909 742 2088 782 montes

107 816 254 855 terrae
285 811 447 870 Samen
477 814 582 864 (not.
605 814 671 866 49)
705 815 837 855 sitam
870 813 1072 866 indicari,
1105 813 1301 854 nominis
1323 813 1507 866 quidem
1539 814 1833 855 similitudine
1855 825 2087 856 commen-

107 886 252 939 datur,
295 886 374 927 sed
411 886 513 926 ferri
560 888 718 939 nequit
758 887 864 939 quia
902 886 978 927 illa
1017 886 1063 926 in
1100 885 1281 926 sinistra
1320 885 1520 926 fluminis
1562 883 1736 928 Takaxe
1772 887 1871 939 ripa
1908 888 1977 927 est
2019 885 2085 938 (cf.

32 1010 35 1014 ,
107 960 197 1000 not.
223 962 259 999 7.
284 958 365 1010 43).
544 962 594 999 48
634 960 694 999 St.
717 959 877 1000 Martin
918 958 1146 1010 regionem
1185 954 1333 999 Kalaa
1368 958 1413 998 in
1453 958 1635 998 sinistra
1672 958 1873 999 fluminis
1916 955 2089 1000 Takaxe

106 1031 206 1084 ripa
235 1030 350 1071 infra
380 1032 556 1072 montes
588 1032 734 1072 terrae
768 1027 928 1072 Samara
960 1030 1064 1082 (not.
1086 1030 1153 1081 49)
1185 1029 1416 1083 intellegit,
1448 1029 1494 1070 id
1518 1030 1641 1083 quod
1671 1031 1859 1083 propter
1890 1042 1942 1071 ea
1973 1041 2088 1083 quae

106 1105 197 1144 not.
222 1106 273 1142 47
307 1103 503 1144 indicavi
534 1103 718 1156 probari
749 1103 917 1156 nequit.
969 1102 1193 1143 Dillmann
1225 1103 1403 1154 gentem
1426 1099 1574 1144 Kelau
1603 1102 1733 1143 cuius
1763 1105 1807 1143 et
1838 1102 1955 1144 fama
1976 1104 2088 1144 anti-

105 1177 260 1228 quitus
292 1187 453 1229 magna
483 1178 604 1217 esset
634 1178 678 1217 et
717 1187 837 1217 nunc
874 1186 1057 1228 quoque
1099 1175 1323 1227 quaedam
1363 1175 1578 1228 reliquiae
1619 1177 1849 1217 exstarent
1891 1176 2087 1227 agnovit.

105 1248 212 1289 Mihi
242 1248 363 1289 haud
394 1247 693 1301 improbabile
722 1249 872 1288 visum
904 1249 986 1301 est,
1019 1247 1238 1301 oppidum
1261 1247 1426 1290 Coloen
1459 1248 1502 1288 in
1534 1248 1700 1289 vicinia
1730 1248 1916 1289 Axomis
1949 1247 2088 1288 situm

106 1332 209 1361 cum
250 1321 368 1373 agris
413 1319 841 1361 circumiacentibus
881 1319 1144 1372 significari3
1193 1319 1247 1360 de
1293 1331 1383 1373 quo
1429 1319 1482 1360 cf.
1517 1320 1675 1374 Peripl.
1708 1332 1818 1361 mar.
1850 1319 2030 1373 Erythr.
2066 1322 2087 1360 4

104 1404 148 1447 p.
172 1396 267 1446 260,
291 1396 313 1433 7
335 1403 431 1445 sqq.
463 1393 641 1434 Miiller:
682 1390 756 1433 καὶ
784 1386 871 1433 κατ’
907 1390 1038 1449 αὐτὴν
1078 1390 1156 1447 τὴν
1198 1390 1241 1434 ἐν
1280 1390 1332 1450 τῇ
1369 1386 1539 1452 Ὀρεινῇ
1575 1390 1747 1451 ἥπειρον
1787 1390 1871 1434 ἀπὸ
1910 1389 2088 1434 σταδίων

106 1461 240 1506 ε’ίκοσι
269 1467 346 1521 τῆς
377 1462 598 1521 θαλάσσης
637 1462 747 1506 ἐστὶν
783 1462 812 1520 ἡ
843 1459 1018 1518 Ἀδουλί,
1057 1464 1187 1520 κώμη
1221 1461 1473 1521 σύμμετρος,
1506 1459 1573 1523 ἀφ’
1598 1463 1652 1521 ἧς
1694 1461 1754 1511 εἰς
1796 1463 1873 1520 μὲν
1913 1460 2088 1521 Κολόην

22 1531 23 1534 “
107 1535 327 1595 μεσόγειον
359 1535 481 1579 πόλιν
521 1535 594 1579 καὶ
631 1542 800 1592 πρῶτον
842 1534 1043 1594 ἐμπόριον
1084 1539 1159 1579 τοῦ
1191 1535 1424 1594 ἐλέφαντος
1456 1535 1554 1584 ὁδὸς
1595 1535 1703 1580 ἐστὶν
1742 1535 1917 1594 ἡμερῶν
1948 1542 2088 1593 τριῶν,

105 1607 188 1651 ἀπὸ
220 1607 267 1651 δὲ
296 1606 453 1667 ταύτης
485 1608 545 1657 εἰς
577 1607 709 1667 αὐτὴν
739 1609 818 1667 τὴν
852 1607 1112 1667 μητρόπολιν
1143 1614 1227 1652 τῶν
1250 1605 1511 1666 Αὐξωμιτῶν
1542 1607 1785 1667 λεγομένων
1815 1607 1958 1652 ἄλλων
1982 1607 2090 1666 ἡμε-

107 1686 191 1739 ρῶν
222 1679 358 1723 πέντε.
410 1682 694 1724 Ptolemaeus
726 1682 796 1736 IV,
821 1686 858 1736 7,
883 1686 905 1724 8
939 1694 980 1736 p.
1009 1686 1103 1736 778,
1127 1685 1149 1723 5
1191 1681 1262 1724 καὶ
1301 1679 1462 1725 ἄποθεν
1493 1687 1578 1724 τῶν
1619 1687 1823 1739 ποταμῶν
1854 1680 1934 1724 εἰσι
1966 1679 2090 1738 μεσό-

106 1768 214 1811 γειοι
243 1751 388 1801 πόλεις
417 1752 446 1810 ἥ
477 1769 522 1796 τε
552 1749 733 1811 Ἀξοὺμη
763 1778 821 1785 -
849 1753 921 1797 καὶ
949 1751 979 1810 ἡ
1013 1750 1164 1811 Κολόη
1196 1752 1331 1802 πόλις.
1391 1755 1476 1796 Vix
1508 1755 1784 1796 monendum
1818 1757 1886 1796 est
1915 1750 2090 1809 Κολόην

105 1823 258 1884 λίμνην
291 1824 471 1881 (Τεαηα,
504 1828 786 1869 Ptolemaeus
818 1828 875 1868 IV
899 1832 936 1881 7,
961 1831 982 1866 7
1017 1839 1060 1881 p.
1086 1831 1181 1881 775,
1205 1827 1272 1880 44)
1304 1827 1426 1868 1111113
1456 1838 1505 1868 13
1534 1828 1621 1868 nisi
1652 1828 1848 1868 nominis
1881 1827 2090 1868 similitu-

107 1899 210 1940 dine
249 1900 336 1940 hoc
375 1900 594 1953 oppidum
638 1901 868 1952 attingere.
931 1900 985 1940 Et
1025 1911 1190 1941 nomen
1231 1901 1276 1940 et
1313 1900 1431 1941 situs
1470 1899 1639 1953 oppidi,
1686 1910 1828 1953 prope
1866 1897 2010 1952 Halai
2045 1900 2091 1939 in

107 1972 206 2024 ipso
252 1972 414 2024 angulo
455 1972 793 2025 septentrionali
838 1974 883 2012 et
925 1972 1132 2013 orientali
1172 1973 1319 2014 terrae
1358 1971 1503 2013 editae
1538 1968 1681 2026 Time,
1728 1972 1765 2012 si
1804 1971 1914 2024 quid
1957 1971 2089 2013 video

108 2045 279 2097 optime
309 2044 545 2097 quadrant.
694 2048 746 2085 49
787 2040 943 2100 Σαμινε
964 2044 1019 2098 R,
1053 2040 1313 2100 ΣεμῆναιἘ.
1375 2044 1505 2085 11111111
1526 2046 1796 2098 postremae,
1829 2044 1950 2085 hunc
1981 2044 2090 2084 dua-

20 2135 21 2141 *
106 2128 210 2158 rum
258 2117 465 2170 priorum
509 2117 791 2170 syllabarum
831 2129 987 2159 veram
1039 2118 1313 2171 scripturam
1360 2127 1655 2158 conservasse
1700 2118 1900 2170 apparet.
1975 2116 2090 2158 Nam

21 2211 23 2218 ·
107 2190 363 2231 terminatio
406 2204 468 2243 -ε,
515 2202 653 2243 quam
697 2190 816 2232 haud
864 2190 1227 2244 improbabiliter
1271 2189 1515 2241 Lagardius
1561 2190 1767 2231 vocalem
1814 2191 2089 2231 attenuatam

108 2262 301 2302 similem
331 2275 354 2303 e
383 2261 528 2303 finalis
560 2263 782 2303 sermonis
814 2262 1068 2304 Germanici
1111 2262 1375 2303 recentioris
1406 2262 1478 2302 vel
1512 2262 1684 2303 vocalis
1713 2260 1884 2304 sehewa
1913 2262 2091 2314 linguae

24 2363 25 2366 η
108 2334 354 2375 Hebraicae
391 2335 729 2388 interpretatur,
776 2335 1020 2376 identidem
1062 2335 1108 2375 in
1146 2335 1236 2375 hoc
1275 2334 1406 2375 titulo
1447 2335 1654 2375 recurrit.
1714 2333 1890 2375 Nomen
1931 2330 2093 2375 Seman

0 2419 27 2464 3:
107 2417 216 2447 vero
247 2406 382 2447 hodie
413 2417 597 2459 quoque
628 2406 764 2447 habet
794 2408 916 2458 regio
955 2408 1041 2447 sita
1078 2407 1124 2447 in
1161 2407 1342 2447 sinistra
1372 2407 1572 2447 fluminis
1609 2403 1780 2448 Takaxe
1818 2407 1928 2459 ripa,
1968 2406 2091 2446 ideo-

108 2490 196 2531 que
236 2479 276 2518 ei
315 2479 394 2530 qui
433 2478 598 2519 Axomi
638 2479 762 2519 venit
802 2480 926 2520 trans
963 2479 1146 2519 flumen.
1201 2478 1438 2520 Dillmann.
1607 2481 1657 2518 20
1697 2477 1851 2519 Ν1111111
1890 2479 1963 2519 1113
2004 2478 2092 2518 (1131

28 2566 61 2594 ν,
107 2550 375 2595 Astaboram
423 2550 568 2603 (hodie
607 2551 651 2591 in
690 2552 924 2604 superiore
962 2562 1124 2592 cursus
1162 2552 1291 2604 parte
1332 2548 1515 2604 Takaxe,
1561 2552 1607 2592 in
1645 2550 1856 2592 inferiore
1890 2548 2091 2603 Athama),

109 2623 187 2675 qui
218 2633 273 2664 ex
303 2622 539 2663 montibus
570 2622 831 2664 Abessiniae
875 2625 1004 2664 ortus
1042 2623 1098 2664 ab
1140 2624 1311 2665 oriente
1351 2624 1396 2664 in
1426 2622 1579 2664 Nilum
1620 2623 1770 2664 influit
1808 2623 1869 2675 (R.
1893 2623 2092 2664 Pietsch-

109 2706 245 2736 mann
276 2706 347 2748 ap.
378 2695 766 2748 Pauly-Wissowa
797 2695 1230 2749 Realencyklopadie
1261 2696 1313 2749 II,
1344 2699 1368 2736 2
1399 2707 1442 2749 p.
1466 2695 1593 2747 4772)
1636 2696 1925 2737 consentiunt
1955 2696 2092 2736 inter-

64 2790 68 2814 :
109 2769 272 2821 pretes,
319 2779 465 2820 neque
517 2767 657 2808 ullum
703 2768 916 2821 relinquit
961 2768 1233 2810 dubitationi
1282 2769 1431 2810 locum
1478 2769 1673 2821 regionis
1715 2765 1878 2810 Semela
1922 2769 2092 2809 mentio

4 2853 5 2859 ¹
32 2854 36 2897 '1
64 2832 74 2882 Ῑέ
111 2839 213 2892 (1101.
237 2840 318 2892 49).
475 2843 520 2880 24
567 2841 742 2882 Montes
774 2842 945 2882 tractus
978 2837 1152 2895 Samara,
1192 2841 1401 2882 altissimi
1431 2841 1493 2881 illi
1526 2841 1710 2894 quidem
1742 2842 1882 2882 totius
1913 2841 2093 2883 Abessi-

34 2910 37 2962 ⁸,
109 2914 221 2966 niae,
262 2923 409 2965 usque
440 2913 496 2953 ad
529 2914 635 2953 4620
670 2915 814 2954 1113113
845 2913 1011 2955 Gallica
1043 2911 1152 2966 (Bas
1182 2911 1412 2966 Det-schem)
1444 2913 1724 2955 attolluntur.
1903 2917 1954 2953 22
1997 2914 2092 2954 Etsi

7 2987 39 3041 ἰ
109 2985 220 3027 11333
252 2984 306 3026 de
337 2985 476 3037 glacie
515 2986 560 3025 et
594 2985 777 3027 nivibus
818 2986 1098 3039 aliquantum
1137 2988 1403 3039 exaggerata
1443 2985 1668 3039 videntur,
1708 2987 1860 3027 tamen
1899 2986 2092 3038 asperri-

8 3072 11 3079 ’
111 3068 232 3098 1113111
259 3059 305 3098 31
330 3059 519 3110 propter
547 3056 712 3110 frigora
731 3058 1049 3111 inhospitalem
1070 3061 1239 3100 terram
1263 3058 1452 3099 altitudo
1480 3059 1703 3099 montium
1727 3057 1911 3110 (not.24)
1935 3056 2091 3108 efficit;

40 3167 42 3204 ,
67 3132 83 3186 :²3
113 3141 251 3182 quare
282 3131 408 3171 sexto
441 3130 679 3171 etiamtum
710 3141 752 3183 p.
777 3130 876 3172 Chr.
899 3143 940 3172 11.
963 3132 1143 3173 saeculo
1165 3142 1293 3184 reges
1314 3131 1632 3172 Axomitarum
1664 3131 1871 3171 homines
1903 3130 2095 3182 propter

40 3257 43 3264 Ι
75 3223 87 3260 ,-
113 3202 279 3243 scelera
325 3202 562 3244 damnatos
607 3203 714 3243 illuc
759 3203 955 3256 relegare
1002 3204 1220 3246 solebant.
1287 3203 1349 3245 Cf.
1392 3204 1581 3244 Cosmae
1619 3203 1670 3255 II,
1694 3204 1775 3242 444
1817 3202 1873 3254 (p.
1898 3205 1978 3241 408
1998 3200 2082 3254 C‚⁴

11 3271 43 3298 Ψ
86 3274 268 3327 ¹Migne)
308 3271 420 3318 ἀλλὰ
457 3273 529 3316 καὶ
571 3270 775 3330 Σεμῆναι,
817 3273 921 3319 ἔνθα
956 3274 1071 3334 λέγει
1111 3274 1187 3323 τὰς
1224 3274 1373 3335 χιόνας
1410 3273 1483 3317 καὶ
1519 3272 1572 3316 τὰ
1608 3271 1719 3331 κρύη
1757 3270 1957 3330 γίνεσθαι,
2000 3271 2094 3314 ἐκεῖ

44 3374 46 3403 ἰ
80 3344 82 3347 ’
114 3343 286 3404 ἐξορίζει
317 3345 338 3388 ὁ
371 3345 568 3402 βασιλεὺς
599 3352 683 3388 τῶν
714 3342 951 3403 Ἀξωμιτῶν
983 3347 1111 3405 ἡνίκα
1141 3347 1234 3391 τινὰ
1263 3346 1536 3396 καταδικάζει
1565 3344 1814 3404 πεμφθῆναι
1853 3344 1895 3387 ἐν
1940 3342 2091 3402 ἐξορίᾳ.

114 3420 165 3458 23
205 3420 276 3461 Sic
313 3420 363 3474 F,
400 3417 626 3462 καταδύειν
663 3420 717 3460 R.
778 3420 872 3462 Hoc
910 3423 1081 3475 recepit
1119 3421 1332 3475 Lagarde.
1390 3420 1447 3461 At
1487 3431 1592 3461 311111
1633 3416 1745 3459 δύειν
1787 3418 2093 3470 transitivum,

115 3489 245 3533 δύνειν
276 3494 328 3533 111
358 3489 532 3536 δύεσθαι
561 3493 901 3534 intransitivum
922 3495 992 3547 sit,
1025 3494 1136 3535 illud
1157 3495 1232 3535 hic
1256 3493 1362 3534 ferri
1392 3503 1529 3546 posse
1559 3503 1648 3532 non
1670 3490 1863 3532 videtur.
1915 3490 2090 3531 Etenim

48 3556 49 3559 ¹
114 3573 259 3617 neque
279 3565 451 3606 locutio
485 3561 551 3606 ‘al
579 3563 719 3622 χιόνες
749 3563 1006 3608 καταδύουσι
1034 3565 1103 3608 τὸν
1135 3560 1285 3624 ἄνδρα’
1317 3564 1569 3618 probabilis
1593 3565 1674 3616 est,
1707 3573 1854 3615 neque
1878 3562 2093 3605 soloecis-

115 3646 216 3676 mus
257 3637 474 3690 imputari
516 3636 649 3678 debet
695 3637 816 3677 tituli
854 3639 1043 3692 auctori,
1083 3649 1187 3679 cum
1230 3638 1341 3678 alter
1381 3648 1436 3677 ex
1481 3634 1717 3677 codicibus
1755 3635 1994 3676 lectionem
2037 3634 2092 3675 ab

120 3709 241 3748 omni
285 3711 412 3761 parte
460 3712 629 3750 rectam
675 3709 900 3762 praebeat.
1075 3713 1126 3750 24
1167 3707 1299 3770 ἄνδρα
1343 3710 1395 3763 F,
1440 3707 1513 3750 τὸν
1558 3704 1690 3764 ἄνδρα
1735 3707 1789 3759 Β,
1837 3708 1961 3760 quod
2003 3719 2094 3748 non

202 3791 556 3837 Dittonberger,
580 3793 737 3827 Orientis
761 3793 820 3826 Gr.
843 3793 947 3827 inser.
985 3795 1010 3828 1.
1696 3797 1747 3835 49
