2314 3970
99 217 198 269 431]
553 216 742 258 Arsaces
763 217 840 258 VII
871 217 1150 259 Mithridates
1172 219 1209 258 II
1240 219 1509 260 Parthorum
1542 231 1634 260 rex.
1977 225 2072 274 641

239 388 486 459 βασιλέων
536 386 790 459 μεγάλου4
841 385 1133 461 Ἀρσάκουῦ,
1179 389 1184 460 Ι
1227 392 1252 442 ὁ
1303 389 1461 461 ἱερεὺς
1498 387 1740 450 Ἥλιάναξ
1786 388 2083 462 Ἀσκληπιο-

240 475 403 544 δώρου
463 470 775 544 Ἀθηναῖοςθ,
827 474 834 547 Ι
884 478 909 528 ὁ
969 473 1054 529 διὰ
1128 477 1238 547 βίου
1305 476 1463 547 ἱερεὺς
1530 477 1848 538 Ποσειδῶνος
1903 477 2082 532 Αἰσίου

181 574 205 613 5
237 562 499 631 γενόμενος
536 561 552 631 ss
588 559 671 614 καὶ
712 562 841 615 θεῶν
883 560 1112 632 μεγάλων
1146 562 1496 634 Σαμοθρᾴκων
1525 564 1843 636 Διοσκούρων
1872 563 2084 637 Καβε[ί-

239 646 372 717 ρων,]
415 646 420 716 Ι
462 648 616 707 θεοῖς.

209 810 231 848 4
273 808 385 848 Hinc
425 808 643 849 discimus
682 818 913 861 nummos,
956 808 1036 860 qui
1074 809 1159 849 etsi
1198 810 1243 849 et
1282 811 1399 862 regis
1440 810 1600 852 faciem
1648 814 1693 852 et
1738 812 2080 865 inscriptionem

91 880 319 922 diversam
351 880 520 921 habent
550 881 700 921 tamen
732 891 757 920 a
788 879 1020 932 prioribus
1062 880 1118 921 ad
1156 881 1350 921 eundem
1393 894 1545 935 regem
1578 883 1789 926 Arsacem
1820 885 1878 925 VI
1909 885 2081 925 Mithri-

90 952 240 993 datem
273 953 290 991 I
321 952 449 993 relati
481 952 583 1005 sint,
614 953 677 992 ita
708 952 978 993 dividendos
1010 963 1122 1005 esse,
1154 955 1206 993 ut
1236 954 1396 995 titulus
1429 953 1635 1010 βασιλέως
1668 954 1854 1012 μεγάλου
1875 951 2079 1011 Ἀρσάκου

85 1017 348 1079 Ἐπιφανοῦς
397 1024 454 1065 ad
491 1024 632 1076 illum,
682 1021 889 1078 βασιλέως
935 1022 1210 1079 βασιλέων
1264 1024 1451 1082 μεγάλου
1489 1021 1690 1082 Ἀρσάκου
1719 1022 1982 1084 Ἐπιφανοῦς
2023 1028 2081 1070 ad

90 1096 303 1137 Arsacem
325 1096 403 1136 VII
434 1096 739 1137 Mithridatem
770 1097 808 1135 11
843 1096 947 1147 (not.
967 1097 1005 1148 5)
1038 1098 1224 1149 spectet.
1374 1102 1397 1139 5
1441 1099 1506 1139 Ex
1538 1099 1807 1142 Helianactis
1834 1103 1981 1142 aetate
2011 1101 2079 1152 (cf.

15 1196 17 1208 .
89 1170 178 1208 not.
220 1168 258 1219 6)
305 1170 506 1221 apparet,
552 1168 674 1208 hunc
719 1178 818 1208 esse
863 1168 1076 1209 Arsacem
1113 1169 1190 1209 VII
1235 1171 1541 1212 Mithridatem
1587 1173 1638 1225 ΙΙ,
1690 1174 1770 1225 qui
1814 1173 1906 1214 sere
1952 1174 2080 1214 annis

89 1242 286 1280 424—87
311 1251 348 1280 a.
372 1240 473 1281 Chr.
497 1251 537 1280 n.
561 1239 683 1292 apud
715 1241 902 1282 Parthos
934 1242 1152 1293 regnavit.
1203 1242 1345 1294 Reges
1367 1244 1650 1297 Parthorum,
1683 1246 1769 1286 etsi
1799 1256 1934 1286 suum
1956 1246 2079 1298 quis-

87 1323 176 1365 que
208 1323 371 1352 nomen
402 1313 644 1365 proprium
666 1311 875 1366 habebat,
908 1314 1058 1354 tamen
1080 1314 1124 1354 in
1147 1316 1348 1357 nummis
1378 1318 1424 1356 et
1453 1317 1828 1369 inscriptionibus
1857 1328 2003 1370 usque
2024 1318 2080 1359 ad

88 1384 288 1425 medium
325 1385 558 1426 saeculum
594 1396 637 1437 p.
665 1385 767 1425 Chr.
794 1396 838 1426 n.
874 1386 1075 1437 primum
1111 1387 1209 1427 solo
1241 1387 1420 1429 Arsacis
1457 1389 1536 1440 qui
1578 1400 1767 1441 regnum
1814 1390 2081 1430 condiderat

86 1457 269 1497 nomine
300 1457 622 1509 significantur.
670 1457 716 1498 R.
868 1461 890 1498 6
930 1458 1053 1498 Idem
1087 1459 1267 1499 circiter
1298 1471 1336 1500 a.
1361 1463 1440 1500 140
1475 1471 1511 1500 a.
1537 1460 1637 1502 Chr.
1669 1461 1791 1502 haud
1824 1472 2079 1513 paucorum

87 1539 245 1580 regum
288 1528 669 1581 familiariumque
705 1540 865 1569 eorum
906 1530 1124 1582 imagines
1166 1531 1263 1571 Deli
1304 1533 1604 1574 consecravit.
1668 1533 1728 1573 Cf.
1769 1544 1810 1573 n.
1842 1537 1939 1575 258.
1979 1536 2076 1574 353.

89 1603 329 1642 374—374.

192 1823 302 1877 431
359 1814 625 1878 In⁷monte
651 1826 879 1879 Bisitun
917 1827 1051 1897 (ὅρος
1087 1826 1142 1879 τὸ
1182 1828 1490 1897 καλούμενον
1518 1826 1828 1897 Βαγίστανον
1869 1831 2074 1880 Diodor.

82 1914 141 1980 ΙΙ,
174 1913 254 1978 13,
290 1912 335 1979 1)
375 1929 538 1981 prope
573 1915 819 1981 oppidum
846 1911 1254 1965 Ker-mansehalz
1288 1917 1336 1964 in
1377 1917 1599 1966 Persidis
1637 1917 1916 1967 hodiernae
1954 1932 2077 1983 pro-

81 2001 249 2050 vincia
272 1997 582 2051 Kurda‘stan
617 2002 792 2051 tabula
828 2003 945 2069 rupi
983 2003 1140 2052 incisa
1177 2002 1333 2053 habet
1371 2004 1573 2053 titulum
1599 2005 1858 2054 Persicum
1893 2005 2074 2055 aetatis

83 2087 446 2137 Sasanidarum
493 2093 543 2138 et
592 2090 735 2138 iuxta
785 2104 902 2139 eum
939 2091 1197 2155 utrimque
1244 2091 1482 2155 reliquias
1530 2092 1813 2156 scripturae
1853 2091 2076 2141 Graecae

82 2189 209 2239 quas
246 2174 330 2224 hic
368 2175 578 2224 edimus
645 2176 769 2225 Edd.
813 2176 1001 2225 Olivier
1039 2177 1246 2241 Voyage
1286 2177 1412 2226 dans
1450 2172 1692 2243 l’Empire
1727 2177 1984 2227 Othoman
2011 2179 2078 2227 III

80 2276 129 2326 p.
162 2261 227 2308 24
268 2261 369 2310 tab.
403 2261 467 2309 40
509 2277 558 2311 n.
589 2262 636 2310 2.
703 2263 780 2310 Ex
818 2263 1024 2311 Morellii
1062 2262 1364 2328 apographo
1406 2278 1520 2312 cum
1558 2264 1670 2329 ipso
1703 2265 2074 2314 communicato

81 2345 318 2397 Silvestre
352 2347 414 2397 de
441 2346 571 2413 Sacy
610 2348 876 2398 Memoires
918 2349 980 2399 de
1013 2347 1248 2399 l’institut
1286 2351 1339 2398 T.
1369 2351 1412 2398 ΙΙ
1453 2349 1628 2416 (1815)
1669 2351 1796 2400 Hist.
1826 2352 1918 2400 litt.
1949 2356 2073 2401 antt.

80 2450 131 2500 p.
174 2434 272 2483 164
297 2450 406 2501 sqq.
472 2436 630 2485 Paulo
671 2437 957 2486 accuratius
997 2437 1098 2486 Ker
1135 2438 1317 2486 Porter
1354 2438 1463 2486 Itin.
1503 2438 1547 2485 II
1591 2453 1640 2503 p.
1677 2438 1793 2503 151,
1847 2438 2075 2488 omnium

82 2522 461 2571 accuratissime
500 2522 560 2571 H.
591 2523 883 2573 Rawlinson
919 2524 1129 2573 Journal
1167 2523 1226 2573 of
1256 2524 1345 2573 the
1383 2525 1546 2589 Royal
1586 2524 1954 2590 Geographical
1993 2540 2075 2574 so-

82 2608 213 2673 ciety
237 2609 305 2656 IX
341 2625 391 2674 p.
425 2609 524 2657 114
566 2606 624 2676 (J.
653 2610 817 2659 Franz
846 2610 896 2659 C.
925 2611 960 2659 Ι.
993 2610 1047 2659 G.
1081 2608 1254 2678 4674).
1324 2612 1533 2659 Flandin
1561 2613 1610 2660 et
1637 2610 1785 2660 Coste
1823 2612 1894 2659 La
1921 2612 2075 2661 Perse

82 2695 324 2744 ancienne
362 2696 383 2743 Ι
421 2696 523 2744 tab.
551 2695 680 2745 XIX.
757 2696 827 2746 Cf.
872 2711 1002 2761 quae
1042 2698 1104 2747 de
1141 2698 1288 2747 titulo
1334 2701 1682 2763 exposuerunt
1717 2699 1759 2747 J.
1790 2697 2074 2747 Olshausen

82 2781 506 2831 Monatsberichte
527 2783 618 2832 der
638 2783 747 2847 Kgl.
771 2782 861 2831 Ak.
889 2784 979 2833 der
998 2784 1308 2834 Wissensch.
1332 2800 1396 2834 zu
1416 2785 1584 2834 Berlin
1605 2782 1741 2833 1878
1769 2800 1817 2850 p.
1845 2783 1943 2834 ⁴72
1961 2800 2070 2850 sqq.

79 2867 135 2917 A.
153 2883 254 2918 von
272 2867 571 2918 Gutschmid
599 2870 674 2919 Kl.
691 2869 947 2920 Schriften
967 2871 1033 2919 III
1065 2886 1116 2937 p.
1143 2871 1225 2920 43.
1258 2872 1340 2920 46.
1397 2870 1697 2921 Geschichte
1717 2872 1859 2920 Irans
1885 2871 2069 2937 p.423.

196 3035 388 3075 Litterae
422 3036 499 3076 ΖΘ
532 3035 588 3087 (v.
620 3035 658 3087 4)
693 3037 733 3077 Θ
767 3036 821 3088 (v.
856 3036 892 3087 4)
929 3038 957 3077 Π
993 3036 1086 3088 (sed
1118 3037 1278 3077 ultima
1309 3036 1458 3077 littera
1490 3040 1690 3078 versusl
1734 3038 1762 3077 Γ·
1797 3037 1878 3088 est)
1913 3039 1945 3078 Σ
1979 3037 2073 3089 (sed

80 3117 122 3146 v.
149 3108 170 3145 4
203 3107 297 3147 init.
334 3108 658 3159 ΓΩΤΑΡΣΗΟ).
720 3109 832 3149 Cum
868 3110 1124 3150 Rawlinson
1163 3110 1311 3149 minus
1349 3111 1559 3149 accurate
1591 3109 1842 3161 posituram
1876 3109 1997 3149 tituli
2028 3110 2072 3149 et

80 3178 286 3218 ordinem
317 3180 628 3231 expressisset,
667 3191 723 3220 ex
754 3180 970 3221 Flandinii
1003 3181 1197 3232 imagine
1229 3181 1464 3232 cognitum
1498 3182 1579 3233 est,
1619 3181 1733 3221 duos
1765 3191 1864 3221 esse
1895 3191 2070 3234 versus,

80 3260 222 3290 unum
255 3250 369 3291 infra
400 3251 592 3291 alterum
625 3252 747 3293 nullo
779 3253 1016 3293 intervallo
1049 3253 1258 3305 incisum,
1303 3252 1382 3292 sed
1422 3254 1669 3305 utrumque
1710 3253 1755 3292 in
1798 3253 1947 3293 media
1977 3253 2070 3305 pla-

79 3322 197 3362 nicie
237 3322 460 3363 diffissum
499 3335 678 3364 summa
717 3326 845 3377 parte
882 3326 1188 3366 excavationis
1230 3325 1486 3377 cuiuspiam
1528 3326 1685 3377 portae
1714 3325 1887 3365 similis.
1940 3326 2067 3366 quta

80 3405 178 3433 eam
212 3405 235 3434 a
269 3395 450 3435 sinistra
482 3399 565 3436 ν.1
606 3398 651 3436 et
688 3396 801 3437 infra
834 3408 937 3437 eum
971 3410 1013 3437 v.
1040 3400 1076 3449 3,
1117 3409 1139 3437 a
1183 3397 1342 3436 dextra
1373 3409 1414 3436 v.
1440 3399 1463 3436 2
1496 3398 1540 3436 et
1578 3397 1691 3437 infra
1730 3408 1834 3436 eum
1868 3409 1908 3437 v.
1935 3399 1973 3450 4,
2015 3408 2067 3437 ex

81 3476 171 3516 quo
218 3476 324 3506 sane
369 3467 627 3507 Flandinius
675 3469 784 3508 nihil
830 3470 920 3509 iam
969 3469 1153 3509 exhibet
1199 3469 1284 3508 nisi
1330 3469 1503 3509 litteras
1552 3470 1649 3520 ΗΟ,
1698 3469 1793 3509 fuit.
1856 3469 2070 3522 Expressi

80 3537 371 3578 Rawlinsonii
402 3540 736 3592 apographum3
778 3552 880 3581 nam
921 3541 1178 3582 Flandinius
1211 3541 1394 3580 titulum
1435 3542 1522 3581 iam
1566 3542 1708 3593 magis
1752 3542 1963 3581 mutilum
2003 3543 2069 3582 in-

80 3609 206 3649 venit
235 3621 374 3661 quam
405 3610 490 3651 ille.
553 3611 760 3651 Priorum
792 3613 999 3665 exempla
1030 3615 1074 3652 et
1106 3612 1246 3652 multa
1279 3613 1494 3653 omittunt
1515 3625 1631 3664 quae
1663 3613 1784 3665 apud
1813 3614 1940 3654 illum
1963 3616 2070 3654 sunt

9 3692 11 3722 ἵ
80 3690 228 3732 neque
259 3682 506 3733 quicquam
537 3682 756 3734 praebent
785 3684 906 3736 quod
941 3685 1061 3725 illius
1093 3685 1273 3724 lectioni
1307 3685 1649 3736 praeferendum
1684 3685 1905 3725 videatur.

164 3762 518 3808 Dittenberger‚
543 3764 701 3799 Orientis
725 3765 784 3799 Gr.
806 3766 912 3801 inser.
951 3767 979 3800 I.
1669 3774 1711 3810 41
