2314 3970
125 215 170 253 4⁴
183 211 222 263 4]
819 207 1068 248 Antiochus
1099 206 1420 259 Philopappus.
2001 205 2105 256 627

127 388 219 437 4⁴⁴
270 381 520 441 Βασιλεὺς
553 378 800 453 Ἀντίοχος
839 380 1086 451 βασιλέως
1119 376 1419 450 Ἀντιόχου4.

22 566 23 572 ¹
126 496 228 546 442
270 493 602 550 Φιλόπαππος
633 486 940 561 Ἐπιφάνους
977 486 1280 558 Βησαιεύς5.

22 593 50 641 ’Ῐ
127 603 227 651 443
269 597 520 658 Βασιλεὺς
560 598 803 657 Σέλευκος
835 594 1093 667 Ἀντιόχου
1133 592 1422 665 Νικάτωρθ.

40 783 55 810 ε,
125 767 335 808 Callinico
358 766 546 819 (Ioseph.
559 765 664 806 Bell.
674 763 889 817 V11,232)‚
907 762 986 804 sed
1009 762 1158 803 victus
1185 761 1241 802 ad
1262 761 1451 802 Parthos
1469 771 1517 801 se
1538 760 1730 801 contulit
1739 771 1749 812 ;
1772 771 1934 800 verum
1955 758 2110 812 paullo

20 844 50 903 ὲ.
125 840 233 892 post
263 838 423 879 fratres
455 849 560 878 cum
582 836 794 877 Romanis
825 836 871 875 in
903 834 1092 887 gratiam
1122 833 1354 873 redierunt
1384 833 1429 872 et
1459 843 1622 884 magno
1644 832 1818 872 honore
1847 831 1988 872 habiti
2011 830 2112 870 reli-

20 907 57 966 f}
124 923 267 964 quum
300 911 420 952 vitae
450 911 632 962 tempus
655 909 825 948 Romae
845 906 1161 958 transegerunt
1183 904 1374 957 (Ioseph.
1398 904 1490 958 Vll,
1513 904 1625 955 243).
1671 904 1935 944 Mommsen.
1993 904 2112 943 lntra

40 972 54 1045 ζ’
125 994 347 1025 annorum
382 984 578 1022 90-400
607 991 649 1033 p.
672 980 774 1020 Chr.
806 979 1005 1032 spatium
1037 989 1142 1018 eum
1175 977 1361 1018 Athenis
1393 987 1574 1017 summo
1609 977 1876 1028 magistratu
1905 975 2115 1016 functum>

20 1050 54 1103 ἶ.
125 1066 223 1097 3553
254 1066 344 1096 non
374 1052 677 1107 improbabile
707 1053 788 1092 est.
841 1051 902 1092 Cf.
924 1052 1015 1092 not.
1041 1053 1079 1090 4.
1238 1052 1259 1086 3
1299 1048 1550 1090 Antiochus
1570 1048 1642 1102 IV,
1674 1048 1794 1089 filius
1824 1047 2032 1088 Antiochi
2055 1048 2113 1086 111

39 1128 53 1159 <s
126 1128 451 1178 Commagenes
471 1126 603 1177 regis.
655 1123 740 1172 Qui
762 1134 867 1164 cum
891 1135 928 1163 a.
949 1125 999 1163 47
1018 1133 1061 1174 p.
1075 1122 1177 1162 Chr.
1200 1121 1483 1174 decessisset,
1510 1120 1716 1161 Tiberius
1738 1120 1901 1161 Caesar
1922 1130 2112 1171 regnum

126 1200 172 1240 in
201 1198 484 1252 provinciam
516 1196 701 1249 redegit,
733 1195 875 1236 filium
898 1195 1066 1235 Romae
1097 1194 1297 1234 retinuit.
1350 1193 1435 1234 Sed
1467 1205 1582 1234 anno
1607 1197 1658 1233 38
1681 1204 1724 1245 p.
1748 1193 1848 1233 Chr.
1882 1192 1927 1232 C.
1951 1192 2113 1232 Caesar

38 1256 57 1287 ³.
125 1271 166 1312 ei
196 1282 386 1323 regnum
408 1271 646 1323 paternum
670 1267 865 1308 reddidit
896 1267 1091 1319 (Cassius
1113 1266 1194 1307 Dio
1219 1266 1325 1319 LIX,
1350 1269 1387 1318 8,
1413 1269 1452 1306 2.
1493 1266 1676 1305 Sueton.
1700 1265 1835 1305 Gaius
1854 1267 1868 1304 4
1884 1264 1935 1314 6).
1985 1262 2112 1304 Anno

127 1346 179 1384 72
202 1354 245 1396 p.
269 1342 370 1383 Chr.
393 1353 436 1383 n.
469 1351 604 1393 regno
637 1340 844 1393 privatus
876 1341 945 1380 est
976 1351 1000 1380 a
1023 1338 1302 1391 Vespasiano
1328 1338 1518 1390 (Ioseph.
1541 1337 1646 1377 Bell.
1669 1337 1759 1389 VII,
1785 1339 1866 1377 249
1887 1335 2013 1388 sqq.).
2065 1336 2114 1374 In

18 1464 19 1472 ἵ
48 1430 55 1446 -·
126 1415 326 1456 nummis
358 1413 613 1467 appellatur
643 1410 839 1466 βασιλεὺς
871 1409 1002 1468 μέγας
1022 1404 1506 1469 ἈντίοχοςἘπιφανής,
1539 1409 1618 1449 53(1
1649 1409 1694 1448 in
1726 1419 1779 1449 eo
1811 1409 1898 1449 hoc
1927 1407 2115 1448 honoris

126 1485 405 1528 vocabulum
437 1485 605 1526 mansit
635 1484 765 1525 aliter
795 1485 932 1536 atque
962 1483 1009 1524 in
1037 1482 1129 1523 filio
1161 1482 1270 1534 (not.
1294 1482 1348 1535 2),
1387 1492 1528 1534 quare
1569 1480 1690 1533 apud
1732 1481 1983 1532 scriptores
2013 1479 2114 1519 ubi-

36 1541 55 1574 ³'*
126 1570 216 1612 que
248 1558 517 1611 simpliciter
546 1556 798 1598 Antiochus
831 1556 1008 1597 dicitur.
1055 1555 1321 1595 Mommsen.
1481 1556 1502 1593 4
1548 1553 1762 1594 Permulti
1794 1563 1901 1593 sane
1933 1551 2116 1592 fuerunt

126 1632 173 1672 in
204 1630 541 1671 Seleucidarum
573 1630 710 1670 domo
745 1639 872 1681 reges
903 1629 949 1668 in
979 1638 1096 1680 quos
1127 1627 1239 1668 haec
1269 1626 1511 1679 appellatio
1543 1626 1799 1678 quadraret.
1852 1624 1935 1665 Sed
1968 1634 2115 1676 neque

36 1735 58 1757 ⁴.
126 1703 474 1755 necessitudine,
505 1714 622 1755 quae
642 1703 682 1742 ei
705 1712 810 1742 cum
834 1700 1045 1742 defuncto
1067 1698 1380 1752 intercederet,
1401 1708 1551 1751 neque
1571 1698 1662 1738 ulla
1684 1698 1769 1738 alia
1800 1708 1848 1737 re
1871 1697 2115 1749 quisquam

39 1769 57 1826 s
127 1787 182 1817 ex
213 1776 300 1817 illis
330 1775 394 1816 ita
424 1774 663 1827 eminebat,
706 1775 757 1814 ut
785 1784 874 1814 una
907 1783 1012 1813 cum
1050 1772 1193 1813 totius
1225 1771 1380 1823 stirpis
1421 1772 1605 1811 auctore
1637 1769 1692 1821 (n.
1719 1769 1813 1821 443)
1853 1780 1958 1809 eum
1990 1768 2117 1808 iuxta

16 1903 18 1907 Ι
58 1868 61 1869 ’
127 1849 271 1901 ipsius
301 1847 569 1900 Philopappi
599 1847 798 1887 statuam
830 1844 1101 1886 collocatum
1132 1843 1271 1885 fuisse
1305 1842 1523 1883 credibile
1555 1843 1625 1895 sit,
1657 1842 1838 1894 praeter
1869 1852 2005 1881 avum
2037 1851 2117 1892 pa-

129 1922 307 1962 ternum
341 1919 612 1960 Antiochum
645 1917 701 1958 IV
734 1918 842 1969 (not.
867 1917 919 1968 3).
979 1916 1032 1956 Ut
1069 1915 1142 1956 hic
1182 1916 1301 1968 patri
1343 1915 1566 1967 Epiphani
1606 1914 1710 1965 (not.
1735 1912 1774 1963 2)
1813 1912 2118 1965 praeferretur

34 1983 36 1987 ¹
129 1994 370 2046 propterea
405 1991 575 2032 factum
614 1990 808 2042 videtur,
849 1989 956 2042 quia
995 1999 1107 2029 avus
1146 1988 1385 2028 etiamtum
1427 1998 1476 2027 re
1514 1997 1623 2027 vera
1660 1987 1941 2038 regnaverat,
1988 1986 2118 2037 pater

130 2077 219 2107 non
249 2066 372 2106 item.
552 2067 573 2104 5
615 2063 763 2104 Etiam
794 2062 903 2103 alibi
937 2073 1076 2115 reges,
1109 2061 1188 2114 qui
1219 2061 1450 2101 civitatem
1482 2059 1675 2099 Atticam
1709 2059 1859 2099 nancti
1890 2060 2030 2111 erant,
2072 2059 2117 2098 in

131 2137 440 2179 monumentis
470 2146 587 2189 quae
617 2135 803 2176 Athenis
841 2133 1146 2186 erigebantur·
1172 2133 1374 2174 studiose
1412 2132 1617 2185 quaesita
1649 2131 1940 2184 simplicitate
1971 2131 2116 2170 nomi-

130 2209 266 2251 nibus
296 2211 341 2250 et
371 2208 607 2250 demoticis
645 2207 783 2248 modo
823 2206 1092 2247 indicantur.
1145 2204 1206 2246 Cf.
1239 2203 1368 2257 Syll.2
1388 2207 1469 2244 298
1511 2199 1766 2261 Καρνεάδην
1803 2198 1991 2258 Ἀζηνιέα
2027 2197 2118 2243 Ἄτ-

34 2288 61 2339 χ’
129 2280 258 2327 ταλος
305 2278 376 2322 καὶ
422 2274 672 2335 Ἀριαράθης
724 2275 1040 2333 Συπαλήττι[οι]
1092 2275 1324 2333 ἀνέθηκαν.
1542 2280 1564 2315 6
1605 2275 1819 2316 Seleucus
1865 2276 1882 2314 1
1932 2274 2118 2316 Nicator

131 2353 371 2406 (306—280
406 2364 443 2393 3.
473 2352 574 2392 Chr.
605 2350 661 2402 n.)
702 2351 863 2391 auctor
903 2350 1060 2402 stirpis
1099 2349 1451 2400 Seleucidarum,
1493 2347 1549 2389 ad
1582 2359 1720 2400 quam
1756 2347 1881 2399 origo
1914 2348 2118 2387 materna

130 2437 290 2478 regum
322 2425 647 2476 Commagenes
677 2423 854 2464 redibat
885 2422 942 2474 (n.
967 2425 1046 2462 383
1059 2420 1090 2453 3-
1104 2419 1152 2474 4).
1214 2420 1504 2462 Memorabile
1546 2421 1616 2461 est
1656 2421 1848 2460 maiores
1890 2419 1946 2460 ab
1979 2419 2118 2460 altera

44 2494 52 2556 f·
131 2499 272 2551 parte,
305 2498 383 2550 qui
414 2496 596 2538 barbari
629 2495 824 2548 fuerunt,
855 2495 929 2535 hic
959 2494 1145 2546 neglegi.

956 2762 1009 2806 8.
1058 2759 1294 2805 Iudaea.

17 2927 58 2970 „4
241 2885 355 2941 414
406 2889 548 2939 Basis
586 2889 859 2938 marmoris
885 2887 1125 2937 Eleusinii
1160 2888 1369 2936 inventa
1394 2886 1445 2934 in
1471 2899 1587 2934 arce
1613 2884 1927 2933 Athenarum
1954 2882 2120 2932 orien—

39 2975 57 3041 j]
132 2980 238 3027 tem
293 2991 473 3026 versus
528 2990 559 3024 a
613 2975 953 3025 Parthenone.
1039 2974 1163 3023 Edd.
1223 2972 1436 3022 Pittakis
1488 2965 1596 3039 Ἐφ.
1646 2969 1760 3039 ἀρχ.
1811 2970 1966 3021 3442.
2043 2970 2119 3018 Ex

135 3063 372 3112 Koehleri
411 3063 673 3112 collatione
709 3064 789 3111 W.
820 3062 1176 3125 Dittenberger
1214 3060 1263 3110 C.
1294 3061 1329 3108 I.
1359 3059 1457 3107 Att.
1489 3059 1568 3123 III,
1600 3058 1719 3106 550.

268 3201 324 3258 Ὁ
360 3204 553 3274 ὃῆμο[ς]
595 3203 601 3274 1
646 3200 1110 3275 βασιλέα(Ηρώὸην
1140 3200 1549 3271 ΦιλοΙρωμαῖον1
1576 3198 1865 3269 εὐεργεσίας
1907 3197 1913 3269 Ι
1954 3197 2119 3250 ἕνεκεν

222 3305 246 3344 5
278 3290 365 3343 καὶ
403 3290 599 3349 εὐνοίας
636 3294 726 3359 τῆς
764 3288 778 3361 Η
815 3291 887 3349 εἰς
927 3290 1118 3343 ἑαυτόν.
2099 3285 2103 3289 ’

32 3504 34 3508 ,
252 3459 446 3499 Litterae
485 3459 614 3499 ΑΗΣ.
673 3457 749 3498 Vs.
776 3461 799 3498 5
838 3458 1064 3499 ΕἉΤΟΝ.
1127 3455 1253 3503 Quae
1291 3465 1379 3494 non
1418 3454 1512 3494 tam
1556 3452 1750 3504 ligatura
1781 3461 1879 3491 esse
1925 3450 2121 3502 videtur,

137 3541 275 3582 quam
313 3529 567 3570 emendatio
606 3529 780 3569 formae
819 3530 917 3568 tum
957 3527 1176 3580 temporis
1214 3526 1409 3577 volgaris
1449 3522 1585 3577 ἑατόν,
1626 3535 1764 3576 quam
1804 3522 2122 3576 quadratarius

14 3603 87 3658 ’ᾗ
137 3603 286 3655 primo
318 3601 549 3643 inciderat.
697 3604 713 3640 4
761 3600 1000 3641 Herodesl
1033 3600 1112 3652 qui
1145 3599 1277 3650 volgo
1299 3598 1485 3649 Magnus
1517 3596 1782 3649 appellatur.
1833 3595 1945 3636 Cum
1968 3595 2123 3635 Hiero-

139 3676 319 3728 solyma
353 3674 548 3727 cepisset
575 3685 614 3714 a.
646 3676 696 3712 37
721 3685 759 3713 3.
777 3672 879 3713 Chr.
901 3685 941 3713 n.
977 3672 1164 3724 (Ioseph.
1197 3670 1295 3710 Ant.
1321 3669 1435 3721 XIV,
1463 3671 1556 3710 1078.
1599 3669 1703 3709 Bell.
1734 3669 1763 3721 I,
1794 3671 1890 3708 354.
1932 3667 2120 3720 Appian.

1694 3752 1775 3796 40*
