2314 3970
241 213 345 265 256
923 209 972 248 ll.
1018 208 1217 257 Regnum
1250 205 1530 256 Lagidarum.
2058 200 2089 251 [4
2105 202 2216 239 76-

375 382 528 452 Ὑπὲρ
569 382 574 451 Ι
620 379 866 451 βασιλέως
893 376 1211 446 Πτολεμαίου
1247 378 1334 428 τοῦ
1375 373 1380 444 Ι
1411 374 1804 443 ἐπικαλουμένου
1825 368 2214 441 ἈλεξάνδρουῙΙ

331 486 355 524 5
388 469 622 538 Σούχωΰ·
658 467 786 518 θεῶι
825 462 1050 534 μεγάλωι
1084 461 1101 533 ΙΙ
1138 460 1395 532 μεγάλωι3
1430 461 1580 519 τόπος
1616 463 1712 512 τῶν
1755 458 1760 528 Ι
1801 457 1856 511 τὸ
1897 453 1940 527 β’
1971 459 2052 509 1-4
2091 459 2217 526 ἐφη-

387 555 632 626 βευκότων
675 551 681 622 Ι
721 555 810 621 τῆς
843 547 1124 620 Ἀμμωνίου
1165 548 1420 619 αἱρέσεως,
1464 546 1470 616 Ι
1511 545 1569 598 οὖ
1609 546 1767 617 μέτρα
1802 546 1948 597 νότου
1985 542 2067 595 ἐπὶ
2105 543 2218 614 βορ-

301 656 352 695 10
387 643 475 711 ρᾶν
519 639 525 709 Ι
569 636 648 710 ιγ’,
698 636 840 708 λιβὸς
886 632 965 690 ἐπ’
1018 635 1355 706 ἀπηλιώτην5,
1401 632 1416 704 ΙΙ
1460 633 1557 691 ἕως
1603 634 1847 703 ψυγμοῧθ.
1894 630 1938 681 Ι-
1968 626 2060 688 ις’7
2106 630 2217 681 Φα-

381 725 583 796 μ(ενὼθ)
626 722 743 777 ια’8.

351 932 543 971 Litterae
573 929 752 970 ΘΘΠΣ.
804 926 878 968 Vs.
905 929 954 966 40
988 928 1034 967 in
1064 926 1247 967 nomine
1288 925 1457 965 mensis
1494 934 1577 976 per
1606 921 1929 974 compendium
1971 920 2142 973 scripto
2177 922 2214 961 Μ

236 1014 374 1056 super
403 1006 441 1044 Α
471 1001 743 1042 collocatum
772 1001 854 1040 est.
988 1002 1005 1039 4
1045 998 1105 1038 Cf.
1128 996 1308 1038 n.4752.
1446 999 1470 1036 2
1502 995 1584 1036 Hic
1609 997 1678 1036 est
1701 995 1812 1035 deus
1836 992 2055 1034 crocodili
2075 991 2216 1044 figura

236 1075 525 1128 (Aegyptiaca
545 1073 740 1114 nominis
766 1071 910 1112 forma
933 1067 1061 1123 Sbk),
1093 1070 1171 1122 qui
1201 1070 1247 1110 in
1267 1068 1511 1122 metropoli
1531 1068 1659 1108 nomi
1687 1066 1940 1107 Arsinoitae
1961 1063 2216 1105 Crocodilo-

234 1148 326 1200 poli
359 1147 454 1188 sive
472 1146 661 1187 Arsinoe
693 1143 937 1185 colebatur.
999 1142 1060 1183 Cf.
1082 1141 1241 1183 Strabo
1264 1141 1397 1195 XVII,
1417 1144 1455 1194 4,
1475 1143 1526 1180 38
1556 1151 1599 1193 p.
1619 1142 1694 1180 844
1724 1139 1843 1180 Cas.:
1873 1134 2217 1194 παραπλεύσαντι

234 1217 282 1260 δὲ
310 1221 443 1260 ταῦτα
473 1212 535 1274 ἐφ’
560 1215 710 1258 ἑκατὸν
734 1213 925 1260 σταδίους
954 1212 1077 1261 πόλις
1109 1211 1220 1255 ἐστὶν
1241 1208 1444 1269 Ἀρσινόη,
1476 1207 1774 1270 Κροκοδείλων
1806 1209 1854 1252 δὲ
1873 1206 2000 1255 πόλις
2021 1206 2215 1249 ἐκαλεῖτο

234 1287 459 1346 πρότερον·
500 1287 662 1345 σφόδρα
699 1286 778 1344 γὰρ
818 1286 861 1329 ἐν
898 1286 961 1343 τῷ
1000 1286 1121 1343 νομῷ
1165 1283 1301 1342 τούτῳ
1339 1290 1494 1340 τιμῶσι
1537 1283 1609 1325 τὸν
1654 1279 1944 1339 κροκόδειλον,
1990 1278 2063 1322 καί
2107 1278 2215 1321 ἐστιν

236 1360 346 1418 ἱερὸς
377 1356 469 1419 παρ’
497 1359 644 1407 αὐτοῖς
671 1358 715 1401 ἐν
745 1357 875 1415 λίμνῃ
896 1355 993 1400 καθ’
1015 1355 1140 1399 αὑτὸν
1160 1356 1434 1415 τρεφόμενος,
1463 1354 1699 1415 χειροήθης
1718 1358 1812 1401 τοῖς
1834 1353 2002 1410 ἱερεῦσι,
2021 1351 2216 1396 καλεῖται

233 1432 280 1474 δὲ
310 1429 490 1490 Σοῦχος.
540 1433 687 1473 Etiam
718 1433 764 1472 in
795 1431 909 1472 vicis
940 1431 1065 1472 nomi
1084 1430 1340 1471 Arsino'itae
1370 1430 1558 1471 delubra
1587 1429 1727 1470 huius
1758 1428 1830 1469 dei
1857 1427 1998 1468 fuisse
2028 1428 2217 1479 apparet

233 1517 288 1545 ex
318 1505 517 1546 Flinders
549 1505 694 1545 Petrie
723 1503 888 1556 papyri
920 1504 957 1543 II
997 1514 1041 1556 p.
1065 1506 1089 1542 2
1121 1515 1163 1543 n.
1186 1503 1224 1543 Π
1247 1506 1285 1555 4,
1309 1505 1382 1543 48ε
1429 1500 1488 1554 [ἐν
1518 1500 1595 1558 τ]ᾧ
1627 1498 1671 1542 ἐν
1702 1497 1942 1557 Εὐημερίαι
1973 1495 2213 1556 Σουχιεὶωι.

232 1578 383 1618 Feriae
415 1573 603 1633 Σουχεῖα
633 1576 1055 1616 commemorantur
1083 1575 1198 1616 Berl.
1228 1586 1292 1627 gr.
1321 1574 1418 1614 Urk.
1450 1575 1468 1613 Ι
1498 1585 1542 1627 p.
1565 1575 1648 1614 246
1679 1585 1722 1614 n.
1745 1575 1843 1626 248,
1866 1575 1934 1613 42.
1964 1574 2032 1625 28,
2070 1572 2214 1624 ipsius
2286 1598 2290 1599 ν

233 1649 305 1689 dei
338 1649 505 1690 mentio
531 1648 824 1702 perfrequens
855 1650 925 1688 est
946 1648 991 1688 in
1011 1648 1214 1700 papyris.
1264 1648 1314 1687 In
1344 1657 1520 1700 papyro
1553 1646 1721 1687 inedito
1746 1644 2021 1686 Berolinensi
2045 1646 2146 1684 6594
2178 1643 2215 1683 11
2266 1635 2275 1679 .’

232 1723 476 1772 hominem,
509 1721 590 1773 qui
619 1721 808 1762 domum
839 1731 943 1761 cum
976 1719 1198 1772 impluvio
1231 1720 1277 1770 in
1301 1719 1376 1760 illo
1409 1718 1578 1772 oppido
1608 1718 1782 1771 emerit,
1819 1716 1898 1773 τὴν
1930 1713 2214 1774 διδραχμία(ν)
2271 1706 2284 1769 ζ

230 1796 306 1835 τοῦ
339 1790 506 1851 Σούχου
537 1790 642 1834 θεοῦ
675 1790 891 1850 μεγάλο[υ]
924 1789 1140 1849 μεγάλο[υ]
1177 1791 1374 1845 pendere
1404 1791 1542 1832 refert
1569 1790 1615 1832 U.
1637 1790 1842 1831 Wilcken
1873 1790 1944 1831 Gr.
1977 1789 2166 1830 Ostraka
2195 1789 2214 1828 Ι
2270 1784 2277 1822 ·ἶ

232 1878 277 1919 p.
301 1869 396 1906 360.
545 1869 567 1905 3
607 1865 726 1906 Haec
756 1865 999 1916 geminatio
1032 1865 1244 1906 adiectivi
1283 1876 1309 1905 a
1340 1865 1509 1906 Graeco
1553 1874 1762 1905 sermone
1798 1862 1930 1916 plane
1967 1862 2112 1903 aliena
2140 1861 2214 1903 vel

231 1939 279 1979 in
323 1938 466 1978 titulis
512 1938 704 1990 Aegypti
751 1938 916 1978 Graece
961 1937 1233 1989 conscriptis
1278 1948 1379 1978 rara
1423 1937 1505 1978 est.
1573 1936 1755 1977 Praeter
1794 1937 1890 1989 478,
1915 1938 1937 1974 3
1979 1934 2033 1975 cf.
2066 1938 2136 1987 9ο,
2161 1937 2211 1974 49

2267 1948 2280 1993 ,ἰ

231 2003 395 2066 Ἑρμῆς
434 2007 455 2050 ὁ
497 2007 626 2067 μέγας
663 2007 738 2050 καὶ
776 2007 906 2066 μέγας
945 2011 990 2049 et
1028 2009 1213 2050 titulum
1251 2009 1581 2051 dedicatorium
1620 2009 1700 2061 qui
1746 2007 1897 2049 editus
1933 2009 2003 2048 est
2042 2004 2214 2059 Fayum

231 2085 380 2124 towns
411 2093 454 2135 p.
476 2085 527 2121 32
559 2094 600 2122 n.
624 2083 655 2135 I,
679 2084 819 2134 zsqq.
858 2080 906 2123 τὸ
942 2078 1159 2139 πρόπυλον
1190 2077 1438 2137 Πνεφερῶτι
1473 2078 1546 2122 καὶ
1574 2077 1848 2138 Πετεσούχωι
1885 2077 1960 2120 καὶ
1986 2082 2078 2125 τοῖς
2121 2092 2214 2120 συν·
2264 2083 2277 2142 ’ἲ

230 2152 346 2201 νάοις
375 2152 493 2200 θεοῖς
526 2150 724 2209 μεγάλοις
763 2151 974 2209 μεγάλοις.
1035 2154 1137 2194 Sine
1177 2153 1315 2195 dubio
1355 2165 1410 2194 ex
1447 2153 1777 2206 Aegyptiorum
1814 2163 1942 2193 more
1979 2153 2215 2204 assumpta

233 2229 313 2267 est.
376 2226 507 2274 Quod
536 2228 692 2267 contra
734 2225 1114 2279 appellationibus
1151 2223 1251 2272 θεὸς
1283 2223 1415 2282 μέγας
1445 2225 1518 2267 vel
1560 2223 1755 2282 μέγιστος
1795 2222 1888 2276 (θεὰ
1918 2221 2098 2280 μεγάλη,
2140 2237 2214 2278 με-

231 2297 366 2356 γίστη)
398 2299 453 2339 de
484 2298 579 2339 deis
608 2298 842 2351 Aegyptiis
872 2299 1106 2351 usurpatis
1137 2298 1249 2339 nihil
1278 2299 1348 2339 est
1378 2297 1669 2350 frequentius.
1731 2297 1918 2349 Saepius
1954 2307 2062 2338 sane
2102 2296 2214 2338 illud

234 2369 366 2427 μέγας
406 2368 536 2428 μέγας
573 2371 802 2411 invenitur
838 2370 885 2410 in
926 2371 1127 2423 papyris,
1168 2381 1223 2411 ex
1261 2370 1429 2422 quibus
1470 2370 1677 2423 exempla
1723 2370 1874 2410 attulit
1910 2370 1964 2410 Μ.
1987 2369 2032 2409 L.
2056 2369 2213 2410 Strack

231 2441 380 2485 Mitth.
413 2443 492 2484 des
524 2443 643 2484 arch.
675 2444 781 2484 Inst.
813 2443 858 2483 in
889 2443 1034 2484 Athen
1054 2443 1158 2483 XIX
1189 2445 1298 2483 4894
1334 2454 1375 2496 p.
1400 2446 1497 2484 245.
1648 2445 1671 2482 4
1710 2442 1954 2483 Ptolemaei
1974 2441 2214 2482 Alexandri
2251 2452 2314 2518 ξ
2294 2379 2314 2424 P

233 2526 376 2556 annus
418 2515 647 2556 secundus
684 2517 753 2556 est
791 2512 922 2568 443l2
953 2527 990 2556 a.
1014 2515 1115 2556 Chr.
1139 2527 1180 2556 n.
1242 2514 1328 2555 Sed
1365 2515 1439 2555 hic
1476 2515 1634 2556 titulus
1673 2514 2039 2567 quattuordecim
2084 2514 2212 2555 annis
2251 2519 2273 2632 ξ
2300 2501 2314 2569 j

231 2589 338 2638 post
369 2587 553 2628 demum
584 2587 755 2627 incisus
785 2588 855 2628 est
885 2587 941 2639 (v.
961 2587 1042 2640 40),
1075 2598 1222 2639 neque
1251 2587 1326 2627 ille
1352 2598 1467 2628 anno
1490 2590 1570 2626 443
1606 2587 1734 2628 solus
1768 2587 1987 2639 regnavit,
2024 2586 2104 2627 sed
2123 2597 2212 2626 una
2251 2597 2265 2605 ·
2306 2574 2314 2635 fl

2264 2078 2282 2147 ,ᾖ

2261 2152 2281 2234 3
2312 2201 2314 2207 .

232 2670 337 2698 cum
379 2660 523 2699 matre
561 2659 796 2711 Cleopatra
833 2659 903 2699 III.
973 2658 1034 2699 Cf.
1076 2659 1233 2700 Strack
1271 2659 1352 2700 Die
1388 2659 1606 2711 Dynastie
1643 2659 1724 2699 der
1760 2659 2012 2700 Ptolemaer
2046 2669 2090 2711 p.
2115 2661 2210 2698 485.
2246 2654 2265 2711 j

233 2729 380 2778 Quare
411 2730 562 2771 nescio
596 2741 652 2770 an
681 2731 756 2770 hic
785 2729 1003 2782 ephebiae
1032 2731 1189 2783 potius
1220 2742 1358 2782 quam
1396 2731 1520 2783 regni
1553 2741 1697 2772 annus
1737 2731 1849 2772 alter
1887 2730 2210 2782 intellegendus
2243 2721 2265 2788 ’ᾖ

233 2802 302 2842 sit.
451 2805 474 2842 5
515 2801 596 2842 Hic
624 2802 799 2842 incuria
828 2802 1046 2854 lapicidae
1088 2813 1329 2843 numerum
1360 2802 1621 2844 cubitorum
1661 2803 1727 2853 (cf.
1761 2815 1802 2844 n
1826 2806 1907 2843 479
1920 2802 1950 2854 7)
1990 2802 2210 2843 excidisse
2247 2815 2265 2857 ,·

233 2874 391 2914 statuit
411 2871 617 2925 Mahaffy‚
650 2875 772 2913 recte
803 2874 898 2913 sine
929 2873 1083 2914 dubio.
1133 2873 1194 2914 Cf.
1226 2886 1267 2915 n.
1293 2877 1388 2927 478,
1414 2878 1480 2915 44.
1624 2879 1647 2915 6
1679 2875 1777 2915 Vox
1799 2876 2033 2927 praeterea
2058 2875 2209 2927 ipsum

232 2945 465 2997 negotium
497 2944 787 2997 refrigerandi
818 2947 895 2985 aut
920 2945 1175 2986 exsiccandi
1205 2946 1460 2998 significans
1490 2947 1565 2987 hic
1595 2946 1831 2987 manifesto
1863 2947 1918 2987 de
1947 2947 2047 2987 loco
2077 2957 2209 2987 usur·
2245 2943 2255 2978 Ῐ

232 3019 380 3070 patur,
412 3016 466 3057 cf.
497 3028 538 3057 n.
563 3019 659 3070 478,
683 3019 749 3056 44.
800 3016 1052 3069 Mahaffyus
1082 3017 1137 3057 de
1168 3017 1493 3069 significatione
1525 3018 1691 3059 dubius
1721 3019 1890 3071 haeret,
1922 3018 2001 3059 sed
2020 3018 2209 3058 fortasse
2245 3044 2255 3067 2

231 3089 384 3129 locum
413 3088 494 3129 ubi
525 3088 679 3128 nescio
711 3098 828 3140 quae
859 3099 931 3128 res
962 3089 1189 3129 torreatur
1219 3091 1297 3130 aut
1318 3090 1570 3130 exsiccetur
1599 3090 1943 3142 intellegendam
1974 3100 2074 3130 esse
2105 3100 2208 3130 con·
2250 3115 2257 3118 <

231 3161 339 3201 iicit.
401 3159 523 3207 Quae
555 3160 706 3212 opinio
739 3160 784 3199 ni
815 3159 943 3200 fallor
971 3161 1015 3200 et
1046 3160 1340 3201 confirmatur
1378 3163 1422 3202 et
1463 3163 1718 3203 accuratius
1759 3161 1969 3202 definitur
2005 3162 2207 3202 testimo·
2250 3200 2253 3201 ⁷

233 3233 306 3273 nio
348 3232 511 3284 papyri
541 3231 655 3272 Berl.
683 3242 747 3283 gr.
777 3231 876 3272 Urk.
907 3232 944 3270 II
974 3242 1021 3287 p.
1043 3234 1122 3271 443
1162 3244 1204 3272 n.
1229 3234 1323 3286 454,
1349 3236 1370 3273 8
1389 3243 1486 3286 sqq.
1527 3230 1722 3290 ἐπῆλθάν
1759 3247 1867 3280 τινες
1897 3256 1955 3263 -—
1985 3231 2046 3280 οἷς
2076 3245 2207 3289 γεωρ·
2247 3252 2249 3254 ·

229 3307 384 3360 γοῦμεν
414 3327 472 3332 -
502 3302 597 3359 περὶ
635 3303 789 3358 κώμην
827 3299 1062 3358 Βούβαστιν
1101 3301 1174 3344 καὶ
1209 3301 1439 3358 ἐβάσταξαν
1477 3303 1603 3360 ἡμῶν
1642 3303 1781 3361 θήκας
1823 3301 2207 3363 λαχανοσπέρμ[ο]υ
2247 3344 2250 3348 ,

230 3375 290 3422 εἰς
323 3373 464 3432 ἕτερον
495 3374 661 3431 ψυγμὸν
693 3373 772 3416 οὐκ
803 3373 1007 3428 [ἕλα]ττον
1039 3373 1188 3431 θηκῶν
1222 3374 1324 3417 δέκα
1354 3374 1442 3418 δύο.
1492 3378 1791 3430 Leguminum
1812 3379 1981 3419 semina
2003 3379 2049 3418 in
2070 3376 2205 3417 fundo
2251 3376 2254 3377 ’

233 3448 330 3488 eius
362 3449 440 3499 qui
470 3447 581 3488 haec
611 3448 795 3500 scripsit
825 3447 1046 3501 disposita
1073 3450 1127 3488 ut
1167 3448 1502 3489 exsiccarentur
1541 3451 1587 3490 in
1619 3450 1756 3491 alium
1799 3449 2001 3491 eiusdem
2033 3448 2205 3502 generis

231 3519 383 3559 locum
428 3519 644 3560 translata
691 3522 831 3560 erant.
897 3520 1054 3573 Neque
1101 3522 1274 3573 pugnat
1319 3532 1424 3561 cum
1471 3523 1556 3563 hac
1595 3522 1814 3564 sententia
1851 3523 1965 3562 alius
2002 3529 2204 3574 papyrus

232 3591 278 3651 in
299 3602 391 3642 quo
416 3590 535 3630 idem
558 3602 724 3632 nomen
746 3593 951 3646 recurrit,
979 3593 1177 3634 Flinders
1199 3593 1344 3633 Petrie
1371 3595 1535 3646 papyri
1555 3595 1592 3634 II
1614 3606 1656 3647 p.
1677 3598 1756 3634 440
1781 3606 1822 3634 n.
1844 3594 2021 3646 XXXII,
2045 3597 2066 3632 3
2086 3601 2203 3644 sqq.:

231 3660 327 3717 περὶ
357 3657 627 3719 Ἀ[φροδίτ]ης
659 3660 888 3721 Βερενίκης
918 3663 1085 3711 πόλεώς
1117 3679 1190 3706 σου
1221 3664 1566 3722 παραγενομένου
1596 3670 1668 3722 τῆι
1702 3654 1757 3708 ιθ’
1781 3671 1859 3706 τῶι
1896 3664 2097 3722 ψ[υγμῶι]
2133 3659 2204 3704 καὶ
