2314 3970
269 220 370 272 318
906 216 975 256 IV.
1023 216 1221 266 Regnum
1255 216 1602 257 Seleucidarum,
2082 218 2243 270 [240.-

408 390 604 458 κώμης,
658 385 752 456 πρὸ
811 385 1086 455 ὀφθαλμῶν
1135 383 1311 454 ἔχουσι
1355 380 1418 436 τὰ
1468 384 1579 455 περὶ
1624 387 1799 439 τούτου
1851 387 1856 456 Ι
1906 388 2239 440 κελευσθέντα

328 489 379 529 10
409 473 528 544 πρὸς
567 471 620 524 τὸ
662 471 909 523 δύνασθαι
947 466 1009 521 τὰ
1045 467 1156 539 περὶ
1194 466 1256 520 τὰ
1301 465 1410 539 ἱερὰ
1439 469 1706 541 θρὴσΙΙκια7
1742 469 1872 525 κατὰ
1912 470 1975 524 τὰ
2016 492 2242 542 νενομισ-

409 559 532 628 μένα
578 557 845 628 γείνεσθαι.
891 554 897 626 Ι
936 555 1038 623 [1..
1065 555 1095 623 .]
1144 558 1240 607 τῶν
1280 555 1460 624 κυρίων
1507 558 1650 626 ἡμῶν
1697 557 1978 624 [Φιλίππων
1995 559 2029 625 8]
2075 558 2241 629 Σεβα-

407 643 583 711 στ[ῶν].

378 805 399 840 7
440 800 615 842 Nomen
644 799 691 841 τὸ
722 797 929 855 θρήσκιον
970 799 1055 851 (vel
1086 795 1330 855 θρησκεῖον)
1371 799 1603 851 ceteroqui
1641 799 1764 852 quod
1803 801 1942 842 sciam
1985 801 2238 842 inauditum

262 875 331 914 est
360 874 404 913 in
436 883 645 914 sermone
676 871 858 925 Graeco,
891 882 996 912 cum
1027 867 1234 926 θρησκεία
1267 867 1492 926 (θρησκίη),
1530 865 1794 927 θρήσκευμα,
1833 869 2088 927 θρήσκευσις
2119 872 2240 913 haud
2310 918 2314 938 ¹

260 944 559 997 infrequentia
591 944 694 984 sint.
857 945 879 982 8
919 942 1155 995 Supplevit
1192 941 1417 982 Letronne
1458 952 1645 982 monens
1685 942 1774 983 hoc
1810 943 1924 996 loco,
1963 945 2066 984 ante
2107 940 2243 997 Σεβα-

259 1021 383 1066 στῶν,
415 1026 580 1056 nomen
610 1015 849 1068 proprium
870 1014 1199 1066 imperatorum
1223 1012 1483 1064 desiderari,
1515 1012 1560 1053 id
1581 1023 1691 1053 vero
1720 1014 1830 1065 quin
1851 1010 2076 1056 Φιλίππων
2106 1014 2243 1055 fuerit

259 1089 499 1140 propterea
530 1086 721 1127 dubium
755 1097 842 1127 non
879 1087 960 1138 est,
999 1085 1104 1136 quia
1148 1083 1268 1124 nulla
1305 1083 1390 1125 alia
1430 1084 1631 1136 plurium
1670 1085 1748 1136 qui
1787 1095 1876 1126 una
1916 1086 2242 1138 imperaverint

258 1159 517 1212 principum
549 1158 790 1211 appellatio
817 1159 909 1198 tam
940 1156 1093 1197 brevis
1115 1158 1196 1209 est,
1229 1158 1280 1196 ut
1300 1156 1435 1196 huius
1466 1155 1654 1197 lacunae
1675 1155 1898 1197 ambitum
1930 1169 2020 1198 non
2041 1157 2239 1199 excedat.

260 1230 321 1271 Cf.
354 1230 399 1271 C.
422 1231 452 1270 I.
476 1230 522 1271 G.
546 1233 670 1283 5040,
693 1233 733 1271 4.
756 1231 800 1269 2:
834 1225 954 1274 ἔτους
977 1257 986 1268 .
1010 1258 1019 1268 .
1041 1232 1125 1269 τῶν
1155 1224 1314 1282 κυρίων
1344 1225 1470 1282 ἡμῶν
1493 1223 1718 1268 Φιλίππων
1742 1224 1980 1283 Σεβαστῶν.
2032 1229 2076 1270 C.
2099 1230 2241 1270 Iulius

260 1302 493 1354 Philippus
530 1303 639 1342 natu
678 1301 822 1341 malor
862 1299 989 1340 annis
1032 1300 1256 1339 244—248
1290 1310 1333 1351 p.
1366 1299 1466 1339 Chr.
1499 1310 1541 1339 n.
1588 1299 1891 1352 principatum
1937 1301 2094 1341 tenuit.
2157 1301 2243 1343 Sed

258 1373 401 1413 filium
438 1373 772 1424 cognominem,
818 1371 895 1423 qui
934 1382 1014 1423 per
1054 1372 1146 1411 tres
1188 1371 1362 1423 priores
1408 1371 1691 1423 principatus
1737 1382 1880 1412 annos
1923 1369 2244 1415 nobilissimus

265 1441 434 1487 Caesar
464 1443 715 1497 appellatus
747 1443 904 1495 fuerat,
946 1453 983 1483 a.
1011 1444 1092 1482 247
1126 1442 1310 1483 demum
1350 1442 1396 1483 in
1432 1443 1694 1483 societatem
1736 1444 1916 1496 imperii
1954 1445 2242 1496 nominisque

258 1516 449 1568 Augusti
480 1515 642 1557 ascivit
673 1514 853 1567 (Eckhel
883 1514 934 1554 D.
954 1513 1005 1555 N.
1030 1513 1107 1553 VII
1138 1524 1180 1566 p.
1206 1517 1286 1554 333
1305 1514 1430 1566 sqq).
1481 1514 1570 1555 Aut
1601 1514 1761 1555 eodem
1793 1517 1870 1556 aut
1892 1516 2102 1567 proximo
2124 1527 2240 1559 anno

261 1589 396 1640 igitur
426 1588 538 1628 haec
568 1587 710 1628 incisa
742 1587 860 1626 sunt.

1208 2075 1293 2132 IV.
2274 2090 2292 2166 ζ
2308 2062 2314 2184 Ι

827 2228 1116 2311 Regnum
1161 2227 1670 2296 Seleucidarum.
1844 2200 1849 2202 ³
2302 2186 2314 2393 Ι

367 2397 475 2452 211
547 2402 700 2467 Lapis
757 2402 993 2451 inventus
1050 2401 1304 2466 Thyatiris
1363 2398 1602 2468 (Kioski).
1685 2401 1809 2450 Edd.
1870 2397 1982 2451 Νέα
2037 2398 2238 2471 Σμύρνη
2297 2389 2311 2535 Ι

262 2489 344 2538 44.
383 2488 507 2552 Aug.
551 2487 703 2537 ⁴894.
787 2488 842 2537 A.
873 2489 926 2536 Ε.
956 2488 1241 2537 Kontoleon
1296 2489 1469 2537 Revue
1519 2489 1607 2538 des
1654 2489 1828 2538 etudes
1876 2488 2129 2553 Grecques
2176 2489 2242 2539 IV
2313 2492 2314 2524 ἒ

261 2571 437 2639 (489⁴)
476 2590 527 2639 p.
558 2570 662 2623 297
702 2588 749 2621 n.
783 2573 828 2622 l.
895 2572 965 2622 Cf.
1009 2588 1139 2638 quae
1187 2574 1563 2623 adnotaverunt
1602 2573 1741 2623 Clerc
1780 2574 1842 2623 de
1879 2574 2033 2623 rebus
2071 2573 2241 2639 Thya·
2296 2537 2307 2644 Ι

258 2661 539 2710 tirenorum
575 2676 626 2725 p.
661 2660 739 2709 ⁴3.
808 2659 863 2709 G.
893 2660 1057 2709 Radet
1095 2660 1157 2709 de
1196 2661 1401 2710 coloniis
1441 2675 1470 2709 a
1496 2661 1854 2710 Macedonibus
1883 2661 1934 2709 in
1960 2661 2131 2710 Asiam
2170 2661 2240 2710 cis
2295 2661 2304 2681 ³

259 2747 483 2795 Taurum
521 2745 747 2794 deductis
785 2761 835 2811 p.
867 2746 949 2795 50.
1021 2747 1100 2794 W.
1130 2746 1469 2796 Hiinerwadel
1517 2746 1880 2810 Forschungen
1929 2761 2020 2795 zur
2058 2745 2236 2796 Gesch.

260 2832 349 2881 des
387 2832 576 2895 Konigs
615 2831 946 2895 Lysimachos
983 2847 1033 2896 p.
1062 2832 1177 2881 404.
1244 2830 1298 2880 B.
1328 2832 1477 2881 Niese
1516 2831 1693 2882 Gesch.
1730 2833 1820 2882 der
1855 2847 1931 2897 gr.
1959 2848 2007 2882 u.
2037 2832 2235 2882 maked.
2293 2827 2300 2928 Ι

259 2918 466 2967 Staaten
503 2917 547 2965 II
584 2932 633 2982 p.
665 2917 730 2965 90
770 2919 873 2966 not.
909 2917 951 2965 l.
2294 2931 2297 2958 !

2245 2942 2266 3094 ‘tw-*-

403 3056 618 3109 Βασιλεῖ
673 3056 993 3124 Σελεόκω[ι1]
1054 3056 1059 3125 Ι
1117 3059 1213 3109 τῶν
1269 3057 1321 3108 ἐν
1382 3056 1676 3128 Θυατείροις
1729 3057 1734 3126 Ι
1788 3055 2134 3110 Μακεδόνων2
2190 3057 2258 3110 οἱ.

351 3158 375 3198 5
407 3142 662 3214 ἡΙγεμόνες
700 3140 786 3194 καὶ
825 3143 871 3194 οἱ
911 3141 1239 3212 στΗροιτιῶται.
2240 3105 2260 3169 ί

377 3306 392 3342 4
433 3302 670 3343 Seleucum
701 3303 719 3342 I
755 3301 967 3343 Nicatora
1009 3300 1195 3340 iudicari
1237 3301 1274 3340 si
1306 3312 1393 3341 non
1427 3301 1557 3353 plane
1592 3303 1780 3354 certum,
1820 3302 1866 3342 at
1904 3301 2099 3342 maxime
2130 3311 2215 3354 pro

260 3373 410 3414 babile
441 3383 541 3414 esse
570 3375 759 3426 propter
788 3373 1086 3413 litteraturam
1118 3372 1229 3424 ipsis
1261 3373 1428 3412 saeculi
1460 3385 1497 3413 a.
1529 3373 1629 3413 Chr.
1662 3385 1703 3413 n.
1737 3373 1857 3413 tertii
1896 3372 2035 3413 initiis
2075 3372 2212 3412 meliu

261 3445 603 3486 convenientem
634 3455 770 3497 quam
802 3444 881 3484 ulli
902 3443 1100 3485 inferiori
1123 3444 1258 3483 aetati
1280 3442 1493 3485 observat
1513 3444 1776 3484 Kontoleon.
1925 3446 1949 3482 2
1983 3442 2043 3484 Cf.
2076 3442 2206 3484 Strab

260 3515 373 3568 XIII,
407 3517 445 3568 4,
477 3517 498 3555 4
540 3526 582 3568 p.
616 3518 696 3556 625
737 3515 833 3556 Cas.
865 3513 934 3556 ἐπὶ
971 3512 1018 3555 δὲ
1054 3512 1126 3555 τὸν
1163 3512 1284 3555 νότον
1327 3515 1366 3565 (a
1406 3515 1637 3567 Pergamo)
1679 3512 1818 3570 ὀρεινὴ
1858 3510 1978 3570 ῥάχις
2020 3512 2143 3567 ἐστίν,
2180 3510 2209 3568 ἢ

255 3583 468 3643 ὑπερβᾶσι
495 3584 571 3628 καὶ
602 3583 836 3642 βαδίζουσιν
870 3583 939 3627 ἐπὶ
970 3581 1169 3644 Σάρδεων
1201 3583 1322 3631 πόλις
1356 3583 1464 3626 ἐστὶν
1496 3585 1538 3627 ἐν
1571 3583 1767 3642 ἀριστερᾷ
1791 3581 2010 3639 Θυάτειρα,
2042 3598 2192 3626 κατοικ

258 3651 539 3710 Μακεδόνων,
570 3654 622 3711 ἣν
643 3651 802 3699 Μυσῶν
835 3653 1020 3713 ἐσχάτην
1040 3653 1148 3702 τινές
1171 3669 1307 3712 φασιν.
1359 3657 1509 3710 Steph.
1533 3657 1637 3710 Byz.
1661 3653 1886 3712 Θυάτειρα·
1919 3653 2040 3702 πόλις
2062 3653 2168 3698 Λυδί

2270 3739 2276 3816 Ι

2208 3881 2237 3970 Ιὺ-»ε-
2221 3741 2237 3814 -..
