2314 3970
261 269 325 319 38
584 268 614 309 Ι.
661 268 808 318 Regna
838 266 1092 318 Alexandri,
1125 266 1347 318 Antigoni,
1381 267 1608 319 Demetrii,
1642 267 1913 319 Lysimachi.
2167 267 2236 319 [43
2312 280 2314 313 3

406 434 657 495 Βασιλεὺς
696 435 983 504 Λυσίμαχος
1023 433 1226 503 Σαμίων
1275 439 1359 503 τῆι
1409 436 1587 504 βουλῆι
1631 435 1716 488 καὶ
1754 440 1844 488 τῶι
1883 438 2050 506 δήμωι
2086 435 2239 506 χ[αί]-

403 523 580 591 ρει[ν1·
625 521 631 591 Ι
673 522 999 589 κατ]έστησαν
1053 515 1128 590 ἐφ’
1183 521 1318 589 ἡμᾶς
1363 517 1416 571 οἵ
1459 540 1512 572 τε
1559 521 1789 591 πρέσβεις
1837 523 1884 573 οἱ
1930 517 2042 590 παρ’
2099 521 2236 589 ὑμῶν

372 695 562 734 Litteras
594 694 800 744 volgares
831 693 1011 745 praeter
1041 693 1152 734 ΘΠΣ
1192 692 1407 733 exhibent
1447 692 1642 733 editores
1680 694 1972 745 antiquiores,
2015 693 2236 732 incertum

256 777 347 817 qua
377 765 476 805 fide.
624 768 640 804 4
690 764 783 805 Hac
814 763 1007 816 epistula
1037 764 1334 816 Lysimachus
1357 775 1465 805 eum
1487 764 1648 804 Samiis
1669 765 1978 805 communicat
2000 764 2239 805 arbitrium

257 847 391 876 suum
423 836 479 876 de
509 836 820 876 controversia
859 835 1174 888 antiquissima
1215 846 1331 888 quae
1367 836 1484 876 inter
1524 835 1624 876 illos
1665 838 1711 876 et
1740 837 2003 876 Prienenses
2036 835 2090 875 de
2120 838 2239 876 terra

256 910 301 949 in
333 908 579 948 continenti
612 908 698 948 sita
728 908 892 959 agitata
924 909 1038 959 erat3
1083 918 1199 959 quae
1230 909 1352 948 terra
1388 908 1462 947 hic
1494 907 1680 959 quidem
1711 919 1753 948 v.
1777 910 1844 947 42.
1868 909 1935 948 24.
1960 910 2012 947 28
2051 905 2079 961 ἡ
2110 903 2239 948 Βατι-

255 984 372 1033 νῆτις
402 980 538 1037 χώρα,
570 980 615 1019 in
647 978 923 1020 Rhodiorum
954 990 1063 1019 vero
1097 978 1284 1019 arbitrio
1319 979 1476 1029 (Greek
1507 979 1640 1019 inser.
1673 979 1717 1019 in
1749 979 1825 1019 the
1845 979 2012 1019 British
2034 980 2239 1019 Museum

255 1051 324 1103 111,
344 1054 360 1091 4
393 1062 437 1103 p.
457 1054 509 1090 42
532 1062 574 1091 n.
594 1050 802 1103 CCCCIII,
826 1053 922 1090 402.
948 1050 1043 1101 425)
1074 1049 1121 1091 τὸ
1144 1047 1382 1104 Βατίνητον
1404 1051 1608 1103 vocatur,
1640 1050 1718 1090 sed
1739 1050 1830 1090 illic
1854 1062 1893 1091 v.
1919 1053 1970 1090 45
2001 1048 2075 1091 τάν
2097 1046 2241 1102 Βατ[ι-
2295 1083 2299 1087 .

254 1121 416 1174 voluta]
449 1132 670 1174 perquam
692 1121 991 1174 probabiliter
1013 1121 1244 1174 supplevit
1265 1121 1414 1162 Hicks.
1467 1121 1598 1173 Origo
1621 1121 1758 1162 huius
1780 1122 1870 1162 litis
1893 1121 2039 1162 redire
2060 1121 2242 1162 videtur

255 1194 311 1235 ad
340 1194 509 1235 bellum
542 1192 636 1248 (τὸμ
667 1191 853 1249 πόλεμον
883 1192 967 1246 τὸμ
986 1189 1234 1245 Meuium]
1268 1193 1339 1233 Gr.
1362 1194 1495 1234 inser.
1517 1194 1627 1245 ΙΙΙ,4
1668 1204 1710 1246 p.
1735 1195 1787 1232 42
1820 1203 1862 1234 n.
1885 1192 2093 1246 CCCCIII,
2116 1196 2182 1244 56)
2216 1205 2243 1233 a

255 1266 415 1307 Samiis
461 1268 506 1306 et
550 1265 868 1306 Prienensibus
914 1265 1191 1306 coniunctim
1237 1267 1396 1306 contra
1440 1265 1673 1306 Melienses
1720 1259 1911 1316 (Μελιεῖς
1948 1264 2055 1305 ibid.
2095 1276 2138 1305 v.
2173 1265 2240 1316 47)

255 1338 422 1378 horum
453 1337 627 1378 vicinos
660 1339 850 1390 gestum,
890 1336 1059 1389 quibus
1091 1337 1226 1377 victis
1258 1337 1479 1390 oppidum
1517 1336 1702 1389 quidem
1732 1336 1945 1388 deletum,
1988 1347 2094 1388 ager
2131 1347 2240 1377 vero

256 1407 296 1460 (ά
326 1409 449 1465 χώρα
489 1407 516 1449 ἁ
548 1404 713 1454 Μελιάς
755 1409 862 1449 ibid.
906 1421 948 1449 v.
974 1409 1040 1459 55)
1087 1409 1204 1449 inter
1242 1409 1440 1450 victores
1479 1409 1654 1450 divisus
1692 1410 1773 1449 est.
1834 1409 1884 1449 In
1928 1418 1981 1450 ea
2019 1408 2242 1449 divisione

254 1480 485 1533 quondam
516 1480 639 1521 illam
671 1482 766 1533 agri
796 1482 986 1534 partem,
1029 1491 1146 1532 quae
1177 1481 1392 1521 Batinetis
1423 1480 1691 1533 vocabatur,
1728 1481 1911 1533 utrique
1942 1479 2029 1521 sibi
2059 1481 2242 1533 potissi-

255 1563 381 1592 mum
415 1553 608 1593 cessisse
639 1552 981 1593 contendebant.
1034 1552 1158 1600 Quae
1179 1552 1343 1594 divisio
1374 1553 1472 1594 sive
1493 1551 1698 1594 fabulosa
1728 1554 1797 1592 est
1827 1553 1923 1593 sive
1952 1563 2002 1592 re
2024 1563 2132 1593 vera
2163 1552 2243 1593 ali-

254 1623 435 1676 quando
475 1623 603 1675 facta,
642 1624 801 1676 utique
839 1635 928 1664 non
970 1626 1075 1676 post
1115 1624 1350 1665 saeculum
1381 1636 1419 1664 a.
1449 1624 1550 1664 Chr.
1579 1636 1622 1664 n.
1655 1625 1902 1676 septimum
1942 1634 2031 1664 usu
2061 1625 2242 1664 venisse

254 1697 417 1749 potest,
458 1695 823 1748 quandoquidem
857 1706 957 1736 eam
988 1695 1118 1736 bellis
1151 1698 1196 1736 et
1227 1695 1595 1736 contentionibus
1625 1706 1742 1748 quae
1772 1695 1846 1735 hic
1875 1707 1919 1736 v.
1942 1697 1995 1736 44
2015 1705 2112 1747 sqq.
2144 1697 2242 1736 tan-

254 1769 422 1818 guntur
465 1768 534 1818 (de
564 1778 764 1820 quorum
805 1767 1091 1820 temporibus
1122 1779 1164 1808 v.
1196 1769 1287 1808 not.
1312 1771 1350 1808 9.
1374 1767 1440 1819 47)
1481 1769 1602 1808 certe
1640 1767 1942 1819 antiquiorem
1982 1777 2082 1807 esse
2121 1767 2242 1808 tituli

254 1838 429 1880 docent.
492 1838 611 1886 Quas
651 1840 752 1879 lites
797 1839 966 1880 Biantis
1008 1840 1260 1880 Prienensis
1306 1839 1527 1891 legatione
1572 1839 1629 1880 ad
1666 1839 1840 1880 Samios
1885 1838 2100 1879 diremtas
2141 1848 2240 1879 esse

254 1909 611 1951 luculentissime
643 1913 831 1963 apparet
861 1922 915 1951 ex
947 1923 988 1952 v.
1014 1913 1204 1963 22-24;
1238 1922 1290 1952 ac
1321 1912 1420 1951 tum
1451 1911 1718 1952 convenisse
1747 1912 1800 1951 ut
1819 1910 2083 1951 Prienenses
2114 1912 2240 1951 tene·
2276 1951 2278 1954 .

254 1984 354 2022 rent
399 1983 567 2022 terram
615 1982 858 2034 litigiosam
904 1983 1110 2035 ipsorum
1157 1983 1342 2034 quidem
1380 1983 1515 2034 legati
1555 1982 1799 2023 narrabant
1835 1982 1929 2034 regi
1967 1982 2240 2034 Lysimacho

255 2053 360 2104 (not.
385 2053 473 2106 20);
506 2056 552 2094 at
582 2054 628 2094 in
660 2055 995 2106 possessionem
1026 2054 1101 2095 illa
1132 2055 1277 2095 aetate
1306 2055 1485 2095 venisse
1515 2066 1604 2095 non
1635 2054 1860 2094 videntur.
1913 2053 2042 2101 Quod
2070 2053 2241 2094 bellum

253 2136 292 2166 a.
318 2127 397 2165 440
422 2137 459 2166 a.
485 2125 585 2166 Chr.
620 2127 831 2167 exortum
861 2128 931 2167 est
961 2137 1050 2167 non
1082 2126 1199 2167 inter
1222 2127 1396 2167 Samios
1426 2128 1472 2166 et
1500 2126 1777 2179 Prienenses,
1807 2125 1886 2166 sed
1918 2126 2036 2166 inter
2066 2125 2240 2166 Samios

254 2197 299 2237 et
329 2196 526 2237 Milesios
568 2196 622 2237 de
660 2198 804 2250 ipsius
846 2197 1002 2250 oppidi
1039 2197 1221 2238 Prienes
1261 2198 1547 2251 possessione
1587 2198 1738 2249 (Thuc.
1768 2198 1800 2250 I,
1831 2200 1927 2250 445,
1959 2200 2006 2237 2:
2052 2193 2163 2252 ἕκτῳ
2195 2194 2241 2236 δὲ

255 2265 338 2310 ἔτει
376 2263 554 2323 Σαμίοις
591 2267 664 2309 καὶ
702 2264 935 2322 Μιλησίοις
974 2266 1161 2323 πόλεμος
1202 2267 1366 2325 ἐγένετο
1410 2268 1503 2325 περὶ
1534 2266 1752 2326 Πριήνης),
1794 2268 1918 2321 quod
1954 2267 2240 2309 nobilissimo

253 2339 317 2379 illi
347 2338 691 2380 Atheniensium
722 2342 880 2381 eontra
911 2341 1085 2381 Samios
1130 2341 1367 2381 certamini
1397 2351 1553 2382 ansam
1592 2341 1727 2394 dedit,
1768 2340 1814 2381 id
1852 2351 2090 2393 perperam
2130 2350 2240 2379 non-

254 2410 365 2450 nulli
410 2411 615 2452 homines
662 2411 784 2452 docti
829 2411 885 2452 ad
930 2412 1046 2452 hanc
1087 2413 1444 2453 controversiam
1485 2412 1695 2453 referunt.
1755 2412 1871 2452 Nam
1910 2414 2008 2452 tum
2054 2410 2240 2463 quidem

253 2482 383 2530 litem
413 2482 468 2522 de
499 2483 594 2534 agri
625 2482 792 2523 finibus
823 2483 867 2523 in
899 2494 1088 2524 censum
1119 2484 1300 2524 venisse
1331 2485 1410 2524 aut
1430 2484 1685 2524 Samiorum
1716 2483 1843 2524 clade
1872 2483 2118 2535 quicquam
2139 2493 2239 2522 mu·
2313 2535 2314 2538 Ἰ

253 2555 399 2593 tatum
442 2563 540 2593 esse
579 2555 625 2594 in
656 2555 943 2606 possessione
981 2557 1127 2595 terrae
1169 2555 1392 2607 litigiosae
1431 2566 1578 2608 neque
1615 2555 1863 2596 memoriae
1900 2554 2133 2607 proditum
2171 2555 2266 2594 est·
2308 2542 2314 2560 ³

253 2634 400 2676 neque
431 2624 521 2664 ulla
552 2635 607 2665 ex
638 2627 766 2677 parte
797 2625 1047 2677 probabile.
1098 2625 1219 2667 Num
1249 2627 1500 2668 Alexander
1529 2628 1716 2679 Magnus
1745 2627 1990 2680 quicquam
2022 2626 2078 2666 de
2108 2637 2162 2667 ea
2191 2636 2263 2667 re·

255 2696 476 2748 statuerit,
508 2696 553 2736 in
585 2696 734 2737 medio
765 2697 1113 2748 relinquendum
1146 2699 1227 2739 est.
1278 2698 1435 2750 Neque
1466 2699 1585 2738 enim
1615 2699 1744 2739 locus
1766 2698 1940 2739 arbitrii
1961 2697 2263 2738 Rhodiorum·

253 2779 297 2808 v.
331 2769 433 2807 446:
481 2762 777 2827 [Ἀλεξά]νὸρου
819 2766 1038 2822 διαβάντος
1077 2767 1138 2814 εἰς
1175 2764 1416 2811 τάν.Ἀσίαν
1458 2768 1700 2824 ἐνέμον[το],
1747 2781 1884 2822 quem
1923 2769 2052 2810 affert
2089 2769 2238 2821 Hicks,

255 2839 368 2878 mihi
405 2838 611 2879 sufficere
641 2838 820 2879 videtur
859 2839 916 2880 ad
955 2839 1000 2879 id
1037 2839 1338 2892 probandum.
1398 2839 1527 2888 Quod
1568 2843 1726 2881 contra
1768 2842 2030 2882 alterutram
2061 2843 2236 2894 partem

253 2910 531 2962 Antigonum
563 2902 725 2962 regem
746 2911 978 2963 (306-304
1019 2923 1057 2951 a.
1090 2911 1204 2962 Chr.)
1248 2911 1411 2952 adiisse
1447 2914 1569 2953 recte
1610 2913 1683 2952 ille
1721 2913 1899 2964 collegit
1939 2924 1994 2953 ex
2034 2913 2238 2954 eiusdem

254 2982 375 3022 tituli
404 2993 447 3022 v.
472 2984 567 3022 444.
591 2983 693 3022 442;
740 2979 841 3033 [ἐ]πὶ
869 2984 946 3028 τᾶς
975 2976 1208 3038 Ἀντιγόνου
1242 2980 1453 3037 βασιλείας
1485 2981 1585 3024 ὅθεν
1615 2982 1688 3024 ’καὶ
1719 2983 1762 3035 α[
1763 3005 2053 3014 ----------
2083 2982 2238 3039 ἀμφισ-

256 3051 500 3108 βατ]οῧντας
537 3055 628 3098 τοῖς
658 3049 881 3107 Πριανεῦσι
920 3051 1028 3094 διότι
1069 3051 1403 3110 παρορίζον[ται].
1466 3054 1551 3094 Sed
1588 3054 1708 3095 idem
1739 3055 2036 3107 probabiliter
2067 3056 2237 3108 statuit,

254 3126 354 3164 tum
385 3135 475 3165 non
506 3124 733 3165 alterutris
770 3124 1054 3165 adiudicasse
1085 3136 1238 3176 regem
1270 3127 1438 3166 terram
1469 3128 1822 3179 controversam,
1863 3127 1942 3167 sed
1981 3127 2238 3168 decrevisse

254 3198 307 3235 ut
338 3197 382 3236 in
413 3196 703 3248 possessione
735 3198 967 3236 manerent
997 3197 1076 3248 qui
1106 3196 1346 3237 Alexandri
1378 3198 1423 3237 in
1444 3197 1596 3238 Asiam
1627 3199 1822 3238 transitu
1843 3209 1943 3239 eam
1973 3199 2236 3240 tenuissent.

257 3266 317 3307 Cf.
357 3267 503 3307 simile
541 3267 781 3308 arbitrium
818 3268 935 3308 inter
974 3268 1221 3308 Messenios
1261 3270 1306 3308 et
1340 3268 1718 3310 Lacedaemonios
1750 3268 1878 3322 Syll.2
1906 3273 2002 3323 344,
2034 3273 2098 3310 52.
2151 3267 2256 3310 Sed>
2313 3311 2314 3320 ¹

256 3339 360 3377 utut
380 3338 467 3379 hoe
498 3349 546 3379 se
577 3339 725 3392 habet,
758 3339 1016 3392 Lysimachi
1037 3350 1175 3391 regno
1198 3340 1356 3391 utique
1378 3342 1545 3380 terram
1570 3341 1782 3381 tenebant
1802 3342 1958 3392 Samii3
1991 3353 2095 3382 nam
2117 3341 2237 3381 Prie·
2313 3327 2314 3330 ¹

257 3419 417 3448 nenses
449 3410 625 3461 priores
658 3411 713 3463 (v.
740 3413 776 3451 3.
803 3410 839 3462 4)
872 3421 1023 3463 regem
1054 3411 1265 3452 adierunt
1293 3413 1345 3451 ut
1375 3411 1554 3452 iuberet
1594 3412 1679 3452 sibi
1717 3412 1843 3452 reddi
1886 3412 1932 3452 id
1974 3413 2098 3464 quod
2137 3414 2235 3454 iure

257 3479 460 3531 ipsorum
503 3483 634 3521 esset.
694 3483 788 3522 Iam
829 3481 902 3522 ille
941 3482 1149 3535 utrisque
1188 3481 1354 3523 auditis
1394 3483 1661 3523 sententiam
1703 3484 1827 3524 dixit.
1889 3483 2010 3531 Quae
2049 3485 2236 3536 propter

257 3550 463 3591 mutilam
494 3551 655 3603 lapidis
687 3553 996 3594 condicionem
1028 3565 1117 3594 non
1148 3555 1307 3606 exstat,
1339 3554 1402 3595 ita
1434 3555 1482 3594 ut
1503 3554 1794 3596 dissentiatur
1813 3556 1929 3595 utris
1959 3566 2038 3595 rex
2067 3558 2246 3596 terram

257 3622 312 3663 de
352 3633 443 3674 qua
473 3624 781 3665 controversia
825 3627 943 3666 esset
982 3624 1328 3677 adiudicaverit3
1375 3626 1540 3665 etenim
1578 3625 1882 3678 Waddington
1920 3628 1964 3666 et
2003 3627 2235 3668 Lenschau
2292 3612 2297 3629 ‘

260 3693 510 3733 secundum
542 3694 731 3747 Samios,
774 3695 908 3736 Hicks
938 3707 1046 3737 vero
1080 3696 1328 3738 secundum
1359 3697 1619 3738 Prienenses
1651 3697 1898 3738 iudicatum
1932 3708 2031 3738 esse
2063 3699 2234 3739 statuit.
2288 3688 2295 3743 ,’
