2314 3970
114 200 214 252 248]
768 199 996 239 Iliensium
1030 198 1101 238 lex
1133 198 1187 238 de
1218 198 1437 250 tyrannis.
1991 200 2094 249 337

113 374 145 437 ἓ
173 373 226 421 Η
257 371 384 422 τω30
423 370 493 427 εἰς
531 366 644 427 τοὺς
685 369 1038 438 ἀποδομένους.
1104 366 1194 421 ἐάν
1233 389 1306 427 τις
1345 371 1395 421 ἐν
1436 368 1740 440 ὀλιΙγαρχίαι
1775 373 2093 440 κακοτεχνῶν

257 453 369 525 περὶ
407 453 521 513 τοὺς
561 456 741 525 νόμους
784 454 788 524 Ι
835 454 1018 526 βουλὴν
1059 456 1263 525 αἱρῆται
1301 457 1333 524 ἢ
1372 452 1463 514 τὰς
1504 455 1662 514 ἄλλας
1691 452 1856 527 ἀρχὰς
1899 454 1904 525 Ι
1946 458 2014 515 ὡς
2042 457 2093 508 ἐν

152 556 229 596 115
260 540 652 611 δημοκρατίαιῗ)1
708 542 870 594 θέλων
920 539 1330 611 διαπράσσεσθαι
1374 540 1706 613 τ[ε]ΙΙχνάζων,
1748 541 1912 613 ἄκυρα
1960 541 2094 595 εἶναι

112 632 144 695 ξ
170 631 234 681 42
256 627 342 680 καὶ
390 626 474 679 τὸν
521 626 827 698 τεχνάζοντα
863 625 1095 698 πάσΙχειν
1135 629 1202 686 ὡς
1241 628 1467 697 ἡγεμόνα
1506 627 1874 698 ὀλιγαρχίας32.
1939 629 1992 687 ὃς
2033 627 2092 680 ἂν

253 714 528 785 τόρανν[ος]
570 712 576 785 Ι
616 717 649 784 ἢ
689 714 892 785 ἡγεμὼν
931 713 1136 784 γένηται
1174 712 1470 782 ὀλιγαρχίας
1508 716 1541 783 ἢ
1581 714 1821 784 τύραννον
1861 712 2096 785 στ[ή]Ισηι

254 803 286 870 ἢ
338 805 707 870 συνεπαναστῆι
754 804 786 870 ἢ
838 798 1180 870 δημοκρατίαγ
1226 797 1540 868 καταλύΙσηι,
1589 802 1704 852 ὅτου
1751 800 1811 853 ἄν
1850 822 1898 854 τι
1934 801 2094 870 ὄνομα

142 900 221 940 120
253 887 310 956 ἧι
353 886 539 939 τούτων
587 884 677 940 ἐάν
726 907 779 939 τε
817 888 868 938 ἐν
907 886 1008 944 τοῖς
1043 883 1060 954 ΙΙ
1100 883 1545 955 ἱερ(ητ)εύσασιν33
1583 884 1673 938 ἐάν
1714 907 1766 938 τε
1803 888 1855 940 ἐν
1897 887 2106 958 ἀναθή-·

256 993 374 1042 ματι
422 970 514 1026 ἐάν
562 968 606 1024 τ’
662 970 742 1025 ἐπὶ
787 969 970 1042 τάφο[υ
986 971 1066 1039 34,]
1109 970 1115 1040 Ι
1157 971 1414 1023 ἐκκόπτειν
1461 969 1729 1042 πάντοθεγ,
1779 972 1869 1025 καὶ
1909 976 1963 1043 ἐγ
2005 973 2091 1042 μὲν

251 1061 348 1110 τῶν
409 1058 780 1130 ἱερητευΙκότων
838 1059 1148 1128 ἐκκόψαντας
1204 1057 1406 1124 πωλεῖν,
1472 1055 1557 1109 καὶ
1609 1056 1704 1127 τὸμ
1759 1057 2031 1129 πριάμενον
2086 1058 2093 1129 Ι

252 1146 413 1215 ὄνομα
458 1143 839 1216 ἐπιγράψασθαι
886 1146 964 1197 ὅτι
1002 1142 1061 1196 ἂν
1101 1143 1251 1212 θέληι
1289 1142 1363 1203 οἷς
1405 1143 1680 1214 μέτεστιῧὸ·
1725 1144 1729 1214 Ι
1770 1141 1834 1197 τὰ
1877 1144 1931 1197 δὲ
1971 1145 2094 1198 ἀνα-

109 1361 215 1406 ἄλλο
255 1361 408 1405 ὁτιοῦν.
470 1364 553 1403 Per
590 1363 816 1404 sermonis
857 1362 976 1415 leges
1015 1361 1200 1415 quidem
1242 1363 1493 1414 utrumque
1534 1362 1650 1416 licet,
1692 1362 1773 1403 sed
1811 1362 2096 1404 commodius

110 1437 207 1489 hoc,
249 1436 357 1488 quia
395 1436 461 1476 sic
498 1434 640 1476 verba
681 1431 888 1490 ἐωνήσθω
928 1432 1002 1475 καὶ
1042 1431 1225 1475 ἐπανίτω
1266 1434 1323 1476 ad
1360 1433 1482 1474 idem
1521 1433 1780 1475 referuntur
1825 1434 2095 1476 subiectum.

111 1512 160 1548 30
201 1509 268 1549 Sc.
299 1506 352 1550 τὰ
381 1505 634 1564 πεπραμένα
663 1505 880 1565 χρήματα.
1030 1509 1075 1546 34
1122 1506 1217 1547 Etsi
1239 1507 1325 1547 hoc
1346 1506 1448 1547 loco
1472 1507 1608 1547 etiam
1633 1507 1776 1548 multo
1799 1508 1950 1548 minus
1972 1519 2097 1548 com-

110 1580 241 1622 mode
272 1581 316 1620 et
346 1580 586 1633 perspicue
616 1579 836 1620 adornata
868 1580 937 1619 est
969 1579 1128 1631 oratio,
1170 1590 1307 1631 quam
1348 1578 1467 1631 alibi,
1509 1581 1662 1620 tamen
1702 1590 1926 1631 quaenam
1968 1591 2096 1620 mens

109 1653 167 1693 sit
197 1652 434 1705 scriptoris
469 1652 542 1692 vix
574 1651 773 1692 dubitari
804 1652 967 1704 potest.
1029 1651 1204 1692 Dicitur
1234 1650 1290 1691 de
1321 1651 1399 1704 eis,
1439 1652 1519 1703 qui
1560 1662 1641 1703 per
1679 1653 1886 1704 tempora
1916 1652 2096 1704 imperii

108 1735 360 1777 paucorum
393 1723 524 1764 malis
554 1722 728 1764 artibus
759 1723 830 1763 usi
862 1722 1068 1763 instituta
1100 1723 1251 1774 specie
1282 1723 1521 1775 popularia
1565 1722 1799 1776 inducunt,
1840 1734 1928 1763 non
1967 1725 2019 1764 ut
2050 1735 2097 1763 re

108 1808 215 1838 vera
245 1796 403 1850 populi
434 1796 677 1849 imperium
710 1796 990 1847 restituatur,
1023 1794 1103 1835 sed
1134 1796 1185 1834 ut
1215 1795 1354 1835 animi
1376 1795 1547 1835 civium
1580 1794 1636 1835 ad
1658 1796 1841 1847 tempus
1862 1795 2098 1847 placentur

107 1870 153 1910 et
182 1869 406 1909 leniantur
436 1879 579 1920 eaque
609 1879 658 1908 re
689 1867 979 1920 optimatium
1023 1866 1272 1907 dominatio
1304 1866 1611 1907 confirmetur.
1674 1866 1728 1907 Hi
1767 1878 1823 1907 ne
1863 1878 1967 1907 cum
2007 1868 2097 1908 sin-

107 1941 222 1982 ceris
260 1939 439 1994 imperii
480 1940 711 1992 popularis
752 1938 1007 1980 fautoribus
1045 1938 1379 1979 confundantur
1417 1938 1495 1979 sed
1543 1938 1728 1991 perinde
1775 1950 1827 1979 ac
1864 1939 2093 1991 principes

109 2012 313 2054 factionis
352 2012 642 2065 optimatium
685 2010 939 2052 habeantur
975 2012 1106 2051 cavet
1144 2011 1228 2051 lex.
1403 2014 1454 2050 32
1499 2010 1719 2051 Omnibus
1758 2011 1944 2064 reliquis
1984 2011 2097 2052 locis

109 2085 164 2136 (v.
190 2087 254 2125 49.
288 2087 356 2126 20.
390 2086 456 2124 43.
491 2085 555 2124 44.
590 2087 683 2124 407.
719 2086 813 2123 446.
847 2082 943 2133 447)
984 2082 1261 2123 coniunctim
1295 2082 1462 2123 dicitur
1503 2083 1558 2123 de
1590 2085 1785 2135 tyranno
1818 2085 1863 2124 et
1893 2084 2098 2136 principe

109 2157 313 2198 factionis
346 2157 651 2210 optimatium.
713 2155 770 2196 At
799 2155 926 2208 quod
957 2155 1030 2196 hic
1062 2156 1242 2208 tyranni
1283 2155 1403 2195 nulla
1443 2155 1613 2196 mentio
1653 2156 1715 2208 fit,
1756 2156 1825 2196 Br.
1867 2156 1953 2196 sibi
1996 2167 2097 2208 per-

108 2230 252 2270 suasit
279 2230 325 2269 in
355 2230 483 2282 parte
514 2228 747 2281 deperdita
778 2228 897 2268 tituli
930 2229 1081 2268 tamen
1114 2227 1247 2268 aliam
1280 2239 1471 2280 poenam
1505 2229 1714 2280 tyranno,
1747 2228 1879 2269 aliam
1910 2228 2014 2268 duci
2046 2240 2099 2268 ac

109 2301 318 2353 signifero
349 2300 554 2342 factionis
586 2311 839 2352 paucorum
871 2300 1167 2341 constitutam
1200 2300 1350 2340 fuisse.
1413 2299 1499 2339 Sed
1537 2299 1581 2340 id
1616 2301 1737 2340 recte
1776 2300 1969 2340 reiciunt
2006 2300 2097 2340 edi-

109 2375 230 2414 tores
261 2374 395 2414 inscr.
423 2373 508 2414 iur.
548 2374 799 2425 monentes,
841 2373 947 2425 quia
986 2372 1202 2412 delictum
1244 2372 1299 2412 de
1338 2383 1428 2424 quo
1461 2372 1534 2412 hic
1565 2372 1742 2413 dicatur
1772 2373 1817 2412 in
1851 2373 2098 2424 oligarchia

110 2445 247 2487 modo
274 2445 483 2486 conmitti
514 2444 674 2497 possit,
706 2445 842 2486 etiam
874 2445 918 2484 in
950 2455 1094 2496 poena
1125 2443 1373 2484 definienda
1403 2444 1539 2484 huius
1569 2444 1703 2485 modo
1733 2444 1938 2485 factionis
1975 2445 2097 2496 prin-

109 2518 257 2571 cipem
288 2517 653 2558 commemorari.
806 2519 857 2555 33
906 2517 1225 2558 ΙΕΡΕΥΣΑΣΙΝ
1266 2516 1393 2568 lapiS,
1436 2515 1558 2568 quod
1598 2516 1858 2557 emendavit
1888 2516 1957 2556 Br.
1991 2528 2095 2557 cum

109 2591 296 2642 propter
338 2600 381 2629 v.
413 2591 508 2629 424.
545 2591 625 2628 422
667 2586 971 2645 ἱερητευκότων
1014 2590 1111 2628 tum
1151 2588 1258 2640 quia
1298 2585 1472 2643 ἰερεὺειν
1517 2588 1813 2640 sacrificandi,
1856 2589 2098 2641 mactandi,

111 2661 325 2703 caedendi
356 2661 589 2701 notionem
629 2659 778 2712 habet,
821 2671 909 2701 non
948 2660 1190 2701 sacerdotii
1231 2659 1426 2712 gerendi.
1577 2661 1627 2698 34
1671 2660 1783 2700 Cum
1824 2660 1879 2700 de
1917 2660 2099 2701 duobus

23 2747 24 2751 ¹
109 2732 340 2786 prioribus
386 2733 733 2785 inscriptionum
777 2732 1031 2785 generibus,
1071 2732 1299 2773 laterculis
1339 2732 1629 2773 sacerdotum
1673 2733 1719 2772 et
1761 2732 2098 2774 dedicationum

110 2805 267 2858 titulis,
299 2805 581 2846 accuratiora
603 2806 842 2857 praecepta
865 2804 1107 2845 subiuncta
1130 2805 1221 2845 sint
1252 2816 1293 2844 v.
1320 2807 1545 2844 424-423
1579 2805 1624 2844 et
1656 2805 1897 2857 424-430,
1930 2804 1985 2844 de
2006 2805 2100 2857 epi-

25 2906 27 2918 ,
111 2878 277 2931 taphiis
309 2877 418 2918 nihil
449 2877 673 2918 eiusmodi
695 2877 917 2930 scriptum
940 2877 1036 2918 fuit.
1089 2876 1201 2918 Nam
1235 2889 1259 2917 a
1290 2887 1428 2917 versu
1452 2879 1531 2916 430
1566 2875 1688 2916 aliud
1719 2877 1925 2929 coepisse
1949 2878 2098 2929 caput,

26 2990 27 2998 ,
112 2950 242 2991 cuius
263 2951 580 3002 argumentum
608 2949 882 3002 ignoramus,
915 2950 1102 3002 propter
1123 2949 1375 3001 asyndeton
1400 2948 1504 3000 (not.
1528 2948 1566 2999 4)
1591 2948 1881 2989 manifestum
1905 2951 1986 2990 est.
2037 2948 2101 2989 Ac

26 3015 28 3030 ⁸
113 3032 168 3062 ne
198 3023 294 3063 erat
324 3021 509 3074 quidem
541 3032 623 3061 cur
653 3021 708 3062 de
738 3021 880 3062 titulis
912 3020 1244 3074 sepulcralibus
1266 3021 1546 3062 accuratiora
1578 3021 1960 3073 praeciperentur,
1993 3021 2100 3072 quia

114 3092 410 3146 difficultates,
442 3104 559 3146 quae
589 3094 635 3133 in
666 3093 753 3134 illis
785 3093 966 3135 duobus
998 3093 1241 3146 generibus
1273 3093 1510 3134 evitandae
1541 3094 1682 3145 erant,
1724 3093 1798 3133 hic
1830 3093 1976 3133 nullae
2005 3091 2099 3132 fue-

115 3167 231 3219 runt,
260 3168 312 3206 ut
342 3165 453 3206 illud
484 3165 875 3218 simplicissimum
906 3167 1201 3219 praeceptum
1235 3164 1456 3206 ἐκκόπτειν
1489 3162 1697 3206 πάντοθεν
1732 3164 1787 3215 (v.
1813 3164 1908 3215 424)
1934 3164 1978 3204 in
2011 3164 2100 3204 hoc

30 3251 31 3254 ¹
115 3236 299 3288 quidem
330 3248 490 3290 genere
521 3236 759 3278 sufficeret.
821 3237 1030 3278 Ceterum
1063 3239 1186 3278 recte
1217 3237 1271 3277 ad
1303 3236 1497 3276 eundem
1530 3236 1787 3276 memoriae
1819 3234 2099 3276 damnandae

117 3318 293 3349 morem
324 3309 520 3350 editores
552 3309 685 3349 inscr.
709 3309 792 3349 iur.
824 3309 1097 3350 rettulerunt
1125 3308 1307 3351 titulum
1329 3307 1563 3359 Nisyrium
1597 3305 1725 3358 Syll.2
1747 3310 1848 3357 880;
1881 3317 1997 3358 quae
2028 3307 2098 3347 lex

118 3389 221 3420 sane
250 3392 340 3421 non
369 3383 422 3421 ut
451 3381 525 3421 hic
556 3391 721 3420 nomen
753 3380 889 3422 modo
911 3381 1130 3433 exsculpi,
1163 3380 1242 3421 sed
1264 3379 1375 3420 adeo
1397 3381 1544 3420 totum
1569 3379 1917 3419 monumentum
1949 3379 2099 3431 sepul-

118 3451 235 3492 crale
265 3454 399 3505 atque
431 3453 542 3493 adeo
565 3463 731 3504 corpus
763 3452 960 3493 defuncti
982 3453 1077 3494 tolli
1100 3452 1238 3493 iubet.
1281 3451 1341 3492 Cf.
1365 3451 1501 3491 etiam
1523 3450 1737 3503 Hyperid.
1762 3451 1811 3502 11,
1837 3453 1902 3490 20.
1934 3451 2006 3503 III,
2031 3453 2097 3491 48.

118 3523 345 3565 Demosth.
367 3525 484 3577 XXI,
509 3527 604 3564 406.
637 3524 762 3578 LVII,
787 3527 853 3565 70.
1003 3528 1054 3566 35
1095 3524 1194 3565 Non
1226 3524 1347 3564 recte
1378 3522 1432 3563 de
1454 3533 1580 3562 more
1604 3521 1855 3562 sacerdotia
1876 3522 2100 3563 vendendi

119 3593 192 3634 hic
221 3596 496 3637 mentionem
528 3595 655 3636 inicit
684 3595 754 3636 Br.
815 3597 976 3650 Immo,
1016 3598 1068 3637 ut
1097 3596 1165 3637 ed.
1198 3596 1332 3636 inscr.
1366 3595 1449 3635 iur.
1483 3594 1825 3647 perspexerunt,
1867 3594 1991 3635 venit
2028 3594 2100 3634 ius

120 3675 203 3718 pro
242 3667 338 3707 eius
369 3668 564 3720 nomine,
612 3667 690 3719 qui
733 3678 779 3707 re
820 3679 928 3709 vera
974 3669 1203 3721 aliquanto
1250 3669 1351 3708 ante
1399 3666 1652 3708 sacerdotio
1700 3666 1882 3706 functus
1927 3668 2008 3719 est,
2054 3666 2098 3705 in

203 3747 548 3793 Dittenberger,
575 3749 732 3784 Orientis
757 3749 816 3783 Gr.
839 3750 946 3784 inser.
982 3751 1011 3784 L
1699 3755 1752 3791 22
