2314 3970
14 846 18 956 z

12 1045 16 1184 Ι

19 203 21 254 l
92 195 189 248 383]
791 191 1001 232 Aurelius
1032 191 1228 232 Pacorus
1259 200 1351 230 rex.
1962 188 2063 238 591

179 381 204 421 5
231 361 521 437 'Ap{lpevia;'‚
588 366 821 437 ἡγόρακα
895 360 1299 435 εταρΙκοςροίγο(ν)2
1362 360 1643 434 Αὔρ(ηλίῳ)
1714 357 2070 432 Μεριθά1τ[ῃ]3

151 466 203 507 10
234 453 440 524 ἀδελφῷ
478 450 782 524 γλυκυΙτάτῳ
823 452 1030 522 ζὴσαντι
1070 449 1077 522 Ι
1119 448 1204 503 σὺν
1244 448 1356 519 ἐμοὶ
1393 448 1479 519 ἔτη
1520 447 1534 520 ΙΙ
1570 444 1656 518 νς’,
1698 448 1892 518 μῆ(νᾶς)
1933 443 1993 518 β’.

16 654 19 687 l
89 629 313 670 abductus
357 629 489 681 esset,
535 627 741 669 futurum
777 626 981 679 profecto
1019 635 1110 666 non
1149 623 1302 677 fuisse,
1352 626 1406 664 ut
1444 624 1543 664 eius
1578 624 1642 663 rei
1681 622 1902 664 memoria
1938 620 2070 675 plane

16 729 18 744 .
89 701 393 753 intercideret;
433 711 581 753 neque
619 700 844 741 Romanos
883 708 1103 750 passuros
1144 695 1285 737 fuisse
1315 696 1442 736 illum
1475 696 1519 736 in
1553 696 1848 736 monumento
1887 693 2072 748 publico

16 761 17 789 ³
90 775 233 815 semet
277 774 432 826 ipsum
478 783 630 825 regem
668 771 905 813 Armeniae
950 770 1135 811 maioris
1178 768 1451 822 praedicare.
1514 767 1660 816 Quare
1698 779 1754 809 ex
1796 779 1956 808 eorum
1995 766 2074 819 qui

88 847 299 901 proximo
333 847 436 887 ante
467 846 531 886 Pii
563 844 739 886 obitum
773 844 861 897 (⁴64
901 855 938 884 a.
971 843 1070 884 Chr.
1101 841 1157 894 n.)
1190 844 1395 895 tempore
1428 840 1619 882 fuissent
1647 852 1806 893 regum
1837 840 2075 881 Armeniae

89 930 279 960 numero
323 918 445 959 hunc
490 928 589 958 esse
628 916 787 958 videri.
849 914 1053 963 Quorum
1092 914 1278 955 nomina
1315 913 1499 966 quidem
1547 914 1825 965 ignorantur,
1872 912 1953 953 sed
1991 922 2074 965 per

89 990 301 1032 Hadriani
331 992 376 1031 et
406 990 470 1030 Pii
501 989 784 1042 principatus
805 987 1064 1028 Armeniam
1094 997 1223 1038 reges
1249 985 1487 1027 Arsacidas
1519 985 1704 1037 quidem
1735 984 1963 1038 habuisse,
1996 984 2076 1025 sed

91 1063 170 1116 qui
190 1063 495 1104 Romanorum
528 1072 715 1107 summo,
735 1060 928 1113 imperio
960 1058 1155 1100 subiecti
1174 1060 1339 1111 essent,
1371 1058 1681 1098 Mommsenus
1704 1068 1760 1097 ex
1782 1057 1917 1098 certis
1938 1057 2077 1098 vesti·

92 1135 174 1188 giis
214 1135 405 1187 collegit.
464 1134 528 1175 Eo
559 1134 682 1175 enim
714 1134 918 1186 spectare
949 1132 1171 1185 Spartiani
1203 1130 1334 1172 Hadr.
1364 1133 1409 1170 2⁴
1457 1126 1698 1172 Armeniis
1735 1141 1884 1184 reyem
1916 1127 2077 1171 habere

84 1205 311 1262 permisit,
343 1219 448 1249 eum
477 1204 560 1248 sub
593 1202 795 1248 Traiano
826 1202 1020 1260 leqatum
1050 1201 1324 1257 habuissent,
1357 1214 1410 1244 eo
1442 1202 1598 1243 referri
1629 1203 1753 1255 quod
1784 1202 1906 1255 apud
1927 1202 2077 1243 Arria-

93 1292 202 1322 num
241 1282 398 1321 contra
427 1279 592 1321 Alanos
624 1290 661 1320 c.
692 1281 745 1318 29
778 1278 824 1318 in
863 1277 1067 1318 exercitu
1096 1277 1300 1318 Romano
1340 1276 1562 1330 praesidis
1593 1275 1903 1328 Cappadociae
1934 1269 2078 1333 Ἀρμέ-

90 1366 174 1395 νιοι
215 1351 385 1402 τοξόται
427 1353 591 1393 essent.
659 1351 789 1391 Pium
827 1361 938 1391 vero
985 1361 1076 1391 non
1117 1349 1255 1391 modo
1297 1349 1472 1390 Parthis
1519 1348 1802 1402 persuasisse
1838 1349 1892 1389 ut
1929 1348 2078 1400 irrup-

90 1426 212 1467 tione
243 1426 288 1466 in
321 1425 582 1466 Armeniam
624 1435 762 1477 quam
793 1424 1065 1476 paraverant
1102 1421 1372 1463 desisterent
1413 1421 1526 1474 (Iulii
1557 1421 1797 1474 Capitolini
1826 1420 2079 1461 Antoninus

92 1498 197 1539 Pius
230 1501 279 1538 9:
323 1494 604 1539 Parthorum
632 1507 782 1551 reyem
811 1493 868 1537 ab
907 1491 1237 1550 expugnatione
1266 1491 1597 1536 Armeniorum
1632 1490 1742 1535 solis
1781 1489 1945 1535 litteris
1979 1504 2079 1546 rep-

86 1567 234 1625 pulit),
266 1570 415 1611 sedin
435 1570 648 1611 Armenia
668 1580 798 1621 reges
819 1569 1085 1621 instituisse,
1113 1568 1160 1609 id
1190 1567 1318 1621 quod
1340 1568 1616 1608 testarentur
1647 1566 1825 1607 nummi
1857 1576 2079 1607 annorum

93 1645 320 1684 iao—⁴44
353 1654 396 1696 p.
420 1643 520 1684 Chr.
555 1642 734 1695 (Eckhel
765 1643 815 1682 D.
837 1641 888 1683 N.
911 1641 989 1681 VII
1021 1652 1064 1694 p.
1090 1641 1171 1693 ⁴5).
1234 1642 1282 1681 In
1321 1641 1409 1681 hoc
1446 1651 1588 1693 genus
1628 1639 1826 1693 perbene
1857 1638 2081 1692 quadrare

94 1717 139 1756 et
167 1726 332 1756 nomen
363 1716 481 1768 regis
513 1716 557 1755 et
587 1715 744 1755 locum
765 1713 846 1754 ubi
877 1713 1036 1755 titulus
1059 1714 1270 1754 inventus
1293 1714 1433 1765 esset3
1467 1723 1572 1754 sane
1604 1712 1649 1753 in
1670 1712 1735 1751 Pii
1766 1712 1920 1764 potius
1942 1721 2080 1763 quam

94 1788 306 1829 Hadriani
348 1788 655 1840 principatum
703 1786 901 1828 incidere
945 1788 1200 1827 statuemus
1247 1785 1403 1827 Pacori
1448 1796 1638 1838 regnum
1683 1786 1872 1837 propter
1916 1794 2082 1824 nomen

95 1861 258 1912 gentile
298 1860 422 1913 quod
465 1862 533 1901 est
562 1857 792 1902 Aurelius.
941 1862 965 1898 2
1007 1860 1171 1901 ΦΑΓΟ.
1322 1861 1343 1897 3
1386 1857 1561 1900 Nomen
1601 1856 1721 1898 idem
1760 1867 1860 1897 esse
1900 1855 2084 1896 videtur

96 1944 149 1975 ac
178 1929 455 1975 Meherdates
484 1933 530 1973 in
559 1931 879 1973 Arsacidarum
912 1930 1080 1972 familia
1110 1931 1259 1983 primo
1292 1930 1527 1983 alteroque
1558 1931 1664 1983 post
1694 1929 1794 1970 Chr.
1819 1940 1861 1969 n.
1893 1929 2086 1970 saeculis

95 2006 316 2047 usitatum
355 2006 638 2058 (Prosopogr.
670 2005 779 2058 imp.
809 2004 935 2045 Rom.
966 2004 1003 2044 11
1034 2015 1077 2056 p.
1104 2007 1184 2043 362
1217 2015 1258 2044 n.
1283 2006 1380 2044 334.
1415 2003 1524 2055 332).
1587 2001 1673 2043 Sed
1713 2002 1850 2043 etiam
1890 2014 1915 2042 a
1945 2001 2086 2042 notis-

97 2079 214 2120 simo
252 2079 328 2120 illo
367 2074 648 2134 Μιθραδάτης
689 2077 762 2118 vel
802 2072 1075 2134 Μιθριδάτης
1116 2087 1207 2118 non
1247 2076 1418 2129 origine
1457 2075 1689 2117 diversum
1731 2075 1958 2128 existimo,
2007 2073 2085 2114 sed

97 2153 306 2204 tempore
345 2150 523 2192 labente
561 2162 617 2191 ex
656 2162 709 2192 eo
749 2151 921 2191 natum.
982 2149 1296 2190 Armeniacam
1338 2148 1530 2190 formam
1562 2144 1771 2189 Mihrdat
1806 2147 1922 2188 bene
1963 2157 2086 2187 com-

97 2226 227 2278 parat
256 2225 408 2266 Franz.
468 2223 679 2266 Ceterum
709 2223 838 2264 initio
871 2233 1033 2264 versus
1066 2222 1248 2275 septimi
1278 2235 1319 2263 τι
1350 2232 1434 2275 pro
1465 2234 1538 2277 -τῃ
1571 2221 1720 2262 exstat
1749 2221 1794 2260 in
1826 2219 1988 2272 lapide.

841 2498 871 2542 ’1
882 2531 893 2543 .
949 2498 1344 2553 commagene.

209 2613 321 2671 383
373 2619 428 2668 In
465 2621 638 2669 monte
676 2614 1121 2684 Nemrud-Dayh,
1168 2616 1413 2667 altissimo
1458 2616 1591 2664 intra
1628 2615 1815 2665 veteris
1855 2613 2090 2665 Comma-

100 2721 255 2772 genes
292 2706 420 2757 fines
458 2707 610 2756 Tauri
647 2707 780 2772 iugo,
828 2706 1026 2772 primus
1062 2704 1271 2755 Carolus
1311 2704 1483 2754 Sester
1521 2702 1803 2753 Germanus
1842 2707 1960 2752 ante
1999 2717 2090 2751 an-

102 2809 227 2844 num
275 2793 402 2843 488⁴
466 2793 594 2853 vidit
645 2794 900 2860 relliquias
957 2793 1173 2859 sepulcri
1224 2790 1458 2842 Antiochi
1516 2790 1882 2855 Commagenes
1938 2791 2089 2856 regiS,

102 2883 413 2931 monstratas
451 2880 519 2930 illi
556 2895 588 2930 a
626 2879 891 2931 Carducho
931 2880 1156 2946 quodam
1193 2879 1398 2929 nomine
1429 2878 1586 2928 Bako.
1651 2878 1698 2927 Is
1739 2877 1919 2926 deinde
1956 2891 2090 2926 anno

106 2967 242 3019 ⁴882
285 2967 521 3018 Ottonem
547 2967 820 3018 Puchstein
858 2968 1038 3018 eodem
1071 2967 1294 3017 deduxit.
1360 2967 1549 3016 Iterum
1582 2964 1936 3014 Puchsteinius
1975 2979 2091 3013 curn

105 3055 286 3106 Carolo
323 3055 594 3105 Humanno
631 3056 792 3106 missu
833 3055 1125 3105 academiae
1162 3054 1330 3119 regiae
1355 3053 1655 3103 Borussicae
1695 3067 1753 3101 eo
1780 3052 1921 3102 venit
1957 3066 2092 3100 anno

109 3143 244 3192 ⁴883
286 3145 337 3192 et
363 3144 678 3192 monumenti
703 3143 958 3209 relliquias
980 3143 1268 3207 delineavit,
1306 3139 1718 3207 photographica
1744 3143 1854 3189 arte
1882 3153 2093 3205 expres-

108 3231 189 3297 sit,
227 3231 469 3279 nonnulla
506 3234 690 3296 ectypa
725 3245 921 3296 gypsea
956 3230 1184 3280 confecit.
1250 3230 1507 3278 Menstruo
1535 3229 1652 3276 ante
1678 3227 1787 3276 illos
1825 3227 2091 3276 intervallo

107 3317 163 3367 O.
192 3317 528 3384 Hamdy-Bey
571 3318 734 3367 musei
782 3317 1087 3368 Ottomanici
1137 3316 1428 3383 praefectus
1473 3314 1660 3364 ibidem
1721 3314 1901 3379 fuerat,
1950 3315 2092 3364 cuius

107 3405 380 3471 descriptio
428 3401 516 3472 (Le
552 3406 776 3454 tumulus
823 3405 885 3455 de
932 3399 1382 3470 Nemroud-Dagh)
1430 3401 1621 3468 prodiit
1659 3400 2093 3468 Constantinopoli

107 3505 242 3541 anno
273 3491 427 3541 4883.
493 3492 796 3542 Humannus
834 3497 884 3542 et
920 3491 1275 3541 Puchsteinius
1314 3489 1751 3539 accuratissimam
1788 3489 1943 3539 totius
1982 3504 2093 3539 mo-

109 3578 266 3627 menti
312 3578 704 3644 descriptionem
753 3579 1016 3628 ediderunt
1064 3579 1115 3626 in
1171 3577 1298 3626 libro
1337 3576 1521 3626 Reisen
1567 3576 1617 3624 in
1656 3576 1943 3626 Kleinasien
1987 3577 2093 3626 und

112 3665 443 3731 Nordsyrien,
490 3665 656 3715 Berlin
699 3665 851 3714 ⁴890.
892 3694 964 3700 —
1003 3665 1219 3714 Grandis
1269 3664 1492 3713 tumulus
1530 3663 1627 3728 ipsi
1666 3678 1867 3712 summo
1906 3665 2092 3713 montis
