2314 3970
245 241 345 291 182
924 240 972 279 11.
1022 240 1221 289 Regnum
1253 237 1537 289 Lagidarum.
2061 240 2217 291 [⁴04—

390 411 740 480 Πτολεμαίου3
782 409 787 479 Ι
840 409 925 462 καὶ
964 409 1241 481 ἐξηγητὴν4
1277 407 1363 461 καὶ
1402 407 1483 462 ἐπὶ
1522 413 1619 463 τῶν
1661 413 1875 481 ἰατρῶνῦ
1925 410 1931 481 Ι
1978 410 2065 464 καὶ
2113 413 2219 464 ἐπι-

330 514 354 553 5
388 498 567 566 στάτην
609 500 696 548 τοῦ
736 494 988 549 Μουσείου
1002 499 1038 564 θ,
1075 489 1305 567 ΙΙἌρειος
1345 495 1617 566 Παμφίλου
1647 494 1912 568 Ἀθηναῖος
1954 497 1959 568 Ι
1999 499 2218 551 καλοκά-

385 585 566 653 γαθίας
605 584 770 635 ἕνεκεν
808 588 895 653 τῆς
934 585 1005 643 εἰς
1044 582 1219 636 ἑαυτὸν
1261 584 1267 653 Ι
1301 580 1592 652 Ἀπόλλωνι,
1623 581 1887 655 Ἀρτέμιδι,
1930 585 2099 654 Λητοῖ.

242 747 470 786 certorum
503 746 547 784 et
573 744 920 795 magistratuum
944 743 1288 796 designationes.
1339 743 1646 784 Ptolemaeum
1667 744 1947 797 Epiphanem
1978 744 2210 795 (205-484

245 830 281 858 a.
305 817 420 868 Chr.)
453 817 640 857 demum
673 816 852 856 circiter
892 827 1059 856 annum
1092 819 1171 856 490
1197 827 1233 856 a.
1258 815 1357 856 Chr.
1384 827 1424 855 n.
1456 815 1568 856 haec
1598 817 1748 857 omnia
1778 817 2039 857 instituisse.
2091 816 2220 864 Quod

241 889 455 941 quoniam
488 899 568 941 per
598 888 718 928 idem
756 887 867 928 illud
899 889 1080 940 tempus
1111 886 1366 940 Epiphanes
1405 887 1582 940 primus
1623 899 1678 928 ex
1709 888 1922 930 omnibus
1952 889 2219 930 Ptolemaeis

242 972 430 1002 uxorem
462 971 518 1002 ex
553 961 682 1012 gente
714 959 1047 1000 Seleucidarum
1080 959 1298 1012 duxisset,
1339 959 1575 1001 Antiochia
1605 960 1919 1002 Alexandriam
1951 962 2219 1002 translatum
2305 1015 2307 1018 ι

243 1035 329 1074 hoc
369 1033 626 1073 institutum
658 1032 863 1073 omnium
894 1033 1091 1072 maxime
1133 1031 1367 1084 probabile
1408 1042 1520 1085 esse,
1559 1033 1643 1073 etsi
1683 1032 1858 1074 nullum
1899 1033 2008 1074 dum
2039 1044 2221 1086 compa-

242 1106 407 1146 ruisset
437 1105 747 1146 testimonium
779 1115 870 1157 quo
902 1104 991 1145 iam
1024 1106 1124 1144 ante
1156 1103 1267 1144 illud
1298 1106 1479 1157 tempus
1501 1104 1755 1146 Seleucidas
1787 1116 1840 1146 eo
1870 1116 1979 1146 usos
2010 1116 2109 1146 esse
2141 1106 2220 1146 de-

241 1179 583 1218 monstraretur.
643 1176 747 1217 Illos
788 1187 898 1217 vero
940 1186 1100 1217 rursus
1142 1176 1321 1229 partim,
1366 1178 1417 1216 ut
1465 1176 1510 1216 in
1551 1182 1759 1233 συγγενῶν
1799 1177 1985 1231 honore,
2029 1177 2220 1231 Persica,

241 1250 420 1302 partim,
464 1251 514 1289 ut
551 1250 596 1289 in
628 1245 1110 1306 ἀρχισωματοφυλάκων
1152 1247 1320 1301 ordine,
1361 1248 1648 1290 Macedonica
1686 1250 1893 1302 exempla
1931 1251 2221 1302 expressisse.

243 1321 327 1362 Sed
357 1322 461 1361 utut
490 1321 577 1362 hoc
607 1322 688 1373 est,
720 1321 794 1360 hic
814 1320 973 1360 titulus
995 1320 1152 1372 utique
1187 1331 1302 1361 anno
1325 1322 1405 1361 490
1429 1331 1468 1361 a.
1490 1319 1590 1361 Chr.
1613 1332 1655 1361 n.
1688 1321 1916 1373 antiquior
1946 1321 2102 1363 haberi
2133 1333 2223 1363 non
2300 1351 2302 1361 ,

242 1394 408 1446 potest.
557 1395 578 1431 3
620 1391 710 1432 Aut
740 1392 994 1444 Epiphanes
1027 1392 1260 1443 (205-484
1290 1403 1328 1433 a.
1352 1391 1482 1445 Chr.),
1515 1394 1594 1433 aut
1620 1393 1744 1445 quod
1766 1393 2052 1446 probabilius
2071 1394 2223 1435 existi-

243 1465 464 1505 maverim
506 1464 780 1504 Philometor
819 1464 1060 1514 (484-446
1092 1475 1130 1504 a.
1163 1463 1279 1515 Chr.)
1317 1463 1589 1515 designatur.
1657 1463 1771 1505 Nam
1814 1476 1868 1505 ne
1913 1465 1970 1506 ad
2014 1465 2223 1506 inferiora

244 1537 379 1577 etiam
411 1538 618 1588 tempora
639 1535 980 1588 descendamus,
1012 1535 1194 1576 obstare
1224 1535 1336 1576 mihi
1364 1535 1577 1576 videntur
1596 1547 1714 1589 quae
1743 1548 1787 1578 v.
1811 1539 1833 1577 4
1867 1537 1921 1578 de
1940 1538 2084 1578 Musei
2112 1548 2223 1579 cura
2288 1560 2294 1591 3

244 1609 412 1661 scripta
450 1610 568 1649 sunt.
704 1610 726 1648 4
768 1607 829 1648 Cf.
862 1607 1021 1648 Strabo
1052 1607 1302 1661 XV11,⁴,42
1334 1610 1472 1660 p.797
1497 1607 1528 1648 C
1558 1612 1643 1648 τῶν
1674 1601 1710 1648 δ’
1731 1606 1972 1667 ἐπιχωρίων
2004 1606 2222 1666 ἀρχόντων
2287 1643 2289 1645 .

242 1679 351 1722 κατὰ
393 1678 516 1721 πόλιν
550 1679 879 1732 (Alexandreae)
921 1679 996 1734 μὲν
1035 1676 1057 1718 ὅ
1088 1692 1134 1720 τε
1174 1677 1384 1736 ἐξηγητής
1415 1677 1515 1733 ἐστι,
1555 1677 1775 1736 πορφύραν
1813 1678 2116 1738 ἀμπεχόμενος
2153 1679 2226 1722 ’καὶ
2292 1715 2297 1717 ι

244 1750 355 1809 ἔχων
386 1749 586 1807 πατρίους
615 1749 739 1806 τιμὰς
768 1750 840 1792 ’καὶ
873 1749 1116 1805 ἐπιμέλειαν
1145 1755 1229 1792 τῶν
1259 1750 1314 1810 τῇ
1344 1749 1467 1792 πόλει
1506 1749 1730 1808 χρησίμων
1760 1749 1852 1793 κτλ.
1904 1753 2028 1794 Hanc
2057 1753 2224 1806 negotii

244 1825 597 1877 descriptionem
629 1824 836 1864 homines
859 1823 983 1864 docti
1014 1823 1069 1864 de
1100 1834 1275 1864 annona
1296 1824 1579 1876 interpretati
1610 1826 1728 1875 sunt,
1761 1825 1840 1866 sed
1868 1825 2003 1866 latius
2022 1826 2225 1878 patuisse

242 1897 315 1937 ius
346 1898 390 1936 et
420 1895 618 1936 officium
650 1897 859 1948 exegetae
879 1896 1044 1937 indicio
1068 1898 1137 1936 est
1156 1905 1362 1948 papyrus
1382 1895 1495 1936 Berl.
1515 1907 1577 1948 gr.
1592 1895 1740 1937 Urk.II
1761 1908 1804 1950 p.
1823 1900 1872 1938 47
1897 1909 1937 1939 n.
1953 1901 2105 1951 388,24
2126 1909 2225 1951 sqq.

243 1964 443 2023 Εὐπορᾶς
473 1965 603 2020 εἶπεν,
646 1963 714 2008 ὅτε
745 1964 985 2024 ἐσημάνθη,
1027 1965 1089 2008 ὅτι
1127 1964 1292 2024 ἐσφάγη
1324 1963 1642 2025 [Σ]εμπρώνιος,
1685 1966 1821 2010 ἔκειτο
1854 1967 2013 2023 ζω[νία]
2042 1967 2136 2025 τρία
2165 1968 2224 2016 εἰς

242 2039 289 2081 τὸ
318 2037 525 2097 τρίκλινον
557 2037 626 2081 ἐπὶ
654 2037 819 2098 τρίποδι
854 2037 927 2081 καὶ
959 2037 1090 2095 φιάλη
1122 2036 1282 2098 ἀργυρᾶ
1311 2037 1384 2080 καὶ
1422 2038 1702 2093 σπον[ὃ]εῖ[ο]ν
1737 2038 1811 2082 καὶ
1841 2038 2123 2098 θυμιατήριον
2153 2039 2227 2084 καὶ

246 2110 401 2164 ὃίσ[κος
441 2109 599 2168 μ]ἑγας,
639 2108 901 2157 εἰσελθόντες
937 2109 1046 2157 τινὲς
1084 2110 1190 2166 πρὸς
1226 2110 1303 2167 τὴν
1346 2107 1622 2165 Πτολεμαΐδα
1660 2109 1827 2169 ἔλεγον·
1869 2110 1972 2168 ἆρον
2009 2115 2140 2154 ταῦτα
2178 2112 2228 2155 ἐκ

244 2187 317 2225 τοῦ
359 2180 563 2238 μ[ἑ]σ[ου,]
606 2182 665 2239 μὴ
710 2182 731 2225 ὁ
770 2181 980 2239 ἐξηγητὴς
1021 2181 1224 2225 εἰσελθὼν
1255 2180 1319 2224 ἐπ’
1339 2180 1647 2240 [ἀν]α[γ]ραφῆς
1686 2182 1792 2225 αὐτὰ
1829 2183 2003 2241 ποιήσῃ.
2065 2186 2226 2227 Strabo

245 2255 537 2297 Alexandriae
577 2255 715 2296 modo
754 2257 987 2308 exegetam
1028 2259 1370 2308 commemorat,
1413 2256 1543 2297 cuius
1584 2256 1720 2297 etiam
1752 2257 1797 2298 in
1837 2258 2027 2311 papyris
2056 2259 2225 2300 mentio

2268 2170 2289 2269 διν-Φ,
2271 2052 2291 2173 ow)
2274 1863 2293 2034 *uram—.-
2284 1763 2294 1841 ...u-

245 2329 306 2369 fit.
358 2327 419 2369 Cf.
451 2326 650 2368 Berliner
677 2337 742 2379 gr.
766 2327 861 2368 Urk.
885 2328 923 2367 II
953 2338 996 2380 p.
1022 2330 1065 2367 44
1107 2338 1147 2367 n.
1173 2330 1268 2380 362,
1299 2327 1373 2380 IX,
1397 2331 1447 2367 40
1482 2323 1729 2385 Δημητρίου
1762 2325 2118 2384 ἐξηγητεύσαντος
2147 2333 2227 2387 τῆς

244 2395 572 2457 Ἀ[λεξανῧρ]ἑων
603 2396 784 2445 πόλεως.
835 2399 921 2440 Sed
950 2399 1059 2440 alias
1090 2410 1273 2452 quoque
1302 2398 1441 2440 urbes
1473 2410 1586 2440 suos
1617 2394 1823 2452 exegetas
1844 2400 2073 2454 habuisse,
2103 2401 2227 2454 quod

244 2472 317 2512 ille
347 2483 430 2512 nec
460 2471 569 2512 dicit
588 2482 672 2512 nec
692 2473 838 2525 negat,
870 2471 1080 2512 videmus
1101 2482 1156 2512 ex
1177 2471 1510 2525 Oxyrhynchus
1539 2482 1642 2524 pap.
1665 2472 1683 2511 1
1715 2483 1757 2525 p.
1782 2475 1864 2513 452
1896 2484 1937 2514 n.
1955 2473 2226 2526 LXXXVIII,
2275 2493 2278 2507 ι

248 2547 315 2584 40.
353 2547 396 2583 44
452 2540 776 2600 ἐξηγητεύσαντι
818 2547 895 2598 τῆς
939 2537 1272 2602 Ὀξυρυνχειτῶν
1318 2541 1499 2590 πόλεως.
1585 2543 1731 2585 Etiam
1775 2543 1946 2585 ibidem
1991 2546 2009 2585 I
2059 2557 2102 2598 p.
2141 2534 2280 2663 ΗΖΞ

246 2627 287 2656 n.
319 2615 424 2668 LIV,
458 2619 495 2656 5.
543 2626 584 2667 p.
619 2618 698 2656 444
747 2627 787 2656 n.
818 2615 923 2668 LVI,
960 2620 975 2655 4
1031 2615 1180 2656 editor
1224 2617 1323 2656 iure
1368 2616 1683 2668 magistratum
1731 2616 1887 2670 oppidi
1934 2617 2226 2670 Oxyrhynchi
2258 2651 2274 2694 ,ᾖ
2312 2622 2314 2639 2

247 2687 463 2738 agnoscit.
525 2687 734 2727 Ceterum
776 2687 936 2739 procul
974 2687 1208 2728 habendus
1247 2687 1304 2729 ab
1343 2688 1428 2729 hac
1458 2689 1722 2740 quaestione
1762 2688 1890 2729 locus
1920 2700 2061 2741 quem
2091 2689 2225 2730 Lum-
2263 2710 2273 2748 3

246 2758 385 2799 broso
423 2758 704 2800 Recherches
741 2770 821 2800 sur
862 2760 1130 2800 l'economie
1158 2759 1380 2812 politique
1420 2759 1475 2800 de
1514 2748 1719 2813 l'Egypte
1758 2771 1802 2814 p.
1826 2763 1907 2800 2⁴2
1948 2761 2039 2802 huc
2077 2762 2225 2814 traxit,
2260 2802 2270 2817 ,
2303 2805 2305 2810 .

247 2831 360 2871 Plut.
392 2830 447 2871 de
477 2831 532 2871 Is.
564 2832 610 2871 et
640 2831 751 2871 Osir.
784 2833 836 2871 28
869 2841 913 2884 p.
937 2834 1018 2871 362
1040 2831 1076 2871 A
1118 2828 1210 2871 ἐπεὶ
1241 2829 1287 2872 δὲ
1316 2829 1536 2885 ’κομισθεὶς
1574 2828 1704 2888 ὤφθη
1747 2831 1782 2884 (ὁ
1813 2830 2035 2884 κολοσσός)
2023 2830 2227 2888 )συμβα-
2301 2847 2304 2865 ε

246 2900 388 2949 λόντες
419 2900 460 2943 οἱ
488 2901 584 2958 περὶ
613 2899 823 2957 Τιμόθεον
854 2901 926 2944 τὸν
959 2900 1167 2960 ἐξηγητὴν
1197 2901 1269 2944 ’καὶ
1297 2898 1544 2945 Μανέθωνα
1576 2901 1647 2944 τὸν
1679 2899 1943 2960 Σεβεννύτην
1974 2900 2259 2951 Πλούτωνος“
2300 2892 2303 2923 ¹

248 2988 294 3016 ον
326 2972 604 3033 ἄγαλμα,τῷ
633 2969 837 3030 Κερβέρῳ
859 2972 1189 3030 τεκμαιρόμενοι
1208 2973 1280 3015 καὶ
1300 2975 1363 3031 τῷ
1392 2972 1601 3031 δράκοντι,
1632 2973 1826 3018 πείθουσι
1845 2974 1917 3018 τὸν
1939 2972 2224 3030 Πτολεμαῖον,
2246 2933 2266 3041 ἕ

249 3047 307 3093 ὡς
338 3045 481 3105 ἑτέρου
513 3043 616 3088 θεοῦ
649 3044 817 3092 οὐδενὸς
849 3043 959 3087 ἀλλὰ
981 3042 1222 3102 Σαράπιδός
1253 3045 1599 3088 ἐστιν.Ε1;θῐιί’[ῐ1
1630 3048 1704 3089 hic
1733 3046 1944 3103 ἐξηγητής
1974 3047 2260 3101 appellatur?

248 3130 336 3160 usu
378 3119 644 3172 pervulgato
684 3119 905 3172 interpres
945 3119 1058 3159 iuris
1099 3120 1229 3172 sacri,
1271 3131 1362 3172 qua
1399 3130 1503 3160 cum
1546 3121 1641 3160 arte
1683 3121 1997 3172 magistratum
2038 3120 2092 3161 de
2133 3131 2224 3172 quo
2249 3119 2258 3155 ':

249 3190 389 3232 verba
420 3190 610 3232 facimus
642 3190 809 3231 nullam
833 3191 918 3232 nisi
940 3191 1137 3231 nominis
1158 3191 1538 3232 necessitudinem
1560 3191 1725 3233 habere
1746 3195 1907 3245 sponte
1938 3194 2074 3244 patet.
2119 3192 2224 3232 Tres
2247 3218 2257 3245 3
2294 3214 2297 3224 ‹

250 3264 411 3316 reliqui
443 3274 558 3315 quos
580 3262 740 3304 Strabo
764 3265 999 3304 enumerat
1027 3264 1132 3304 sunt
1161 3259 1606 3320 ὑπομνηματογράφος
1639 3264 1695 3315 (n.
1720 3266 1814 3316 447,
1838 3263 1890 3317 3),
1923 3261 2225 3322 ἀρχιδικαστὴς
2246 3255 2254 3318 γ’

250 3335 304 3385 (n.
329 3338 426 3388 436,
451 3334 503 3388 4),
534 3334 773 3393 νυκτερινὸς
805 3332 1046 3393 στρατηγός.
1193 3339 1216 3375 5
1255 3335 1412 3376 Medici
1443 3336 1489 3376 in
1518 3335 1726 3388 Aegypto
1759 3335 1993 3388 publicum
2027 3335 2223 3376 officium
2243 3342 2254 3388 ,ζ

252 3407 540 3458 magistratus
571 3407 717 3448 simile
755 3406 994 3460 habebant,
1042 3417 1147 3448 cum
1192 3406 1249 3447 ab
1295 3408 1491 3459 aegrotis
1533 3407 1718 3460 quidem
1757 3407 2012 3448 mercedem
2057 3407 2223 3448 nullam
2290 3445 2292 3452 ,

252 3479 491 3532 exigerent,
534 3480 612 3520 sed
643 3480 857 3520 salarium
888 3491 943 3520 ex
974 3479 1146 3521 aerario
1178 3479 1446 3532 acciperent,
1490 3480 1732 3520 collectum
1764 3491 1819 3520 ex
1851 3479 2074 3532 stipendio
2105 3480 2223 3519 hunc
2288 3512 2291 3521 ,

250 3550 295 3589 in
344 3561 476 3590 usum
522 3551 693 3604 populo
738 3552 955 3604 imposito
997 3549 1225 3609 (ἰατρικόν).
1287 3550 1346 3592 Cf.
1379 3551 1562 3592 Diodor.
1596 3553 1626 3604 1,
1659 3555 1725 3604 82,
1760 3554 1796 3592 3.
1848 3551 1892 3592 U.
1915 3551 2120 3592 Wilcken
2150 3550 2220 3591 Gr.
2287 3588 2289 3601 ,

254 3622 487 3662 Ostrakal
526 3633 568 3673 p.
601 3626 696 3664 375.
767 3623 864 3671 Quo
910 3625 1060 3664 minus
1106 3623 1274 3664 mirum
1325 3626 1394 3663 est
1434 3624 1498 3664 eis
1548 3623 1761 3664 omnibus
1801 3634 1943 3663 unum
1992 3632 2220 3663 summum
2285 3619 2289 3661 ἑ

253 3692 543 3746 praefectum,
590 3694 685 3735 sine
730 3695 868 3736 dubio
923 3697 1017 3736 arte
1062 3697 1107 3735 et
1149 3694 1433 3748 professione
1478 3695 1718 3748 medicum,
1764 3694 2028 3748 impositum
2073 3694 2220 3735 fuisse.
