2314 3970
743 312 962 354 Addenda
993 314 1038 354 et
1068 313 1354 366 Corrigenda.
1940 316 2041 365 657

165 488 357 542 probata
389 488 470 540 est,
502 486 567 526 ita
598 486 708 526 mihi
740 497 861 527 nunc
892 486 1030 526 etiam
1061 497 1152 527 non
1183 488 1307 527 certa
1338 487 1538 539 quidem,
1576 485 1656 526 sed
1686 496 1908 539 perquam
1940 496 2045 538 pro-

165 560 329 602 babilis
374 559 569 611 videtur,
626 569 790 611 nempe
829 557 1030 599 Attalum
1071 559 1129 598 III
1175 560 1334 599 natum
1381 569 1481 600 esse
1525 569 1581 599 ex
1625 558 1703 598 illo
1750 557 1887 599 Attali
1916 559 1955 598 II
2001 560 2046 598 et

165 632 441 673 Stratonices
464 630 769 683 matrimonio,
803 629 926 682 quod
957 641 1075 671 anno
1100 633 1182 670 472
1206 642 1244 671 a.
1268 630 1369 671 Chr.
1393 642 1434 670 n.
1468 631 1755 671 contractum
1786 631 1908 671 esset
1938 629 2046 682 quia

165 705 388 745 Eumenes
430 714 486 743 ex
517 703 704 743 vulnere
733 713 818 754 per
847 702 1036 743 insidias
1067 701 1192 742 illato
1225 703 1435 742 mortuus
1466 702 1741 754 crederetur,
1784 701 1865 742 sed
1900 701 2044 754 brevi,

165 788 271 817 cum
286 776 414 816 illum
433 775 727 828 superstitem
750 784 852 815 esse
869 774 1100 826 cognitum
1119 775 1252 827 esset,
1275 784 1438 814 rursus
1455 773 1732 814 dissolutum
1755 773 1821 826 (cf.
1846 785 1887 814 n.
1907 771 2044 824 3032).

165 849 294 891 Certe
325 859 443 901 quae
472 848 519 888 B.
541 846 675 888 Niese
707 846 864 887 Gesch.
897 845 978 887 der
1009 857 1072 898 gr.
1105 846 1200 886 und
1230 846 1407 887 maked.
1431 847 1610 887 Staaten
1631 847 1689 886 III
1719 857 1764 898 p.
1788 847 1870 886 204
1903 847 1995 886 not.
2022 848 2044 886 4

164 922 322 963 contra
342 920 470 960 illum
492 918 757 971 disputavit,
787 918 842 958 iis
866 918 977 958 mihi
999 918 1186 970 quidem
1209 929 1297 958 non
1320 918 1561 970 persuasit.
1612 918 1655 958 Is
1676 918 1794 958 enim
1819 918 2046 969 Schweig-

163 995 410 1034 hauserum
441 992 626 1033 secutus
648 990 850 1031 Attalum
871 990 929 1030 III
961 989 1020 1031 ab
1050 989 1254 1031 Eumene
1284 991 1576 1043 procreatum
1609 991 1823 1042 opinatur
1854 1001 1909 1030 ex
1940 1000 2046 1042 pae-

163 1066 261 1118 lice,
294 1064 374 1106 sed
403 1076 430 1104 a
460 1073 564 1115 rege
595 1064 640 1103 et
668 1063 824 1114 regina
845 1062 1114 1114 adoptatum
1145 1063 1190 1102 et
1221 1062 1278 1103 ad
1306 1062 1434 1114 regni
1455 1062 1791 1103 successionem
1815 1064 2044 1102 vocatum.

164 1137 296 1186 Quod
317 1135 441 1189 apud
461 1134 732 1177 Strabonem
751 1134 867 1187 XIII,
893 1136 930 1187 4,
954 1137 978 1174 2
1011 1146 1054 1187 p.
1080 1136 1161 1175 624
1185 1133 1284 1176 Cas.
1306 1135 1534 1187 legeretur
1554 1132 1758 1175 ἀπέλιπεν
1792 1134 2044 1187 (Eumenes)

163 1207 244 1266 υἱῷ
273 1206 350 1264 τὴν
388 1206 528 1266 ἀρχὴν
558 1201 740 1261 Ἀττάλῳ
774 1206 874 1259 (III),
910 1204 1100 1263 γεγονότι
1130 1203 1181 1247 ἐκ
1208 1202 1495 1261 Στρατονίκης
1526 1210 1603 1263 τῆς
1632 1200 1882 1263 Ἀριαράθου
1915 1203 2047 1261 θυγα-

162 1280 261 1335 τρὸς
290 1281 365 1322 τοῦ
397 1274 704 1321 Καππαδόκων
739 1275 960 1333 βασιλέως,
999 1277 1046 1319 id
1085 1277 1141 1319 ad
1183 1279 1420 1331 scriptoris
1459 1289 1665 1319 errorem
1697 1278 1770 1319 vel
1812 1278 2047 1329 neglegen-

162 1354 275 1394 tiam
305 1351 595 1393 referendum
626 1361 738 1392 esse.
802 1350 933 1398 Quod
965 1361 1088 1404 sane,
1121 1350 1373 1391 dummodo
1405 1351 1635 1391 constaret
1665 1350 1876 1402 spurium
1907 1349 2048 1390 fuisse

162 1425 364 1466 Attalum
402 1424 722 1476 Philometore,
769 1433 859 1464 non
905 1422 1174 1464 abhorreret
1226 1434 1251 1463 a
1292 1423 1390 1464 veri
1437 1423 1602 1475 specie.
1669 1422 1784 1465 Nam
1832 1422 1956 1475 quod
2001 1422 2048 1462 in

162 1497 295 1538 titulo
318 1499 468 1549 n.334,
484 1498 536 1537 46
560 1496 658 1548 ipse
678 1494 855 1536 Attalus
875 1495 934 1534 III
964 1495 1149 1547 scripsit
1178 1491 1398 1549 βασίλισσα
1420 1490 1685 1551 Στρατονίκη
1716 1491 1745 1549 ἡ
1770 1492 1914 1549 μήτηρ
1949 1507 2046 1549 μου,

163 1569 209 1611 id
239 1571 285 1610 in
314 1568 456 1611 Niesii
491 1568 714 1609 sententia
745 1567 801 1608 ad
833 1567 1128 1620 adoptionem
1171 1567 1460 1608 referendum
1504 1569 1593 1620 est;
1636 1568 1682 1608 at
1718 1567 1940 1619 proclivis
1979 1567 2049 1607 est

163 1642 377 1696 suspicio,
417 1652 474 1682 ex
505 1640 732 1682 eiusmodi
763 1640 996 1681 enuntiato
1028 1651 1119 1680 non
1150 1641 1273 1680 recte
1304 1640 1532 1680 intellecto
1570 1639 1683 1680 illud
1714 1639 1948 1680 Strabonis
1979 1652 2047 1694 γε-

161 1711 300 1772 γονότι
330 1711 381 1755 ἐκ
414 1709 703 1771 Στρατονίκης
736 1714 894 1753 natum
927 1722 1039 1753 esse.
1090 1711 1157 1753 Ne
1190 1712 1289 1765 ipsa
1311 1712 1497 1764 quidem
1520 1711 1705 1764 adoptio
1737 1722 1820 1764 per
1841 1722 1890 1751 se
1910 1709 2050 1751 habet

163 1798 254 1839 quo
287 1785 542 1827 offendaris.
603 1783 726 1826 Num
756 1785 877 1837 patri
918 1784 1099 1824 licuerit
1138 1783 1283 1824 filium
1316 1785 1528 1836 spurium
1570 1784 1804 1836 adoptare,
1848 1794 1938 1823 non
1979 1785 2050 1823 est

163 1858 287 1911 quod
307 1867 596 1911 quaeramus,
629 1868 737 1897 nam
757 1857 931 1909 utique,
964 1857 1002 1897 si
1022 1855 1229 1898 Niesium
1261 1857 1515 1908 sequimur,
1547 1856 1773 1897 Eumenes
1804 1856 1935 1908 pater
1965 1854 2050 1896 fuit

162 1931 300 1972 Attali
329 1931 400 1971 III.
461 1930 519 1970 At
555 1929 682 1982 quod
721 1930 972 1971 Stratonice
1009 1929 1256 1982 adoptione
1286 1929 1421 1982 illius,
1464 1939 1602 1981 quem
1642 1928 1729 1969 alia
1766 1928 1934 1968 mulier
1971 1938 2049 1980 pe-

163 2005 356 2056 pererat,
388 2003 533 2043 mater
554 2001 672 2042 facta
697 2012 798 2042 esse
820 2002 1000 2054 dicitur,
1033 2001 1079 2041 id
1111 2013 1136 2042 a
1167 2002 1263 2053 lege
1292 2013 1431 2053 quam
1462 2001 1634 2042 scimus
1666 1999 1790 2053 apud
1819 2000 2048 2040 Romanos

162 2076 365 2128 itemque
407 2073 529 2126 apud
571 2074 814 2126 Gortynios
853 2073 957 2124 (Lex
989 2073 1206 2126 Gortynia
1238 2072 1312 2126 XI,
1337 2076 1390 2114 48
1434 2070 1540 2129 γυνὰ
1579 2070 1625 2113 δὲ
1657 2071 1718 2128 μὴ
1758 2069 2048 2128 ἀμφαινὲθθω

155 2140 264 2203 μηδ’
297 2142 470 2202 ἄνηβος)
513 2147 558 2186 et
587 2145 874 2186 Atheniensis
906 2146 1075 2197 (Isaeus
1097 2145 1188 2197 VII,
1212 2148 1266 2186 25
1304 2143 1465 2200 μητρὸς
1498 2138 1533 2184 δ’
1556 2142 1693 2189 οὐδείς
1727 2141 1837 2184 ἐστιν
1871 2141 2049 2199 ἐκποίη-

161 2218 248 2271 τος)
277 2218 478 2259 valuisse
509 2227 658 2269 neque
689 2216 992 2269 improbabile
1031 2218 1101 2257 est
1138 2216 1329 2257 eandem
1371 2217 1579 2257 omnium
1611 2217 1891 2256 Graecorum
1924 2227 2049 2257 com—

163 2301 349 2331 munem
382 2288 534 2342 fuisse,
566 2289 796 2330 abhorret.
858 2288 944 2330 Sed
984 2288 1114 2329 aliter
1152 2299 1251 2328 rem
1284 2299 1332 2328 se
1374 2288 1591 2329 habuisse
1622 2289 1667 2328 in
1699 2288 1880 2329 familiis
1913 2288 2048 2340 regiis

165 2372 486 2404 successorum
506 2360 748 2401 Alexandri
778 2361 878 2400 iure
898 2360 1002 2401 inde
1028 2360 1226 2413 colligas,
1259 2359 1383 2412 quod
1405 2360 1690 2400 Ptolemaeus
1712 2360 1769 2399 III
1800 2360 2048 2411 Euergetes

163 2436 209 2476 in
238 2434 383 2475 titulis
404 2433 621 2474 Arsinoes
642 2432 936 2486 Philadelphi,
969 2443 1086 2484 quae
1117 2443 1206 2472 non
1238 2433 1400 2473 natura
1432 2434 1578 2473 mater
1609 2431 1689 2472 sed
1718 2442 1915 2472 noverca
1937 2433 2048 2483 erat,

165 2506 284 2548 filius
317 2506 485 2546 dicitur
517 2505 572 2558 (n.
599 2502 706 2555 602).
768 2503 826 2544 At
865 2506 918 2545 ut
956 2504 1256 2557 difficultates,
1299 2505 1344 2544 in
1386 2515 1500 2556 quas
1531 2503 1673 2545 Niesii
1712 2504 1865 2556 opinio
1898 2504 2048 2543 incur-

163 2589 264 2620 rere
302 2577 497 2630 videtur,
539 2576 637 2618 tolli
674 2579 883 2629 possunt,
923 2577 987 2617 ita
1028 2575 1198 2617 frustra
1237 2576 1585 2628 circumspicias
1625 2576 1943 2627 argumentum
1975 2574 2049 2616 vel

164 2650 494 2702 testimonium,
537 2660 629 2701 quo
676 2659 726 2689 re
763 2659 872 2689 vera
913 2649 976 2689 ita
1013 2659 1110 2689 rem
1151 2659 1198 2689 se
1243 2647 1461 2689 habuisse
1503 2647 1736 2701 probetur.
1799 2649 1900 2700 Ipse
1938 2647 2049 2687 nihil

164 2723 274 2764 dicit
303 2723 350 2763 in
370 2733 471 2762 eam
493 2722 685 2774 partem,
718 2720 805 2761 nisi
827 2719 1073 2773 Polybium
1093 2720 1233 2773 XXX,
1258 2723 1297 2772 2,
1322 2723 1345 2760 6
1377 2719 1579 2761 Attalum
1601 2719 1907 2759 Philometora
1927 2718 2048 2759 haud

165 2794 377 2846 ambigue
407 2793 725 2835 naturalem
758 2792 978 2834 Eumenis
998 2792 1145 2833 filium
1168 2792 1410 2845 appellare.
1460 2791 1673 2844 Apparet,
1705 2791 1960 2831 naturalem
1992 2790 2048 2831 ab

165 2877 219 2907 eo
251 2865 449 2917 intellegi
479 2866 704 2918 spurium.
765 2864 822 2905 At
861 2864 908 2905 id
946 2864 1087 2906 verba
1130 2864 1299 2917 quibus
1331 2863 1549 2917 Polybius
1589 2863 1736 2904 utitur
1770 2860 1883 2904 κατὰ
1924 2860 2047 2919 φύσιν

163 2936 253 2984 υἱὸς
285 2937 343 2979 ὢν
375 2935 505 2979 αὐτοῦ
536 2936 791 2990 significare
812 2948 905 2978 non
934 2939 1141 2990 possunt.
1192 2937 1307 2978 Nam
1331 2936 1640 2977 additamento
1670 2932 1782 2976 κατὰ
1803 2931 1926 2990 φύσιν
1959 2945 2049 2977 non

166 3010 352 3063 spurius
385 3021 410 3051 a
439 3010 648 3062 genuino,
681 3009 761 3050 sed
792 3019 1036 3061 germanus
1068 3008 1124 3049 ab
1147 3008 1365 3061 adoptivo
1399 3008 1704 3060 distinguitur.
1756 3006 1905 3054 Quare
1938 3007 2049 3046 mihi

165 3082 350 3135 quidem
381 3082 574 3135 Koeppii
603 3082 920 3134 interpretatio
945 3081 1139 3122 tenenda
1159 3081 1355 3133 videtur,
1387 3081 1658 3133 praesertim
1679 3090 1786 3119 cum
1808 3078 2048 3119 difficultas

166 3155 496 3208 chronologica,
539 3165 677 3206 quam
708 3153 890 3196 Niesius
923 3154 962 3194 ei
996 3153 1226 3206 obmovet,
1268 3153 1436 3194 nullius
1468 3152 1690 3193 momenti
1721 3152 1793 3193 sit.
1855 3152 1896 3192 Is
1927 3151 2048 3191 enim

166 3226 288 3279 quod
310 3227 356 3267 in
379 3226 516 3267 rebus
539 3226 644 3267 anni
677 3229 758 3267 452
782 3238 819 3267 a.
844 3226 945 3267 Chr.
969 3237 1011 3267 n.
1035 3225 1157 3278 apud
1181 3225 1425 3278 Polybium
1446 3224 1647 3277 XXXIII,
1673 3227 1739 3276 48,
1763 3226 1787 3263 2
1821 3223 1876 3264 de
1897 3222 2045 3263 Attalo

165 3298 468 3340 Philometore
500 3298 678 3339 dicatur
709 3295 770 3340 ἔτι
799 3301 903 3344 παῖς
936 3296 1010 3350 ὤν,
1042 3297 1147 3338 inde
1170 3297 1342 3349 colligit
1373 3308 1478 3337 eum
1508 3296 1711 3337 nondum
1734 3295 2049 3346 duodeviginti

168 3381 308 3412 annos
348 3371 507 3411 natum
545 3372 644 3410 tum
684 3369 837 3423 fuisse,
886 3371 939 3410 ut
976 3369 1096 3409 ultra
1134 3380 1303 3410 annum
1343 3372 1426 3410 469
1458 3381 1496 3409 a.
1526 3368 1627 3409 Chr.
1658 3380 1699 3408 n.
1740 3368 1838 3408 eius
1876 3367 2047 3408 natales

165 3443 394 3484 removeri
425 3453 515 3483 non
545 3442 700 3494 liceat;
740 3442 867 3494 atqui
898 3442 936 3482 si
966 3441 1158 3494 Koeppii
1195 3442 1418 3482 sententia
1448 3451 1557 3481 vera
1588 3441 1721 3493 esset,
1759 3439 1884 3480 illum
1928 3450 2045 3480 anno

168 3517 249 3554 472
282 3515 498 3567 genitum,
538 3514 748 3566 proximo
781 3517 856 3553 474
898 3525 936 3555 a.
968 3513 1069 3554 Chr.
1101 3525 1142 3554 n.
1177 3514 1222 3554 in
1261 3513 1409 3553 lucem
1452 3513 1626 3554 editum
1663 3522 1895 3564 apparere.
1959 3511 2049 3552 Cur

167 3585 595 3638 duodevigesimum
631 3586 925 3638 potissimum
971 3586 1130 3626 aetatis
1169 3596 1337 3625 annum
1381 3585 1500 3625 illius
1538 3584 1856 3636 appellationis
1893 3583 2046 3623 termi-

167 3667 278 3698 num
315 3659 498 3710 statuat,
543 3669 634 3699 non
671 3658 912 3710 perspicio.
973 3657 1087 3698 Nam
1123 3656 1467 3698 Atheniensium
1509 3656 1717 3696 instituta
1757 3656 1832 3696 hic
1869 3667 1958 3696 non
2001 3656 2046 3694 in

169 3739 356 3770 censum
395 3730 563 3783 venire,
603 3741 751 3782 neque
788 3729 973 3770 omnino
1007 3729 1060 3770 de
1092 3729 1228 3770 certis
1260 3729 1418 3769 aetatis
1460 3728 1666 3769 terminis
1710 3729 1808 3768 iure
1847 3727 2046 3779 legibus-

169 3811 259 3852 que
304 3802 567 3842 constitutis
612 3801 907 3853 cogitandum
951 3812 1052 3843 esse
1106 3802 1151 3841 in
1198 3801 1439 3854 propatulo
1488 3801 1570 3853 est,
1626 3801 1678 3839 ut
1726 3811 1815 3840 non
1865 3798 2044 3839 videam

139 3882 491 3926 Dittenberger,
517 3883 676 3918 Orientis
701 3884 760 3918 Gr.
782 3884 891 3919 inser.
930 3885 957 3918 Ι.
1645 3888 1698 3926 42
