2314 3970
217 195 319 247 558
698 195 767 234 Vl.
814 195 962 245 Regna
993 193 1155 235 Asiana
1186 194 1377 234 minora.
1439 196 1478 234 2.
1512 194 1694 236 Galatia.
2032 196 2188 249 [348-

358 370 433 420 λιν
480 367 643 418 πόλλα
687 364 773 416 καὶ
821 362 1038 434 μεγάλα,
1091 364 1271 435 ἀρέτας
1317 363 1492 417 ἔννεκα
1535 364 1540 433 Ι
1583 366 1701 435 [idai
1749 367 1942 427 εὐνοίας
1988 371 2075 426 τᾶς
2122 370 2192 427 εἰς

357 453 539 505 ἐαύταν
556 453 590 502 3.

214 612 473 655 observavit
500 611 542 652 F.
560 611 783 651 Staehelin
805 611 963 652 Gesch.
986 609 1066 651 der
1086 611 1485 653 Kleinasiatischen
1508 612 1684 652 Galater
1706 623 1747 664 p.
1768 616 1818 653 55
1842 615 1933 654 not.
1953 616 1990 653 4.
2042 612 2194 653 Simile

214 696 380 726 nomen
410 684 498 724 viri
527 680 756 737 Adboyias
787 683 953 724 Holder
982 683 1297 724 Altkeltischer
1318 684 1643 737 Sprachschatz
1675 684 1693 723 1
1724 695 1767 736 p.
1787 687 1838 724 38
1870 686 1915 725 et
1935 682 2194 739 Adebuyius

213 757 319 798 ibid.
353 758 370 796 I
400 767 443 808 p.
469 758 533 796 40.
597 756 698 808 Ipsa
729 755 950 807 Brogitari
981 767 1111 796 soror
1148 756 1194 796 in
1225 756 1356 796 titulo
1393 756 1579 808 Milesio,
1620 756 1752 796 cuius
1792 757 2070 797 mentionem
2109 756 2194 797 feci

213 841 254 869 n.
280 831 357 868 349
370 826 400 881 2,
431 822 713 883 Ἀβαδογιώνα
744 827 1009 880 appellatur.
1157 831 1181 867 2
1217 827 1317 869 Non
1347 838 1499 879 regem
1522 827 1858 868 nobilissimum
1890 828 1945 879 (n.
1971 828 2096 880 3471)
2127 829 2194 869 in-

214 900 353 940 dicari
383 899 486 940 inde
517 900 718 952 apparet,
758 899 885 952 quod
922 899 977 940 de
1007 899 1105 940 eius
1145 898 1235 940 filia
1265 900 1344 940 vix
1375 899 1590 940 credibile
1620 901 1689 940 est
1727 901 1819 940 tam
1854 900 2120 952 simpliciter
2150 902 2195 940 et

212 971 418 1013 modeste
449 971 712 1012 Strabonem
748 971 977 1012 dicturum
1008 971 1147 1012 fuisse
1186 973 1260 1012 τοῦ
1291 974 1571 1030 τετραρχικοῦ
1603 967 1804 1012 Γαλατῶν
1835 970 1996 1028 γένους.
2057 971 2194 1013 Acce-

183 1044 278 1103 ¹dit
314 1043 439 1096 quod
483 1055 538 1084 ex
577 1055 618 1084 n.
643 1045 738 1096 349,
768 1045 792 1082 2
833 1043 972 1084 alium
1014 1044 1226 1085 novimus
1266 1043 1528 1085 Deiotarum
1567 1043 1864 1084 Trocmorum
1904 1044 2192 1085 tetrarcham.

212 1116 351 1157 Cuius
388 1116 541 1168 filiam,
580 1115 804 1168 Brogitari
841 1127 1063 1168 sororem,
1105 1115 1449 1168 Adobogionam
1482 1115 1621 1163 fuisse
1661 1117 1771 1168 quin
1816 1118 1938 1157 recte
1984 1117 2194 1157 statuerit

211 1188 462 1229 Hirschfeld
505 1199 558 1229 eo
603 1189 756 1229 minus
801 1188 992 1229 dubium
1040 1190 1109 1229 est
1153 1191 1343 1241 propter
1386 1188 1538 1229 locum
1578 1199 1715 1241 quem
1752 1187 1873 1228 idem
1920 1187 2050 1229 affert
2087 1188 2191 1229 Bell.

208 1261 332 1302 Alex.
351 1264 418 1313 78,
437 1264 481 1301 3:
513 1258 658 1302 eidem
679 1260 940 1312 (Mithridati
959 1261 1252 1313 Pergameno)
1281 1258 1574 1303 tetrarchiam
1593 1257 1777 1315 [leyibus
1807 1260 1906 1301 add.
1931 1260 2077 1313 codd.,
2110 1260 2192 1301 del.

211 1331 489 1384 Ciacconius]
528 1328 922 1387 Galloyraecorum
951 1329 1052 1374 iure
1078 1330 1226 1387 yentis
1265 1334 1312 1374 et
1351 1330 1715 1387 coynatiooiis
1756 1330 2039 1374 adiudicavit
2068 1344 2194 1374 occa-

207 1406 367 1458 patam
397 1406 436 1446 et
458 1416 716 1458 possessam
739 1401 906 1458 paucis
935 1406 1040 1446 ante
1068 1402 1211 1447 armis
1241 1416 1272 1446 a
1291 1401 1516 1446 Deiotaro.
1567 1404 1683 1447 Nam
1714 1405 1830 1446 hanc
1858 1415 1957 1445 esse
1978 1404 2194 1445 Trocmo-

209 1488 311 1516 rum
344 1476 634 1517 tetrarchiam
665 1476 800 1517 docet
830 1476 986 1517 Cicero
1020 1476 1075 1517 de
1107 1477 1244 1518 divin.
1266 1477 1318 1530 ΙΙ,
1342 1479 1408 1530 37,
1433 1480 1508 1518 79:
1547 1474 1591 1518 is
1622 1477 1810 1535 (Caesar)
1842 1488 1947 1519 cam
1976 1474 2022 1517 ei
2050 1476 2193 1527 (Deio-

209 1550 309 1589 taro
350 1548 459 1600 regi)
504 1545 801 1603 Troqmorum
838 1545 1133 1590 tetrarchiam
1176 1546 1416 1603 eripuisset
1458 1550 1498 1590 et
1541 1546 1744 1591 adsecuto
1787 1560 1868 1590 suo
1913 1545 2193 1603 Peryamerw

208 1617 358 1662 nescio
396 1617 477 1662 cui
513 1621 553 1671 (i.
583 1632 620 1661 e.
652 1620 911 1672 Mithridati)
951 1618 1150 1663 dedisset.
1208 1620 1356 1674 Atque
1395 1621 1695 1662 Trocmorum
1741 1621 2013 1662 tetrarcham
2054 1620 2193 1661 fuisse

208 1693 494 1745 Brogitarum
528 1705 568 1734 n.
592 1696 687 1746 349,
712 1697 750 1733 2.
774 1696 797 1733 3
831 1694 1036 1746 testatur,
1069 1704 1175 1733 cum
1205 1693 1278 1733 ille
1309 1692 1621 1734 nobilissimus
1653 1704 1732 1734 rex
1756 1694 2013 1746 Deiotarus,
2042 1693 2192 1745 prius-

209 1776 347 1817 quam
393 1765 448 1805 ad
493 1765 652 1806 altiora
695 1765 977 1818 eveheretur,
1022 1765 1401 1817 Tolistoagiorum
1439 1766 1594 1819 potius
1633 1765 1877 1807 tetrarchia
1912 1764 2093 1805 functus
2135 1764 2194 1804 sit

211 1838 265 1889 (n.
285 1839 363 1878 347
375 1836 420 1889 3).
473 1837 704 1878 Concessit
733 1839 871 1890 igitur
890 1838 1138 1879 Mithridati
1165 1838 1327 1879 Caesar
1357 1839 1638 1891 cognationis
1668 1840 1782 1892 iure,
1813 1849 1928 1891 quae
1960 1836 2189 1890 quondam

209 1909 422 1950 avunculi
453 1910 550 1950 eius
570 1910 795 1962 Brogitari
825 1909 1015 1950 fuerant.
1162 1914 1184 1949 3
1225 1910 1405 1950 Rectius
1438 1908 1599 1951 ἔαυτον.
1662 1911 1747 1952 Sed
1769 1921 1935 1952 nomen
1963 1909 2039 1951 τὰν
2069 1906 2189 1950 πόλιν

209 1993 252 2021 v.
277 1984 298 2020 3
330 1981 650 2033 interpositum
689 1982 734 2022 in
773 1992 910 2022 causa
940 1981 1037 2035 fuit,
1078 1993 1160 2022 cur
1191 1983 1350 2022 auctor
1386 1981 1507 2022 tituli
1548 1981 1897 2023 oblivisceretur
1935 1991 2192 2035 pronomen

209 2052 265 2093 ad
297 2051 318 2093 6
351 2051 485 2108 δᾶμος
514 2053 683 2094 referri.
735 2054 1000 2095 Hirschfeld.

316 2265 430 2320 349
481 2271 632 2336 Lapis
660 2285 703 2319 a.
737 2269 873 2335 0,70,
914 2274 942 2321 l.
979 2273 1115 2338 0,35,
1156 2272 1503 2323 inaedificatus
1528 2273 1580 2321 in
1606 2287 1771 2337 mum,
1810 2273 2046 2321 inventus
2074 2286 2190 2320 cum

208 2357 316 2406 aliis
370 2357 421 2404 in
473 2360 647 2407 monte
703 2359 769 2406 ad
822 2359 1082 2409 sinistram
1129 2360 1304 2408 Hermi
1356 2359 1576 2409 fluminis
1625 2360 1808 2425 ripam,
1861 2357 2189 2423 sesquihorae

206 2437 471 2492 intervallo
511 2444 573 2492 ab
601 2444 790 2510 oppido
817 2441 1112 2495 Mercemerc.
1176 2445 1544 2512 Apographum
1579 2460 1610 2494 a
1636 2444 1990 2511 Spiegelthalio
2017 2459 2189 2493 secum

209 2530 637 2579 communicatum
673 2531 861 2596 publici
897 2533 1021 2582 iuris
1061 2532 1177 2582 fecit
1215 2532 1269 2582 G.
1300 2531 1587 2582 Hirschfeld
1624 2532 1891 2581 Bullettino
1931 2527 2041 2580 dell’
2069 2531 2185 2580 inst.

207 2615 346 2665 arch.
382 2617 527 2665 Rom.
569 2615 703 2665 ‘1873
744 2633 793 2683 p.
825 2617 943 2668 227.
1011 2618 1082 2669 Cf.
1132 2634 1261 2685 quae
1310 2619 1589 2685 disputavit
1632 2619 1767 2668 idem
1813 2618 2032 2668 Hermae
2076 2617 2189 2665 XIV

207 2717 256 2767 p.
290 2699 407 2750 474.
1830 2736 1831 2739 κ

353 2826 395 2880 O
424 2831 580 2899 δῆμος
598 2832 617 2865 1
642 2827 1001 2901 ΒρογίταΙρον2
1027 2830 1308 2902 Δηϊοτάρου
1320 2834 1356 2901 3,
1389 2831 1678 2903 ΓαΙλατῶν4
1703 2830 1942 2903 Τρόκμων
1969 2828 2188 2901 τῙετράρ-

296 2930 453 2985 5χην,
497 2916 686 2986 ἀρετῆς
723 2914 739 2986 Ι]
776 2918 942 2971 ἕνεκεν
981 2918 1066 2970 καὶ
1105 2918 1302 2978 εὐνοίας
1343 2917 1350 2990 Ι
1391 2924 1479 2989 τῆς
1518 2921 1588 2978 εἰς
1626 2920 1817 2971 ἑαυτόν.

320 3075 513 3116 Litterae
551 3077 758 3128 volgares
797 3079 978 3130 praeter
1015 3080 1050 3120 Α
1099 3078 1154 3130 (v.
1187 3081 1208 3118 3
1249 3079 1389 3120 semel
1428 3080 1464 3120 Α
1503 3081 1584 3132 est,
1630 3079 1896 3132 typothetae
1940 3089 2094 3120 errore
2139 3078 2183 3118 ni

206 3145 344 3199 fallor)
378 3148 434 3188 Σ.
603 3151 618 3188 4
667 3149 858 3203 Oppido,
889 3150 1007 3191 inter
1038 3151 1168 3191 cuius
1198 3152 1444 3203 parietinas
1475 3152 1550 3192 hic
1579 3151 1694 3204 lapis
1719 3162 1825 3191 cum
1857 3151 1955 3191 aliis
1976 3151 2183 3203 repertus

206 3220 287 3272 est,
319 3219 643 3262 Hirschfeldius
674 3222 857 3263 Pitanen
887 3234 1052 3264 nomen
1083 3222 1221 3264 fuisse
1252 3225 1411 3264 statuit
1444 3225 1632 3277 propter
1671 3223 1854 3264 titulum
1893 3223 2107 3263 mutilum
2138 3222 2184 3262 in

206 3302 296 3342 quo
327 3292 372 3331 in
404 3291 581 3333 duabus
612 3295 795 3335 coronis
833 3296 878 3335 et
918 3294 1032 3336 infra
1070 3306 1145 3336 eas
1183 3295 1347 3347 legitur
1390 3294 1411 3337 ὁ
1444 3293 1580 3350 δᾶμος
1608 3318 1667 3326 -
1696 3294 1718 3337 ὁ
1752 3292 1887 3349 δᾶμος
1915 3317 1974 3324 -
2004 3292 2026 3335 ὁ
2057 3290 2183 3335 Πιτα-

203 3359 344 3404 ναίων.
393 3363 451 3404 At
480 3366 642 3405 notum
674 3365 942 3418 oppidulum
964 3366 1196 3408 Aeolicum
1229 3367 1284 3419 (n.
1309 3367 1430 3419 3351)
1463 3368 1549 3409 alio
1581 3368 1680 3409 loco
1711 3368 1850 3408 situm
1871 3366 2010 3408 fuisse
2030 3366 2182 3419 ipsum

205 3444 294 3473 non
338 3434 464 3489 fugit,
506 3447 646 3489 quare
686 3438 865 3490 ignotae
911 3439 1173 3492 ceteroquin
1217 3439 1346 3479 urbis
1397 3441 1681 3492 cognominis
1720 3440 1885 3480 rudera
1928 3439 2003 3479 illa
2040 3447 2182 3491 prope

204 3504 423 3546 Hermum
454 3508 623 3549 flumen
658 3509 842 3551 inventa
881 3521 980 3552 esse
1011 3512 1251 3552 existimat.
1318 3511 1447 3559 Quod
1490 3513 1599 3553 mihi
1639 3524 1728 3553 non
1767 3510 2002 3564 probatur.
2066 3509 2181 3550 Nam

205 3577 361 3628 quidni
399 3579 616 3620 honorem
663 3593 689 3622 a
730 3582 950 3623 Pitanaeis
988 3582 1284 3623 Aeolensibus
1322 3583 1413 3624 civi
1453 3585 1651 3637 cuipiam
1688 3584 1810 3624 illius
1847 3583 1988 3635 ignoti
2025 3579 2181 3634 oppidi

206 3648 437 3690 decretum
477 3652 523 3692 in
562 3653 706 3705 ipsius
746 3655 892 3706 patria
933 3655 1071 3708 lapidi
1119 3655 1314 3696 incisum
1354 3654 1640 3697 statuamus?
1700 3655 1761 3697 Cf.
1803 3654 1931 3708 Syll.2
1959 3639 2054 3707 294,
2100 3653 2180 3694 ubi
