2314 3970
220 207 282 255 21
293 208 326 257 4
900 205 950 244 ΙΙ.
996 204 1199 255 Regnum
1230 204 1511 255 Lagidarum.
2040 206 2070 256 [4
2086 209 2194 245 32-

362 377 575 449 φορτία9
629 374 715 428 καὶ
770 374 932 428 τᾶλλα
989 375 1117 434 ξένια
1166 373 1173 446 Ι
1223 373 1355 427 Πανὶ
1408 372 1669 428 ΕὐόδιυιῙΟ
1724 375 1811 428 καὶ
1866 376 1969 434 τοῖς
2025 374 2197 436 ἄλλοις

363 465 500 523 θεοῖς
541 462 547 533 Ι
588 471 710 514 πᾶσι
748 461 834 514 καὶ
870 459 1071 520 πάσαις.
1145 462 1189 512 Ι-
1218 457 1320 530 ad,
1362 459 1485 513 Θὼθ
1526 457 1573 514 ι’.

214 611 394 652 Arabici
436 609 643 650 ducebat.
706 607 1014 660 Quaecunque
1053 606 1192 659 igitur
1222 617 1278 648 ex
1307 605 1471 647 Arabia
1503 606 1693 660 aliisque
1731 607 2024 649 orientalibus
2056 610 2199 661 regio-

214 684 350 724 nibus
382 681 758 735 importabantur,
790 680 881 720 illic
902 690 992 732 quo
1021 680 1253 720 asinorum
1275 679 1347 720 vel
1373 679 1649 720 camelorum
1673 691 1759 733 ope
1781 682 2039 722 transvecta
2058 685 2198 734 erant,

212 757 258 796 in
289 765 427 795 naves
458 752 828 806 imponebantur.
872 752 1165 792 Accuratiora
1196 751 1251 792 de
1281 751 1368 792 hoc
1389 753 1678 805 commercio,
1710 752 1843 805 quale
1870 753 2196 805 imperatorum

213 828 521 868 Romanorum
552 827 697 866 aetate
728 824 824 878 fuit,
857 824 992 865 docet
1022 823 1182 865 titulus
1215 823 1324 864 Bull.
1348 834 1463 864 corr.
1487 823 1596 866 Hell.
1618 824 1701 865 XX
1733 825 1873 876 (4896)
1904 836 1947 878 p.
1971 828 2053 865 469
2085 838 2127 866 n.
2146 827 2196 866 ΙΙ.

213 898 412 939 Flinders
443 899 587 938 Petrie
625 898 798 950 Koptos
831 908 872 949 p.
895 899 962 937 27.
1028 895 1158 938 Nunc
1198 907 1382 949 quoque
1423 896 1581 937 eadem
1618 897 1694 938 via
1732 898 1912 950 mansit,
1952 898 2037 938 nisi
2074 898 2197 950 quod

212 969 365 1011 Nilum
396 969 547 1022 paullo
579 969 789 1010 inferiore
820 969 919 1009 loco
941 968 1021 1009 ubi
1042 968 1262 1021 oppidum
1285 964 1409 1009 Kene
1432 967 1723 1020 (Caenepolis)
1756 969 1894 1010 situm
1917 971 1986 1010 est
2006 971 2196 1021 attingit.

213 1041 273 1083 Cf.
315 1041 542 1082 Baedeker
588 1041 905 1094 Oberagypten
943 1052 986 1094 p.
1021 1043 1087 1080 82.
1120 1043 1218 1083 444.
1366 1044 1390 1080 9
1432 1039 1552 1081 Haec
1596 1043 1705 1081 sunt
1748 1038 1953 1098 ἀρώματα
1997 1053 2196 1094 quorum

215 1114 488 1154 mentionem
519 1113 625 1154 facit
656 1113 816 1154 Strabo
850 1112 916 1164 (cf.
951 1115 1040 1154 not.
1067 1112 1119 1164 7).
1269 1115 1321 1151 40
1363 1110 1424 1152 Cf.
1458 1123 1500 1152 n.
1526 1111 1618 1152 383.
1666 1139 1671 1144 ·

321 1299 431 1354 133
486 1305 708 1353 Marmor
765 1304 886 1352 Delo
934 1302 1188 1351 Oxonium
1245 1303 1565 1351 translatum.
1651 1303 1844 1352 Titulus
1901 1304 2064 1354 editus
2121 1309 2198 1355 est

211 1391 388 1439 Marm.
432 1390 524 1439 Ox,
566 1405 614 1439 n.
645 1390 711 1440 26
765 1390 921 1438 Maitt.
963 1403 1079 1438 cum
1116 1388 1408 1437 Prideauxii
1458 1389 1875 1455 interpretatione
1912 1406 1963 1456 p.
1994 1388 2059 1438 87
2083 1406 2191 1456 sqq.

210 1477 400 1542 Lapide
445 1491 476 1525 a
523 1477 725 1526 sinistra
771 1476 932 1540 magis
982 1475 1164 1525 detrito
1213 1475 1415 1524 titulum
1465 1475 1543 1525 ed.
1592 1475 1844 1526 Chandler
1881 1477 2058 1534 Marm.
2101 1477 2193 1528 Ox.

209 1563 268 1626 ΙΙ,
299 1563 364 1613 42
406 1562 627 1629 (Boeckh
666 1562 716 1613 C.
746 1563 781 1612 I.
813 1562 868 1612 G.
899 1562 1055 1613 2285.
1121 1562 1184 1610 M.
1214 1562 1268 1610 L.
1298 1561 1480 1611 Strack
1519 1562 1608 1612 Die
1633 1563 1875 1627 Dynastie
1912 1564 2003 1614 der
2028 1565 2197 1614 Ptole·
2283 1584 2288 1609 t

208 1653 352 1698 maer
374 1666 425 1716 p.
447 1650 550 1699 258
578 1665 626 1700 n.
653 1649 707 1698 ll
725 1646 790 1716 4).
857 1648 928 1700 Cf.
960 1648 1520 1714 Champollion-Figeac
1551 1650 1769 1699 Annales
1797 1650 1885 1700 des
1912 1651 2126 1716 Lagides
2152 1652 2196 1700 II
2278 1675 2291 1722 3

207 1752 258 1802 p.
295 1737 412 1785 406.
479 1737 700 1786 Dorville
748 1736 882 1786 Misc.
933 1735 1049 1785 Obs.
1085 1736 1173 1785 VII
1220 1751 1270 1801 p.
1313 1735 1377 1785 49
1400 1749 1510 1801 sqq.
1575 1737 1830 1786 Letronne
1879 1737 2195 1789 Recherches

207 1837 340 1889 pour
378 1824 540 1873 servir
578 1824 609 1873 a
645 1822 888 1873 l'histoire
927 1823 990 1872 de
1027 1810 1261 1888 l’Egypte
1298 1837 1349 1888 p.
1381 1820 1482 1873 276
1506 1838 1615 1888 sqq.
1647 1823 1742 1874 324
1773 1839 1882 1890 sqq.
2279 1842 2286 1851 ’

354 1949 763 2022 [Πολέ]μαρ(χ)ον
779 1953 810 2018 1,
854 1951 1095 2020 συνγενῆ2
1136 1949 1141 2019 Ι
1184 1950 1431 2020 βασιλέως
1471 1949 1788 2020 Πτολεμαίου
1828 1949 2141 2022 Εὐεργέτου3
2183 1954 2188 2023 Ι
2282 2007 2313 2034 ,1

305 2055 343 2058 w
351 2055 726 2059 ff-.-.———--x—-
2304 2035 2312 2067 »ξ

323 2096 516 2137 Litterae
549 2096 754 2148 volgares
778 2098 956 2149 praeter
988 2097 1127 2148 ΘΠΣ,
1161 2096 1199 2136 si
1225 2096 1505 2148 ¹apographis
1525 2096 1637 2137 fides
1658 2096 1866 2138 habenda
1886 2100 1967 2138 est.
2087 2102 2103 2139 4
2143 2099 2190 2140 In

208 2169 359 2220 priore
391 2169 587 2209 editione
609 2179 893 2209 marmorum
915 2168 1241 2209 oxoniensium
1275 2169 1500 2209 ΜΑΡΚΟΝ
1534 2171 1615 2221 est,
1648 2168 1926 2212 Chandlerus
1947 2183 2056 2212 vero
2085 2172 2195 2212 nihil

208 2241 298 2281 iam
330 2242 510 2293 praeter
542 2243 618 2282 ΟΝ
653 2240 848 2293 agnovit.
910 2241 1004 2282 Iam
1035 2240 1146 2280 illud
1176 2251 1342 2281 nomen
1372 2240 1627 2281 Romanum
1658 2242 1943 2284 retinuerunt
1972 2243 2195 2286 Prideaux

208 2312 431 2353 Chandler
474 2313 696 2353 Letronne
743 2312 915 2354 Strack.
974 2313 1038 2353 Ac
1078 2312 1201 2365 quod
1246 2313 1321 2352 hic
1365 2312 1551 2365 quidem
1593 2313 1648 2354 ad
1687 2325 1729 2355 n.
1754 2317 1852 2368 470,
1877 2319 1914 2356 4.
1945 2319 1969 2355 2
2013 2311 2193 2372 Μᾶρκος

201 2378 462 2430 Ἐλευσίνιος
495 2381 600 2439 ὑπὲρ
634 2381 839 2438 βασιλέως
871 2381 1137 2439 Πτολεμαίου
1172 2380 1374 2442 Σωτῆρος
1405 2387 1639 2439 provocat,
1670 2398 1761 2427 non
1792 2388 1943 2439 magni
1975 2389 2194 2430 momenti

206 2459 288 2508 est,
328 2457 436 2508 quia
473 2457 547 2496 ille
588 2456 747 2497 titulus
789 2456 965 2509 aliquot
1004 2456 1232 2497 decenniis
1273 2458 1497 2498 recentior
1527 2459 1572 2498 et
1609 2458 1745 2499 homo
1785 2459 2021 2500 manifesto
2063 2460 2192 2514 alius,

206 2528 292 2569 alia
322 2529 467 2580 patria
498 2531 543 2569 et
574 2528 840 2570 condicione
872 2531 953 2569 est.
1005 2529 1086 2569 Hic
1116 2529 1154 2570 si
1187 2530 1371 2571 omnino
1404 2541 1569 2570 nomen
1590 2530 1843 2571 Romanum
1875 2532 2026 2573 locum
2055 2532 2193 2573 habe·
2255 2523 2258 2533 '

208 2602 287 2652 ret,
321 2595 529 2655 Μάαρκον
562 2602 683 2641 certe
716 2603 1098 2653 exspectaremus.
1151 2601 1281 2642 Dicat
1311 2602 1538 2654 quispiam
1567 2602 1801 2643 hominem
1836 2603 2035 2644 nobilem
2064 2605 2192 2646 aulae
2248 2610 2269 2699 ³
2299 2594 2301 2622 ³

206 2670 531 2712 Alexandrinae
561 2672 639 2723 qui
660 2673 838 2712 Marcus
870 2672 1174 2724 appellaretur
1204 2683 1372 2713 nomen
1403 2673 1581 2714 dedisse
1602 2674 1763 2715 insulis
1785 2686 1979 2727 quarum
2002 2677 2191 2717 mentio·
2234 2688 2261 2729 z,

207 2753 311 2783 nem
342 2742 510 2782 faceret
539 2743 647 2783 Plin.
678 2743 728 2784 N.
760 2744 803 2784 h.
825 2743 896 2796 VI,
921 2746 1025 2784 469:
1071 2741 1205 2785 sinus
1245 2741 1417 2786 insulis
1445 2742 1656 2798 refertum
1701 2758 1753 2787 ew
1790 2743 1854 2788 iis
1884 2759 1997 2800 quae
2025 2744 2191 2790 Mareu
2246 2723 2259 2808 ᾗ
2295 2757 2298 2812 3

206 2816 435 2866 vocantwr,
466 2827 673 2868 aquosae,
705 2827 818 2868 quae
847 2811 1072 2856 Eratonos
1105 2815 1172 2866 (cf.
1205 2815 1248 2855 C.
1273 2817 1303 2856 I.
1328 2816 1373 2856 G.
1407 2819 1531 2857 4904.
1565 2819 1674 2857 4902
1709 2811 1951 2875 Ἐράτωνος
1981 2822 2055 2860 τοῦ
2093 2832 2190 2875 συγ·
2244 2820 2259 2846 Ψ

205 2887 379 2941 γενοῦς),
416 2884 628 2928 sitientes.
689 2887 745 2926 At
782 2887 894 2927 haec
932 2887 1064 2928 lectio
1098 2888 1144 2927 in
1177 2887 1453 2929 editionibus
1495 2890 1746 2941 antiquitus
1785 2893 2054 2932 conservata
2083 2903 2188 2932 cum
2294 2877 2296 2898 ³

206 2958 427 2999 librorum
460 2958 681 2999 memoria
701 2959 966 3011 neutiquam
998 2960 1210 3012 concinit,
1243 2960 1320 3012 qui
1351 2960 1565 3002 exhibent
1585 2958 1766 3004 Matreu
1797 2964 1826 3003 Ε
1857 2965 2007 3015 (quem
2040 2965 2189 3016 sequi·
2243 2953 2254 2982 ⁴·
2291 2963 2295 3016 Ι

206 3032 281 3071 tur
311 3030 546 3082 Detlefsen)
578 3043 718 3073 ‘maru
749 3032 841 3083 DF,
878 3027 1005 3077 marl!
1037 3033 1089 3072 R.
1150 3031 1308 3084 Neque
1349 3034 1531 3074 omnino
1574 3034 1788 3075 credibile
1829 3037 1910 3087 est,
1951 3035 2123 3077 litteras
2161 3048 2187 3077 a

206 3102 471 3143 Prideauxio
515 3103 654 3143 lectas
695 3103 920 3155 integrum
962 3114 1127 3144 nomen
1168 3103 1355 3156 efficere,
1403 3106 1510 3157 quia
1555 3107 1621 3147 sic
1658 3108 1834 3158 primus
1866 3117 2026 3148 versus
2065 3109 2184 3149 iusto
2239 3116 2242 3124 ·

207 3173 390 3215 brevior
419 3175 558 3228 fieret,
590 3177 635 3215 et
655 3176 754 3228 ipsa
775 3176 983 3227 positura
1004 3175 1257 3216 litterarum
1279 3177 1447 3218 indicat
1476 3178 1604 3218 initio
1627 3178 1798 3231 aliquid
1821 3178 1991 3220 deesse.
2041 3179 2188 3228 Quare
2246 3167 2247 3170 ¹

205 3247 476 3299 Boeckhius‚
509 3247 640 3288 cuius
672 3248 941 3288 sententiam
972 3247 1167 3300 probant
1198 3249 1245 3288 G.
1267 3249 1522 3291 Lumbroso
1554 3250 1833 3291 Recherches
1864 3261 1944 3291 sur
1973 3248 2067 3293 l'ec.
2098 3252 2186 3304 pol.
2236 3262 2246 3268 ··
2286 3278 2289 3288 ι

207 3330 248 3370 p.
274 3321 354 3358 489
388 3319 519 3358 not.4
567 3321 612 3358 et
650 3319 684 3359 J.
707 3319 752 3359 P.
773 3318 969 3371 Mahaffy
1011 3319 1101 3359 The
1140 3319 1321 3372 Empire
1360 3321 1407 3361 of
1443 3322 1518 3362 the
1561 3322 1802 3363 Ptolemies
1842 3333 1884 3375 p.
1909 3325 1987 3363 384
2032 3325 2122 3364 not.
2147 3326 2186 3376 4,

207 3386 548 3446 [Πολέ]μαρ[χ]ον
572 3390 751 3431 aliudve
773 3391 1001 3443 aliquanto
1023 3391 1199 3443 longius
1216 3402 1381 3432 nomen
1399 3392 1536 3434 fuisse
1553 3394 1758 3434 coniecit.
1867 3397 1891 3433 2
1925 3394 1985 3434 Cf.
2007 3406 2048 3435 n.
2065 3393 2183 3435 4042.
2238 3391 2242 3403 ³

206 3464 228 3499 3
272 3461 555 3502 Ptolemaeus
579 3462 675 3502 VIII
706 3462 949 3514 Euergetes
970 3463 1008 3502 ΙΙ
1040 3462 1310 3515 (446-446).
1362 3464 1456 3505 Etsi
1487 3467 1643 3506 uxoris
1675 3477 1841 3506 nomen
1873 3466 1977 3517 (not.
2003 3467 2041 3518 4)
2071 3468 2183 3506 tem·
2231 3492 2233 3494 -
2282 3484 2284 3503 ι

207 3533 308 3585 pori
338 3534 592 3574 accuratius
625 3534 876 3576 definiendo
909 3546 1000 3576 non
1020 3537 1176 3588 aptum
1194 3537 1275 3588 est,
1307 3537 1457 3577 tamen
1478 3548 1533 3578 ex
1556 3537 1822 3578 condicione
1843 3538 2084 3578 hominum
2107 3538 2183 3590 qui

209 3604 529 3645 dedicaverunt
561 3605 667 3656 (not.
693 3607 730 3658 7)
762 3606 884 3648 haud
915 3605 1276 3660 improbabiliter
1317 3608 1551 3660 collegeris
1582 3610 1698 3651 hanc
1735 3611 1933 3650 statuam
1973 3621 2054 3662 per
2083 3620 2184 3650 ean-

203 3677 308 3717 dem
345 3676 629 3716 occasionem
660 3689 712 3719 ac
743 3689 784 3718 n.
810 3682 890 3719 435
924 3681 1121 3720 erectam
1152 3689 1252 3720 esse
1283 3678 1378 3732 (427
1402 3692 1440 3721 a.
1462 3680 1562 3722 Chr.
1585 3682 1656 3734 n.).
