2314 3970
227 195 294 244 96
905 192 955 232 11.
1000 192 1203 244 Regnum
1233 192 1515 244 Lagidarum.
2128 192 2199 245 [56

371 365 441 423 εἰς
489 362 542 415 τὸ
594 362 771 415 ἄδυτον
819 336 1226 432 εἰσπορεῦόμενοι
1273 361 1395 432 πρὸς
1442 361 1524 415 τὸν
1575 363 1837 433 στολισμὸν
1875 368 1971 416 τῶν
2012 364 2142 416 θεῶν
2161 366 2202 400 1²

312 458 336 499 5
366 450 453 502 καὶ
490 449 799 519 πτεροφόραι
815 449 857 483 13
893 447 979 500 καὶ
1016 448 1426 518 ἱερογραμματεῖς
1443 451 1485 484 14
1523 447 1609 501 καὶ
1644 449 1661 519 Ι]
1698 450 1744 501 οἱ
1782 449 1928 502 ἄλλοι
1969 450 2117 519 ἱερεῖς
2155 450 2202 501 οἱ

223 626 268 664 et
299 621 707 676 praedicationibus
738 621 856 672 regis
887 631 1025 674 quam
1047 622 1281 663 Graecum.
1338 622 1403 662 Ac
1433 632 1539 663 sane
1570 633 1653 675 pro
1685 622 1804 664 illius
1836 623 1994 664 aetatis
2026 623 2202 675 ingenio

222 694 447 735 eiusmodi
486 693 699 745 ambages
730 692 927 734 tumidas
972 694 1018 734 in
1064 694 1433 747 interpretatione
1479 693 1536 735 ab
1576 694 1758 736 homine
1797 695 2020 748 Aegyptio
2066 695 2202 735 etiam

221 769 376 807 auctas
408 776 506 806 esse
536 764 820 818 probabilius
852 767 933 818 est,
966 777 1104 818 quam
1126 767 1171 806 in
1202 765 1389 806 brevius
1420 768 1676 807 contractas
1706 779 1732 807 a
1757 767 1940 808 Graeco.
1992 767 2203 807 Ceterum

222 838 406 890 Canopii
444 837 727 878 monumenti
765 837 916 877 versio
954 837 1178 878 demotica
1220 838 1307 878 hoc
1345 838 1444 878 loco
1485 848 1686 878 mensem
1730 838 1942 891 diemque
1980 838 2201 879 fastorum

219 910 548 962 Aegyptiorum
589 909 771 962 omittit,
820 919 946 950 mera
982 909 1274 962 neglegentia,
1323 911 1375 950 ut
1423 911 1655 963 perspexit
1691 910 1900 962 Mahaffy.
2050 913 2099 949 40
2142 909 2203 950 Cf.

219 980 432 1022 Herodot.
454 981 504 1034 11,
529 982 601 1021 37:
637 979 776 1035 ἱρᾶται
807 978 853 1021 δὲ
885 978 963 1021 οὐκ
994 975 1053 1026 εἷς
1085 978 1265 1022 ἑκάστου
1296 986 1380 1021 τῶν
1412 978 1525 1022 θεῶν
1554 978 1665 1022 ἀλλὰ
1687 979 1852 1034 πολλοί,
1882 985 1968 1022 τῶν
2000 978 2063 1026 εἷς
2095 978 2203 1021 ἐστιν

219 1050 452 1111 ἀρχιέρεως
483 1052 562 1103 (sic
587 1052 672 1092 AB
691 1052 736 1105 C,
767 1049 965 1109 ἀρχιρεὺς
997 1052 1041 1104 Ρ,
1073 1049 1292 1109 ἀρχιερεύς
1324 1052 1396 1104 11)·
1430 1050 1557 1094 ἐπεὰν
1590 1051 1637 1094 δέ
1664 1066 1727 1099 τις
1758 1048 1969 1111 ἀποθάνῃ,
1999 1051 2148 1094 τούτου
2181 1049 2203 1093 ὁ

219 1127 320 1171 παῖς
342 1121 693 1165 ἀντικατίσταται.
742 1123 875 1176 Apud
896 1123 1091 1164 eundem
1111 1123 1162 1176 11,
1186 1126 1282 1164 ⁴43.
1307 1126 1381 1166 454
1420 1124 1529 1164 item
1561 1121 1782 1180 ἀρχιερεύς
1812 1124 1934 1177 apud
1954 1123 2205 1177 Aegyptios

218 1198 616 1238 commemoratur.
763 1199 809 1235 44
858 1197 1130 1248 Interpretes
1153 1196 1444 1237 oraculorum
1472 1198 1517 1237 et
1538 1197 1818 1250 scriptorum
1840 1206 2089 1238 sacrorum.
2141 1195 2202 1237 Cf.

218 1269 441 1310 Letronne
472 1279 542 1321 ap.
575 1267 620 1309 C.
643 1267 802 1309 Miiller
831 1268 898 1308 Fr.
921 1267 1024 1308 hist.
1048 1267 1118 1308 Gr.
1143 1268 1160 1308 I
1189 1267 1394 1321 Append.
1424 1279 1468 1321 p.
1491 1270 1559 1309 44.
1611 1267 1837 1326 προφήτης
1866 1271 1941 1309 τοῦ
1970 1264 2202 1324 Χνούβεως

217 1343 287 1381 est
306 1340 420 1381 infra
440 1352 482 1381 n.
501 1343 597 1392 444,
627 1343 690 1380 48.
724 1338 951 1396 προφήτης
974 1335 1238 1381 Σοκνοπαὶου
1260 1335 1362 1381 θεοῦ
1387 1338 1574 1397 μεγάλου
1597 1340 1810 1381 Amherst
1829 1340 1993 1393 papyri
2013 1340 2052 1379 11
2083 1351 2125 1392 p.
2150 1342 2202 1380 65

217 1424 259 1453 n.
281 1412 385 1465 LVI,
411 1415 449 1452 3.
481 1411 668 1464 LV11‚2.
711 1410 939 1468 προφήτης
961 1402 1118 1457 Ἴσιδος
1138 1422 1182 1464 p.
1205 1414 1286 1453 456
1319 1411 1701 1465 n.cxxvl11‚5e.
1827 1415 1882 1452 ιε
1923 1412 1985 1453 cf.
2007 1410 2203 1452 mium.

220 1487 270 1524 43
311 1483 372 1524 Cf.
404 1483 585 1524 Diodor.
608 1483 640 1535 1,
664 1486 732 1536 87,
755 1486 800 1524 8:
842 1481 952 1528 τινὲς
984 1481 1032 1524 δέ
1062 1496 1185 1538 φασιν
1218 1480 1262 1524 ἐν
1293 1486 1384 1529 τοῖς
1413 1481 1608 1540 ἀρχαίοις
1637 1482 1808 1540 χρόνοις
1849 1482 1999 1539 ἱέρακα
2040 1481 2203 1539 βιβλίον

217 1553 405 1612 ἐνεγκεῖν
437 1553 498 1600 εἰς
531 1551 675 1609 Θήβας
695 1556 784 1600 τοῖς
807 1551 958 1611 ἱερεῦσι
987 1553 1165 1611 φοινικῷ
1188 1551 1378 1611 ῥάμματι
1408 1553 1745 1613 περιειλημένον,
1777 1553 1878 1618 ἔχον
1909 1553 2203 1611 γεγραμμένας

213 1625 288 1674 τὰς
307 1632 390 1669 τῶν
413 1623 524 1669 θεῶν
547 1624 776 1682 θεραπείας
795 1639 840 1666 τε
861 1624 933 1666 καὶ
952 1625 1077 1680 τιμάς
1091 1637 1100 1646 ·
1135 1624 1281 1682 διόπερ
1301 1625 1375 1668 καὶ
1392 1625 1493 1673 τοὺς
1526 1625 1882 1684 ἱερογραμματεῖς
1903 1629 2049 1684 φορεῖν
2072 1640 2203 1682 φοινι-

215 1702 316 1741 κοῦν
337 1696 486 1756 ῥάμμα
505 1697 578 1739 καὶ
597 1697 747 1755 πτερὸν
769 1695 936 1752 ἱέρακος
958 1696 1028 1740 ἐπὶ
1041 1701 1122 1755 τῆς
1137 1696 1346 1755 κεφαλῆς.
1379 1699 1572 1752 Hesych.
1590 1697 1864 1756 πτεροφόροι·
1882 1696 2004 1745 τέλος
2024 1713 2065 1739 τι
2082 1711 2203 1754 στρα-

211 1769 423 1823 τιωτικόν,
453 1767 482 1826 ἢ
514 1769 572 1816 ὡς
604 1767 673 1811 διὰ
702 1768 780 1825 τὴν
813 1768 856 1810 ἐν
886 1772 976 1816 τοῖς
1007 1768 1156 1825 λόφοις
1177 1769 1400 1826 πτέρωσιν.
1430 1769 1662 1812 καλοῦνται
1692 1769 1739 1812 δὲ
1771 1768 1905 1817 οὕτως
1934 1769 2009 1812 καὶ
2037 1776 2122 1812 τῶν
2156 1768 2200 1810 ἐν

214 1838 418 1899 Αἰγύπτῳ
452 1839 599 1898 ἱερέων
630 1838 750 1887 τινές.
803 1841 868 1882 Ex
887 1841 1077 1883 Diodori
1099 1842 1219 1895 loco,
1251 1854 1454 1895 quocum
1477 1843 1704 1884 consentit
1724 1843 1930 1884 Clemens
1949 1842 2014 1883 Al.
2038 1844 2200 1884 Strom.

214 1914 287 1967 VI,
312 1917 349 1967 4,
375 1917 426 1954 63
459 1925 502 1967 p.
527 1917 608 1955 757
641 1914 770 1967 Pott.,
803 1914 1050 1967 collegeris,
1081 1914 1213 1966 plane
1244 1915 1429 1956 eosdem
1451 1925 1551 1956 esse
1583 1913 1948 1971 ἱερογραμματέας
1979 1916 2024 1955 et
2054 1927 2203 1970 πτερο-

215 1985 394 2042 φόρους;
436 1985 559 2038 quod
589 1987 742 2026 tamen
780 1985 867 2026 hoc
905 1986 1038 2026 titulo
1071 1987 1114 2026 et
1145 1997 1186 2026 n.
1211 1989 1278 2038 9⁰,
1305 1991 1325 2026 7
1365 1986 1601 2039 refutatur,
1640 1987 1726 2028 etsi
1763 1986 1874 2038 quid
1909 1987 2201 2039 potissimum

213 2058 487 2099 discriminis
517 2058 821 2098 intercesserit
864 2058 1140 2109 ignoramus.
1210 2059 1503 2099 Drumannus
1547 2058 1628 2098 Die
1670 2058 1840 2099 Inschr.
1887 2069 1977 2099 von
2015 2058 2199 2099 Rosette

213 2141 257 2183 p.
276 2133 320 2170 44
337 2133 355 2169 4
377 2141 473 2182 sqq.
507 2129 819 2170 demonstrare
841 2131 1047 2183 conatur,
1079 2130 1166 2171 hoc
1187 2130 1478 2171 sacerdotum
1500 2141 1640 2182 genus
1664 2131 1847 2171 omnino
1869 2141 1959 2170 non
1981 2141 2006 2170 a
2026 2140 2199 2182 pennae

214 2203 377 2254 insigni
408 2213 575 2242 nomen
605 2201 784 2254 habere,
818 2201 898 2243 sed
929 2200 1080 2257 πτερόν
1113 2202 1249 2242 etiam
1282 2202 1532 2243 aediculam
1563 2202 1813 2254 significare
1844 2212 1992 2255 posse,
2023 2213 2112 2254 qua
2145 2201 2199 2242 de

211 2285 261 2314 re
292 2275 515 2326 provocat
541 2273 598 2314 ad
619 2273 898 2326 Hesychium
930 2271 1104 2330 πτερόν·
1139 2271 1275 2330 σκηνή
1308 2275 1353 2314 et
1382 2271 1570 2328 καλόβη·
1605 2273 1756 2330 σκηνή,
1788 2272 1950 2319 παστάς
1980 2275 2025 2313 et
2048 2273 2196 2326 Etym.

213 2346 267 2386 M.
292 2349 388 2398 655,
413 2348 456 2386 44
505 2344 684 2391 παστός·
719 2342 744 2399 ἡ
779 2343 829 2385 ἐκ
858 2343 1138 2400 πετασμάτων
1170 2342 1374 2387 ποικίλων
1405 2344 1778 2401 κατεσκευασμένη
1811 2345 1961 2402 σκηνή.
2022 2345 2197 2392 Quibus

213 2429 267 2458 ex
298 2418 409 2459 locis
440 2428 661 2470 apparere
692 2417 917 2470 opinatur,
948 2416 1102 2473 πτερόν
1133 2420 1178 2458 et
1207 2417 1365 2459 παστόν
1397 2418 1519 2459 idem
1541 2428 1654 2471 esse,
1686 2417 1879 2469 ideoque
1909 2416 2196 2475 πτεροφόρους

212 2501 302 2530 non
333 2490 539 2531 diversos
570 2502 596 2530 a
626 2489 916 2542 pastophoris
947 2487 1090 2542 (Syll.2
1110 2488 1247 2541 5593).
1297 2490 1355 2531 At
1384 2501 1494 2530 num
1525 2490 1830 2542 lexicographi
1851 2489 1907 2530 de
1928 2501 1981 2530 ea
2012 2489 2197 2542 potissi-

212 2573 340 2601 mum
378 2563 504 2602 vocis
546 2562 592 2601 vi
631 2561 941 2613 cogitaverint,
988 2573 1125 2614 quam
1166 2561 1303 2602 habet
1342 2563 1387 2602 in
1433 2562 1689 2615 composito
1739 2559 2021 2618 παστοφόρος,
2067 2560 2196 2601 valde

213 2632 384 2673 dubito.
446 2632 570 2673 Adde
613 2632 736 2684 quod
782 2633 1047 2684 pastophori
1093 2630 1171 2673 vix
1211 2635 1305 2674 tam
1348 2633 1523 2674 nobiles
1562 2635 1681 2686 sunt,
1726 2635 1779 2674 ut
1817 2633 1891 2674 hic
1927 2633 2195 2674 nominatim

213 2704 475 2755 efferantur;
508 2704 649 2744 immo
681 2705 763 2744 hos
785 2705 1084 2756 appellatione
1116 2703 1156 2746 οἱ
1187 2702 1312 2745 ἄλλοι
1343 2703 1468 2760 ἱερεῖς
1500 2706 1555 2756 (v.
1580 2707 1618 2757 5)
1651 2706 1874 2746 contineri
1898 2704 2196 2758 probabiliter

211 2777 403 2817 coniecit
432 2776 665 2816 Letronne.
725 2777 790 2816 De
820 2776 966 2817 forma
995 2775 1267 2833 πτεροφόράι,
1308 2788 1424 2828 quae
1451 2777 1587 2817 etiam
1622 2781 1689 2830 9ο,
1713 2780 1736 2817 7
1769 2777 1981 2830 occurrit,
2011 2777 2194 2817 Letron-
2276 2823 2277 2826 Ἰ

212 2850 313 2889 nius
345 2847 595 2900 dubitabat,
637 2847 717 2888 sed
748 2859 868 2889 nunc
899 2859 1122 2889 consensu
1154 2849 1518 2890 testimoniorum
1555 2848 1851 2901 comprobata
1895 2850 1976 2889 est.
2037 2848 2194 2900 Neque

212 2921 458 2973 quicquam
498 2920 600 2960 miri
642 2919 790 2972 habet,
834 2919 1060 2971 siquidem
1098 2921 1190 2960 iam
1231 2919 1353 2972 apud
1382 2919 1730 2972 Aristophanem
1761 2920 1838 2972 Eq.
1864 2922 1966 2959 4334
2012 2932 2193 2976 τεττιγο-

211 2991 345 3049 φόρας
376 2993 522 3032 metro
557 2993 742 3044 cogente
772 3001 828 3031 ex
858 2991 1083 3043 Hesychio
1121 2989 1441 3048 τεττιγοφόρας·
1473 2986 1648 3033 Ἀττικοὶ
1677 2990 1747 3032 ἐπὶ
1776 2997 1859 3032 τῶν
1889 2995 1968 3046 τῆς
1998 2989 2192 3047 κεφαλῆς

211 3069 369 3122 τριχῶν
402 3061 634 3118 εἰρομένων
665 3065 848 3119 χρυσοῦς
878 3061 1066 3119 τέττιγας
1098 3061 1307 3119 (ἐφόρουν)
1339 3064 1537 3104 restituit
1567 3063 1824 3116 Porsonius,
1855 3063 2056 3115 itemque
2086 3075 2192 3117 σαμ-

213 3135 345 3191 φόρας
364 3135 500 3176 habet
516 3135 636 3175 idem
648 3134 727 3187 Eq.
741 3137 835 3186 603,
848 3131 1115 3190 πελτοφόροις
1132 3135 1332 3175 tironum
1349 3135 1540 3186 catalogi
1552 3135 1753 3176 Boeotici
1764 3136 1794 3176 Ι.
1810 3135 1858 3175 G.
1869 3136 1987 3188 Sept.
2001 3136 2032 3188 I,
2044 3137 2089 3175 24
2103 3137 2190 3187 0,2.

212 3211 364 3260 244,2.
400 3210 551 3260 244‚2.
586 3209 885 3247 27⁴5—2720.
921 3209 1046 3246 2782.
1080 3208 1376 3250 2786—2789.
1418 3209 1717 3248 2809—2832.
1752 3210 1874 3247 3292.
1910 3208 2018 3246 4472
2049 3201 2191 3247 Ἱππο-

213 3277 343 3334 φὸρας
364 3279 492 3319 fluvii
515 3290 681 3319 nomen
702 3279 748 3318 in
769 3278 968 3318 nummis
990 3277 1253 3330 Apolloniae
1275 3288 1375 3318 esse
1406 3278 1585 3329 (Eckhel
1606 3279 1654 3318 D.
1678 3278 1728 3320 N.
1753 3279 1788 3318 ll
1811 3289 1854 3331 p.
1879 3278 1974 3329 578)
2007 3277 2190 3319 adnotat

210 3350 257 3389 K.
280 3350 375 3389 Keil
407 3351 511 3402 Syll.
535 3351 670 3391 Inscr.
694 3350 848 3391 Boeot.
870 3353 992 3402 p.⁴8‚
1027 3347 1321 3406 βακτροφόρας
1343 3350 1386 3389 in
1410 3351 1735 3402 epigrammate
1756 3349 1878 3402 apud
1897 3350 2022 3402 Diog.
2045 3349 2187 3390 Laert.

210 3421 280 3472 Vl,
306 3424 371 3461 76.
435 3421 495 3461 Cf.
535 3423 669 3462 etiam
713 3421 891 3462 Lobeck
932 3421 987 3461 ad
1026 3421 1158 3473 Soph.
1187 3420 1308 3461 Aiac.
1343 3423 1437 3461 604.
1490 3422 1656 3462 Eadem
1697 3421 1966 3462 vicissitudo
2007 3422 2052 3461 in
2090 3421 2188 3462 aliis

212 3492 431 3544 stirpibus
466 3495 676 3546 cernitur,
709 3495 760 3534 ut
790 3491 1091 3549 ἡμεροδρόμας
1118 3492 1260 3545 (Sym
1284 3495 1378 3545 456,
1403 3493 1455 3544 2),
1487 3493 1764 3551 τειχομάχας,
1799 3489 2028 3550 ἱππάρχης,
2060 3490 2187 3534 ὁπλο-
2295 3488 2299 3514 ·’

211 3564 369 3620 μάχης,
409 3575 525 3615 quae
562 3566 813 3605 recentiore
855 3566 1000 3605 aetate
1031 3576 1119 3605 non
1157 3563 1248 3604 fere
1279 3566 1452 3605 rariora
1485 3567 1590 3605 sunt
1621 3577 1757 3618 quam
1788 3565 1862 3605 illa
1892 3575 2008 3615 quae
2039 3565 2084 3604 in
2115 3578 2186 3609 -ος
2243 3563 2256 3610 ἶ
2293 3554 2296 3586 ¹⁵

210 3636 388 3678 cadunt.
536 3638 588 3676 44
632 3636 691 3677 Cf.
724 3637 967 3690 Drumann,
999 3637 1079 3676 Die
1110 3635 1318 3678 Inschrift
1348 3647 1439 3678 von
1469 3636 1650 3677 Rosette
1681 3649 1723 3690 p.
1751 3639 1829 3676 422
1845 3647 1941 3689 sqq.
1993 3635 2034 3676 Is
2066 3634 2184 3689 apud
2232 3612 2254 3673 ‘f
2290 3630 2293 3670 3

2278 3901 2283 3970 i
