2314 3970
94 204 163 256 48]
666 204 951 256 Ptolemaeus
981 205 999 245 1
1030 204 1270 257 (306-—285
1293 215 1332 246 a.
1355 204 1485 256 Chr.).
2002 206 2070 254 49

94 379 156 429 de
192 379 366 443 Vogiie
401 379 609 428 Journal
646 380 893 445 asiatique
935 377 1071 429 4867
1110 396 1160 446 p.
1201 380 1318 430 420.
1384 379 1439 429 G.
1472 379 1754 428 Lumbroso
1804 378 1906 428 Atti
1946 379 2075 428 della

93 479 132 513 r.
163 465 304 514 acad.
336 464 387 513 di
419 465 603 514 Torino
630 465 695 514 IV
721 465 760 530 (4
777 463 898 530 869)
924 482 973 531 p.
1005 463 1060 514 74
1077 466 1122 515 5.
1191 465 1269 530 (Μ.
1299 466 1351 514 L.
1383 465 1564 516 Strack
1601 465 1690 515 Die
1715 465 1957 530 Dynastie
1984 466 2075 515 der

92 552 378 602 Ptolemaer
414 566 464 616 p.
494 551 597 602 220
638 565 686 600 n.
719 551 783 617 6).

231 687 438 761 Ἀθηνᾶν,
492 689 498 762 Ι
554 690 780 763 Σωτείρᾳ
844 691 977 763 Νίκῃ
1039 692 1044 764 Ι
1101 692 1186 745 καὶ
1251 693 1534 763 βασιλέως1
1592 692 1597 764 Ι
1665 692 2018 764 Πτολεμαίουῖ
2062 692 2079 764 ΙΙ

184 794 208 834 5
237 777 559 848 Πραξίδημος
621 778 850 850 Σέσμαος
914 777 922 850 Ι
985 777 1067 832 τὸν
1135 778 1352 851 βω[μὸ]ν
1419 780 1705 851 ἀνέθ[η]κεν
1773 779 1778 851 Ι
1846 780 2077 850 ἀγα[θ]ῆι

234 866 432 936 τόχηιῧ.

206 1034 399 1075 Litterae
430 1033 637 1086 volgares
669 1035 847 1087 praeter
878 1036 917 1075 Ε)
951 1035 997 1074 et
1027 1035 1067 1074 Ο
1100 1033 1275 1074 minore
1305 1033 1491 1075 modulo
1521 1035 1741 1075 exaratas.
1873 1038 1888 1074 4
1928 1034 2077 1076 Dativi

93 1107 138 1147 et
157 1106 353 1159 genetivi
373 1106 632 1147 coniunctio
664 1106 792 1159 mira,
825 1116 971 1158 neque
995 1106 1181 1147 omniuo
1203 1116 1336 1147 casus
1359 1106 1586 1147 secundus
1608 1107 1698 1147 huc
1719 1106 1937 1159 quadrat;
1973 1117 2077 1147 nam

94 1178 150 1220 ab
182 1175 391 1234 ἀνέθηκεν
423 1178 620 1231 pendere
651 1178 835 1219 omnino
866 1179 1036 1230 nequit,
1077 1179 1115 1219 si
1146 1178 1203 1219 ad
1236 1175 1380 1233 βωμόν
1413 1178 1658 1219 referretur
1693 1180 1815 1219 certe
1845 1179 1958 1219 baec
1987 1189 2079 1219 vox

93 1251 284 1292 articulo
317 1262 471 1292 carere
501 1250 714 1302 dehebat;
748 1261 800 1291 ac
830 1250 920 1290 iam
942 1252 994 1291 ut
1014 1252 1206 1303 uterque
1227 1261 1360 1292 casus
1380 1261 1463 1303 per
1491 1261 1540 1291 se
1570 1248 1898 1303 rectehabeat,
1927 1251 2080 1290 tamen

93 1334 175 1376 per
203 1321 276 1364 καὶ
306 1323 517 1375 coniungi
548 1333 637 1363 non
667 1325 872 1376 possunt.
934 1323 1020 1363 Vix
1062 1323 1338 1364 monendum
1379 1323 1542 1375 opinor
1580 1334 1635 1363 ne
1673 1323 1776 1375 quis
1819 1323 2080 1374 genetivum

94 1395 151 1437 ab
182 1391 343 1452 ἀγαθῆι
371 1393 499 1452 τύχηι
531 1395 778 1447 suspendat
807 1397 853 1436 et
874 1397 1225 1436 monumentum
1258 1406 1347 1436 una
1367 1395 1596 1436 Minervae
1627 1396 1673 1436 et
1702 1394 1848 1436 bonae
1874 1394 2081 1435 fortunae

94 1467 211 1520 regis
242 1467 488 1508 Ptotemaei
520 1466 718 1508 dedicari
749 1469 919 1509 statuat
950 1468 1004 1518 (n.
1031 1467 1139 1519 461).
1199 1467 1315 1508 Nam
1347 1467 1448 1508 luce
1479 1468 1644 1508 clarius
1676 1468 1747 1508 est
1777 1467 1863 1507 hoc
1893 1467 2082 1519 propter

93 1538 341 1581 verborum
374 1539 582 1580 ordinem
612 1551 702 1581 non
734 1540 881 1581 licere.
943 1539 1092 1588 Quare
1130 1541 1281 1581 nescio
1324 1552 1380 1581 an
1418 1541 1510 1580 iam
1547 1540 1621 1580 hic
1662 1539 1938 1592 exemplum,
1980 1549 2081 1591 per-

94 1612 332 1664 antiquum
363 1622 482 1666 sane,
513 1612 611 1653 eius
642 1611 919 1654 confusionis
950 1612 1287 1665 agnoscendum
1320 1612 1391 1665 sit,
1433 1623 1549 1664 quae
1579 1612 1862 1664 principatus
1894 1611 2082 1652 Romani

94 1686 300 1737 tempore
331 1684 474 1736 magis
506 1684 741 1737 magisque
763 1684 981 1736 gliscebat
1011 1684 1121 1725 dum
1152 1685 1315 1725 tertius
1347 1695 1480 1726 casus
1500 1685 1632 1737 plane
1663 1685 1709 1724 in
1737 1682 2081 1724 desuetudinem

50 1803 52 1805 ,
95 1757 231 1797 venit.
281 1755 342 1797 Cf.
365 1756 627 1810 OlympiaV
649 1767 692 1810 p.
719 1760 799 1797 450
825 1757 880 1798 3(1
903 1769 944 1797 n.
969 1759 1035 1798 64.
1068 1768 1111 1810 p.
1137 1760 1218 1798 478
1241 1756 1298 1798 ad
1319 1769 1360 1798 n.
1381 1760 1447 1798 89.
1481 1767 1523 1809 p.
1548 1758 1628 1798 543
1653 1755 1708 1797 ad
1731 1767 1771 1796 n.
1797 1758 1891 1796 450.
1944 1756 2079 1795 Inscr.

96 1828 167 1869 Gr.
190 1828 309 1881 Sept.
332 1829 363 1880 I,
387 1831 511 1869 4743.
691 1832 715 1867 2
754 1829 889 1870 Tituli
921 1840 960 1869 n.
985 1832 1051 1870 47.
1076 1832 1143 1869 48.
1168 1831 1213 1869 24
1253 1828 1311 1870 31)
1343 1828 1597 1870 editoribus
1630 1828 1885 1869 Ptolemaeo
1918 1827 2022 1880 Lagi
2054 1826 2081 1867 f.

94 1900 384 1942 vindicantur
413 1911 519 1941 cum
550 1901 658 1954 quia
692 1901 961 1954 simpliciter
994 1898 1188 1956 βασιλεὺς
1222 1897 1491 1956 Πτολεμαῖος
1535 1901 1790 1954 appellatur
1828 1910 1975 1953 neque
2006 1910 2083 1953 pa-

94 1974 247 2014 ternae
279 1973 466 2026 originis
506 1972 831 2025 significatione
869 1984 1016 2026 neque
1054 1973 1145 2015 ullo
1177 1973 1398 2015 vocabulo
1437 1973 1686 2015 honorifico
1720 1972 1945 2026 adiuncto,
1985 1974 2083 2013 tum

95 2045 232 2086 etiam
262 2047 450 2098 propter
487 2045 803 2087 litteraturam.
856 2044 914 2086 At
943 2047 1192 2098 utrumque
1224 2047 1542 2098 argumentum
1576 2044 1947 2099 probabilitatem
1984 2044 2084 2096 qui-

97 2117 200 2159 dem
230 2117 458 2170 quandam
490 2117 639 2170 habet,
673 2117 752 2159 sed
782 2119 835 2159 ut
865 2118 996 2171 plane
1027 2119 1203 2159 certum
1236 2118 1295 2160 sit
1325 2118 1523 2159 multum
1556 2117 1696 2159 abest.

209 2345 280 2402 18
332 2350 466 2400 Stela
501 2351 775 2401 marmoris
823 2350 923 2399 albi
960 2350 1166 2401 inventa
1210 2365 1344 2401 anno
1387 2348 1522 2399 4876
1564 2349 1790 2399 Menuthi
1827 2345 2084 2416 (Abukz‘r).

98 2436 222 2486 Edd.
262 2436 316 2486 E.
347 2436 504 2486 Miller
540 2437 663 2486 Bull.
694 2437 757 2486 de
795 2450 924 2486 corr.
954 2437 1077 2487 Hell.
1107 2437 1174 2486 IX
1202 2434 1378 2504 (4885)
1411 2452 1460 2502 p.
1494 2436 1595 2485 446
1623 2451 1670 2485 n.
1696 2433 1743 2485 7.
1809 2436 2087 2484 Neroutsos

98 2523 206 2588 Bey
252 2524 427 2573 Revue
464 2522 683 2573 archeol.
725 2524 1000 2575 Troisieme
1038 2525 1135 2573 ser.
1176 2523 1222 2572 X
1261 2521 1436 2590 (4887)
1476 2539 1525 2588 p.
1557 2522 1659 2572 245
1700 2537 1748 2572 n.
1781 2519 1863 2571 47.
1937 2516 2088 2570 L’an-

103 2610 277 2659 cienne
325 2610 630 2659 Alexandrie
677 2625 726 2676 p.
768 2609 868 2659 426
920 2607 1000 2677 (Μ.
1042 2611 1094 2659 L.
1133 2610 1313 2660 Strack
1364 2610 1455 2658 Die
1492 2608 1736 2674 Dynastie
1785 2609 1876 2658 der
1923 2607 2090 2657 Ptole-

102 2699 244 2746 maer
280 2711 330 2762 p.
360 2696 463 2745 249
503 2710 551 2745 n.
583 2693 646 2760 5).

240 2833 489 2907 Ἀρτέμιδι
513 2836 791 2908 Σωτείραι1
819 2838 824 2908 Ι
855 2834 981 2910 ὖπὲρ
1022 2839 1269 2910 βασιλέως
1299 2839 1305 2908 Ι
1337 2837 1688 2910 Πτολεμαίου2
1715 2836 1722 2910 Ι
1745 2834 2052 2911 Ἐπικράτης
2075 2836 2091 2909 ΙΙ

192 2938 216 2978 5
242 2920 520 2994 Ἀθηναῖος.

221 3091 410 3133 Litteras
441 3093 648 3145 volgares
679 3095 860 3145 praeter
891 3095 972 3136 ΘΠ
1002 3095 1186 3136 exhibet
1206 3095 1362 3149 Miller,
1394 3108 1501 3137 cum
1530 3095 1633 3137 Ner.
1664 3107 1745 3149 pro
1778 3098 1807 3136 ξ
1839 3094 2023 3147 quidem
2056 3095 2090 3136 Σ

106 3162 281 3216 habeat,
312 3175 406 3225 pro
445 3165 534 3205 illis
574 3166 675 3206 vice
705 3177 838 3207 versa
876 3167 1157 3220 antiquiores
1197 3168 1365 3209 formas
1397 3171 1484 3210 ΘΠ.
1546 3169 1626 3209 Hic
1668 3166 1846 3208 definite
1884 3167 2090 3218 testatur,

106 3234 406 3277 litteraturam
438 3247 538 3277 eam
570 3247 669 3278 esse
699 3249 815 3290 quae
847 3240 1056 3291 proximo
1097 3242 1203 3292 post
1232 3241 1537 3282 Alexandrum
1568 3242 1778 3292 Magnum
1810 3240 2015 3291 tempore
2046 3238 2091 3278 in

15 3300 17 3338 ἶ
107 3316 196 3347 usu
216 3306 363 3360 fuerit,
395 3319 536 3361 quare
556 3309 612 3349 de
632 3309 887 3351 litterarum
907 3309 1019 3366 θῆτα
1049 3314 1095 3353 et
1115 3316 1165 3353 πῖ
1195 3312 1351 3354 formis
1375 3313 1416 3352 ei
1437 3312 1540 3364 plus
1561 3312 1663 3352 fidei
1684 3310 1945 3352 habendum
1966 3311 2091 3362 puto.

102 3381 128 3418 -4
173 3379 446 3432 Zephyrium
477 3383 852 3433 promunturium
899 3394 1041 3436 prope
1087 3385 1243 3426 vicum
1274 3385 1545 3426 hodiernum
1586 3380 1762 3425 Abukir
1800 3383 1866 3424 eis
1912 3382 1991 3435 qui
2036 3380 2093 3422 ab

19 3462 21 3505 Ι
110 3450 280 3491 oriente
300 3451 618 3494 Alexandriam
649 3464 811 3496 versus
843 3455 1107 3508 navigarent
1137 3457 1363 3510 imprimis
1393 3456 1702 3508 periculosum
1734 3455 1872 3497 fuisse
1901 3453 2094 3506 ideoque

20 3527 22 3554 1
110 3521 275 3564 Dianae
306 3524 496 3576 Sospitis
518 3524 759 3566 delubrum
781 3526 1010 3580 habuisse,
1040 3531 1200 3581 postea
1222 3538 1326 3569 vero
1350 3528 1412 3568 ihi
1433 3523 1675 3584 Ἀφροδίτης
1695 3522 1910 3584 Ἀρσινόης
1941 3525 2095 3567 fanum

110 3595 408 3636 constitutum
440 3606 539 3637 esse
580 3596 647 3648 (cf.
678 3598 910 3652 Posidippi
947 3601 1276 3653 epigrammata
1314 3599 1435 3652 apud
1464 3600 1747 3643 Athenaeum
1775 3601 1854 3641 Vll
1886 3595 2016 3640 3⁴8d
2053 3597 2098 3636 et

113 3664 159 3704 in
202 3676 379 3719 papyro
427 3679 573 3719 nuper
618 3669 800 3711 invento
845 3672 887 3711 F.
920 3672 1047 3712 Blass
1092 3673 1203 3719 MuS.
1242 3671 1378 3721 Rhen.
1414 3671 1579 3719 XXXV
1611 3687 1655 3728 p.
1686 3678 1753 3716 90.
1823 3673 1902 3713 Th.
1938 3671 2101 3722 Preger

200 3747 549 3793 Dittenberger,
575 3752 730 3785 Orientis
755 3752 813 3785 Gr.
837 3752 941 3786 inscr.
979 3755 1004 3787 Ι.
1178 3802 1183 3807 .
1728 3762 1750 3801 4
