2314 3970
243 185 312 235 84
923 182 974 221 11.
1019 180 1220 233 Regnum
1252 180 1533 233 Lagidarum.
2146 180 2214 233 [5⁴

240 359 626 407 monumentum
682 355 1022 419 Adulitanum‚
1079 354 1270 404 Romae
1330 353 1482 402 4634.
1567 353 1643 403 Ex
1698 354 2035 404 Laurentiano
2091 355 2218 404 libro

239 444 501 494 Thevenot
545 443 774 491 Relation
820 441 882 489 de
937 441 1105 490 divers
1152 453 1376 504 voyages
1429 440 1651 505 curieux,
1709 441 1864 506 Paris,
1928 442 2060 490 4666
2108 443 2162 491 Τ.
2199 442 2220 489 Ι

240 529 397 595 (Spon
435 531 568 578 Misc.
606 527 744 576 erud.
782 531 883 576 ant.
920 542 970 592 p.
1001 526 1104 575 358
1125 526 1271 591 sqq).
1337 526 1465 574 Tum
1511 525 1835 576 Montfaucon
1879 530 2045 576 totum
2090 541 2219 592 opus

236 617 422 682 publici
459 616 582 664 iuris
609 613 726 662 fecit
753 611 871 663 Coll.
899 627 1017 662 nov.
1046 613 1257 662 Patrum
1282 612 1325 660 II
1363 628 1411 677 p.
1446 611 1536 660 444
1588 609 1804 677 (titulum
1828 613 1945 662 inde
1970 614 2220 679 repetive-

236 707 357 752 runt
393 705 595 767 praeter
633 701 756 750 alios
796 699 1019 750 Chishull
1056 699 1222 765 Antiq.
1260 700 1381 748 Asit.
1417 715 1468 765 p.
1500 697 1563 747 73
1588 714 1695 765 sqq.
1773 700 2027 750 Letronne
2064 700 2221 748 Mate-

236 790 384 837 riaux
419 802 553 853 pour
588 782 833 835 l’histoire
871 787 939 836 du
979 785 1358 835 Christianisme
1397 800 1459 834 en
1498 776 1712 851 Egypte,
1761 801 1824 835 en
1862 786 2022 835 Nubie
2071 788 2121 834 et
2157 800 2220 834 en

235 874 500 939 Abyssinie
536 889 585 939 p.
619 873 682 921 44
705 887 780 938 sq.
843 873 884 922 J.
915 873 1079 921 Franz
1118 871 1169 923 C.
1199 873 1232 921 I.
1264 871 1319 921 G.
1351 869 1506 921 5427.
1572 873 1625 921 Ε.
1654 873 1708 921 L.
1738 871 1892 921 Hicks
1930 873 2132 921 Manual
2170 871 2228 920 of

238 959 402 1009 Greek
445 959 715 1008 ‘historical
768 959 1093 1024 inscriptions
1147 973 1197 1024 p.
1243 958 1346 1007 296
1404 972 1451 1006 n.
1499 954 1616 1006 473.
1701 958 1764 1006 Μ.
1805 958 1858 1006 L.
1897 956 2076 1006 Strack
2131 957 2221 1005 Die

237 1046 479 1111 Dynastie
518 1045 608 1094 der
643 1045 927 1095 Ptolemaer
963 1061 1014 1110 p.
1051 1044 1153 1095 232
1195 1059 1244 1094 n.
1283 1044 1365 1093 39.
1438 1043 1526 1094 Ch.
1557 1043 1735 1093 Michel
1780 1043 1981 1092 Recueil
2018 1039 2218 1093 d’inscr.

238 1131 320 1181 Gr.
361 1148 411 1198 p.
442 1132 544 1181 860
585 1147 633 1181 n.
668 1128 840 1198 4239).
919 1130 1057 1188 Quae
1095 1130 1352 1196 quondam
1390 1129 1456 1178 ad
1492 1131 1765 1194 genuinam
1806 1130 1938 1178 tituli
1975 1130 2221 1193 originem

236 1218 557 1284 probandam
595 1219 684 1266 aut
719 1219 771 1266 in
809 1217 1019 1266 dubium
1047 1217 1332 1266 vocandam
1358 1217 1547 1282 scripta
1571 1219 1706 1281 sunt,
1746 1230 1807 1266 ea
1843 1230 1980 1265 nune
2016 1230 2222 1265 enume-

236 1318 351 1353 rare
389 1318 575 1370 operae
612 1305 833 1369 pretium
870 1317 975 1353 non
1013 1305 1104 1367 est,
1145 1303 1391 1368 siquidem
1429 1317 1579 1352 nemo
1619 1316 1773 1352 sanus
1808 1303 2024 1367 amplius
2063 1302 2125 1350 de
2162 1316 2223 1351 ea

236 1391 467 1439 dubitare
520 1393 703 1455 potest.
788 1388 1022 1438 Ceterum
1078 1389 1139 1439 cf.
1162 1401 1168 1406 ’
1191 1403 1322 1454 quae
1378 1389 1765 1454 disputaverunt
1818 1389 1859 1438 J.
1898 1387 1955 1437 G.
1990 1389 2222 1453 Droysen

238 1475 414 1525 Gesch.
444 1476 532 1525 des
558 1477 893 1525 Hellenismus
918 1475 983 1523 ΙΠ
1018 1475 1048 1525 2
1087 1491 1136 1541 p.
1169 1475 1270 1523 343
1292 1491 1367 1540 sq.
1427 1475 1481 1524 A.
1511 1491 1559 1525 v.
1590 1474 1887 1525 Gutschmid
1914 1489 1993 1540 ap.
2025 1474 2223 1540 Sharpe

238 1562 414 1612 Gesch.
445 1563 751 1628 Egyptensl
788 1578 838 1628 p.
869 1561 971 1612 225
1012 1564 1117 1611 not.
1148 1561 1177 1612 2
1230 1561 1306 1611 ed.
1350 1550 1515 1611 Germ.
1555 1563 1597 1611 J.
1626 1562 1681 1610 P.
1712 1560 1936 1626 Mahasfy
1974 1560 2081 1609 The
2118 1575 2224 1610 em-

236 1651 346 1715 pire
373 1648 432 1698 of
449 1648 538 1698 the
563 1650 832 1698 Ptolemies
869 1664 919 1714 p.
953 1647 1052 1697 499
1075 1663 1184 1713 sqq.
1250 1648 1304 1697 Β.
1335 1648 1481 1697 Niese
1521 1647 1697 1698 Gesch.
1722 1648 1812 1697 der
1834 1661 1909 1713 gr.
1939 1663 1988 1696 u.
2018 1646 2220 1696 maked.

235 1734 442 1785 Staaten
479 1735 523 1783 II
559 1751 610 1800 p.
643 1735 745 1783 448
766 1749 876 1800 sqq.

384 1888 635 1949 Βασιλεὺς
687 1890 840 1960 μέγας
880 1888 1192 1959 Πτολεμαῖος
1213 1892 1246 1957 ¹,
1294 1888 1399 1949 υἱὸς
1445 1889 1690 1960 βασιλέως
1730 1888 2047 1959 Πτολεμαίου
2090 1889 2095 1959 Ι
2136 1889 2222 1943 καὶ

386 1977 681 2048 βασιλίσσης
728 1972 984 2047 Ἀρσινόης
1032 1977 1165 2028 θεῶν
1199 1972 1450 2047 Ἀδελφῶν
1465 1978 1500 2043 2,
1550 1979 1646 2030 τῶν
1690 1977 2014 2048 βασιλέω(ς)3
2050 1975 2056 2046 Ι
2094 1975 2224 2029 Πτο-
2298 1979 2308 1988 “

384 2063 597 2132 λεμαίου
642 2062 728 2115 καὶ
771 2063 1065 2134 βασιλίσσης
1104 2059 1378 2133 Βερενίκης
1415 2062 1547 2114 θεῶν
1589 2061 1888 2133 Σωτήρων4,
1933 2061 1940 2132 Ι
1981 2062 2222 2133 ἀπόγονος

325 2158 350 2198 5
381 2146 445 2201 τὰ
494 2149 582 2218 μὲν
633 2147 729 2201 ἀπὸ
768 2147 955 2220 πατρὸς
983 2146 1295 2220 <Ηρακλέους
1343 2152 1431 2202 τοῦ
1470 2148 1634 2218 Διόςῦ,
1684 2146 1748 2200 τὰ
1790 2148 1845 2202 δὲ
1884 2147 1982 2201 ἀπὸ
2024 2147 2222 2219 μηΙΙτρὸς
2312 2206 2314 2209 ⁴

353 2341 369 2377 4
418 2337 704 2378 Ptolemaeus
750 2338 807 2377 III
859 2337 1103 2390 Euergetes
1154 2338 1390 2387 (247—224
1435 2350 1474 2379 a.
1515 2338 1615 2379 Chr.
1654 2337 1710 2389 n.)
1757 2337 1953 2390 Mahaffy
1998 2337 2089 2377 The
2128 2348 2222 2378 em·
2305 2322 2314 2357 T

237 2411 334 2464 pire
373 2409 420 2451 of
457 2410 533 2450 the
571 2410 809 2451 Ptolemies
840 2421 883 2462 p.
908 2413 990 2450 205
1022 2411 1153 2451 not.l
1203 2421 1350 2462 neque
1390 2411 1463 2450 hic
1504 2421 1651 2463 neque
1690 2421 1730 2451 n.
1766 2413 1835 2461 60,
1871 2413 1886 2450 4
1933 2410 2028 2461 regi
2061 2420 2224 2450 nomen

236 2478 478 2538 Εὐεργέτης
510 2481 606 2521 dari
638 2483 892 2534 propterea,
934 2482 1042 2534 quia
1072 2493 1193 2523 nono
1235 2482 1421 2523 demum
1453 2493 1568 2523 anno
1602 2479 1746 2536 (239l8
1769 2493 1807 2522 a.
1831 2481 1947 2533 Chr.)
1991 2481 2037 2521 id
2078 2492 2224 2522 sacer-

237 2553 396 2594 dotum
427 2553 608 2594 decreto
630 2554 671 2592 ei
692 2554 961 2605 impositum
983 2556 1115 2607 esset,
1149 2553 1237 2594 sibi
1259 2555 1497 2606 persuasit.
1549 2553 1606 2594 At
1635 2565 1659 2594 e
1691 2554 1917 2595 contrario
1938 2553 2051 2594 illud
2071 2554 2224 2606 ipsum

237 2624 470 2665 decretum
501 2624 681 2677 probat,
720 2622 832 2665 θεῶν
863 2621 1106 2682 Εὐεργετῶν
1145 2636 1274 2666 sacra
1313 2627 1403 2666 iam
1445 2626 1677 2678 aliquanto
1709 2627 1812 2667 ante
1849 2626 2056 2666 instituta
2086 2625 2224 2666 fuisse

238 2696 294 2747 (n.
318 2695 431 2748 565),
472 2696 548 2736 sed
581 2695 666 2753 illa>
685 2697 830 2736 aetate
861 2695 907 2736 in
937 2697 1231 2749 praescriptis
1262 2697 1516 2750 titulorum,
1555 2697 1636 2737 ubi
1674 2698 1791 2749 regis
1831 2708 1998 2738 nomen
2028 2696 2223 2749 tempori

237 2767 475 2808 indicando
508 2768 708 2820 inservit,
742 2767 964 2808 eiusmodi
995 2768 1265 2809 honorificas
1297 2769 1620 2821 appellationes
1652 2769 1814 2809 addere
1844 2769 2048 2809 nondum
2080 2769 2223 2808 moris

236 2839 333 2879 fuit.
384 2837 446 2879 Cf.
477 2839 613 2879 etiam
644 2840 735 2879 not.
761 2842 827 2879 45.
975 2843 999 2878 2
1039 2839 1322 2880 Ptolemaeus
1344 2841 1381 2879 11
1412 2839 1729 2892 Philadelphus
1761 2840 2016 2891 (285—247)
2050 2841 2094 2879 et
2125 2839 2222 2879 eius

238 2922 368 2952 soror
408 2912 453 2950 et
483 2910 680 2950 coniunx
710 2910 913 2952 Arsinoe.
1092 2915 1113 2950 3
1159 2913 1486 2953 ΒΑΟΙΛΘωΝ.
1663 2916 1682 2949 ¹·
1730 2911 2014 2952 Ptolemaeus
2046 2912 2063 2950 I
2095 2912 2224 2951 Soter

239 2983 480 3034 (306—285
503 2993 541 3022 a.
565 2981 665 3022 Chr.
684 2981 740 3032 n.)
765 2983 809 3022 et
829 2982 927 3023 eius
948 2994 1065 3023 uxor
1085 2983 1312 3024 Berenice.
1460 2987 1483 3024 5
1524 2983 1585 3024 Cf.
1607 2983 1828 3024 Theocrit.
1850 2983 1983 3036 XVII,
2006 2986 2059 3023 26
2091 2981 2222 3039 ἄμφω

236 3053 314 3112 γὰρ
362 3054 436 3105 (sc.
475 3052 726 3094 Alexandro
767 3053 927 3105 Magno
968 3056 1013 3094 et
1053 3054 1309 3097 Ptolemaeo
1330 3055 1453 3106 Lagi
1494 3055 1535 3106 f.)
1575 3053 1781 3112 πρόγονός
1824 3068 1918 3111 σφιν
1963 3053 1984 3095 ὁ
2021 3053 2223 3112 καρτερὸς

238 3119 534 3183 Ἡρακλείδας,
565 3123 801 3180 ἀμφότεροι
833 3119 862 3165 δ’
899 3122 1181 3180 ἀριθμεῦνται
1213 3125 1256 3172 ἐς
1289 3125 1467 3183 ἔσχατον
1502 3120 1738 3182 Ἡρακλῆα.
1790 3127 1979 3178 Lagidae
2010 3127 2106 3167 sine
2136 3125 2223 3166 du-

236 3197 311 3238 bio
345 3198 565 3249 originem
597 3207 726 3238 suam
757 3207 841 3248 per
872 3197 1105 3249 antiquam
1148 3198 1337 3251 stirpem
1379 3209 1537 3250 regum
1569 3199 1856 3240 Macedoniae
1896 3199 1953 3239 ad
1983 3198 2221 3239 Herculem
2287 3206 2291 3258 j

238 3269 503 3310 referebant.
565 3269 650 3309 Sed
692 3279 802 3309 cave
840 3269 886 3309 id
923 3269 1197 3310 intellexeris
1238 3270 1293 3310 de
1332 3271 1668 3311 narratiuncula
1707 3281 1824 3323 quae
1866 3268 2222 3311 Ptolemaeuml
2282 3269 2293 3311 2

237 3352 327 3380 non
359 3352 383 3380 a
414 3341 547 3393 Lago,
580 3341 664 3381 sed*
697 3353 723 3381 a
764 3351 867 3392 rege
898 3341 1102 3394 Philippo
1132 3342 1356 3394 Amyntae
1387 3342 1414 3383 f.
1455 3343 1655 3393 genitum
1699 3342 1980 3394 significabat
2019 3343 2219 3393 (Pausan.
2278 3322 2295 3390 ξ

238 3412 269 3464 Ι,
295 3415 332 3464 6,
355 3412 408 3461 2).
460 3412 574 3452 Nam
605 3424 706 3453 eam
738 3412 914 3464 pridem
945 3415 1238 3465 perspectum
1268 3415 1338 3454 est
1368 3425 1457 3454 non
1487 3414 1625 3454 modo
1654 3414 1867 3455 ficticiam
1899 3424 2011 3466 esse,
2044 3413 2123 3454 sed
2154 3414 2221 3465 ip·
2277 3407 2289 3422 ³

238 3484 334 3523 sius
364 3483 607 3524 Ptolemaei
640 3487 784 3526 aetate
816 3485 1052 3528 etiamtum
1083 3486 1297 3538 ignotam,
1330 3486 1437 3538 qula
1467 3486 1595 3526 aliter
1626 3487 1721 3527 sine
1752 3485 1890 3527 dubio
1922 3486 1968 3525 in
1998 3485 2219 3537 discepta-

239 3554 441 3595 tionibus
472 3554 527 3595 de
554 3555 795 3596 Alexandri
826 3558 1115 3598 successione
1145 3558 1187 3597 ei
1217 3557 1388 3610 aliquid
1409 3558 1628 3598 momenti
1649 3557 1873 3598 tributum
1895 3559 2027 3597 esset.
2074 3555 2218 3597 Immo

239 3627 387 3679 Satyri
418 3627 518 3668 loco
554 3628 656 3677 (not.
681 3628 718 3678 6)
754 3628 1090 3669 demonstratur
1119 3640 1210 3680 qua
1239 3629 1495 3682 parentelae
1527 3631 1701 3670 ratione
1731 3629 1919 3670 Arsino‘e
1956 3629 2059 3680 Lagi
2090 3639 2219 3680 uxor,
