2314 3970
77 190 176 243 266]
625 188 848 229 Eumenes
880 189 897 228 1
926 189 971 229 et
1001 188 1165 229 milites
1196 187 1506 229 mercennarii.
1938 190 2043 239 433

113 364 188 430 §4
221 358 595 430 Φιλεταιρείαι4
640 360 998 432 στρα[τ]ιώταις
1053 358 1139 413 καὶ
1193 359 1294 420 τοῖς
1344 359 1394 413 ἐν
1443 355 1767 412 Ἀτταλείαιῦ.
1818 357 1825 430 Ι
1870 359 2044 429 [σ]ίτου

77 549 180 607 ὑπὲρ
209 553 287 606 τῆς
317 546 506 605 πατρίο[υ
535 549 709 607 χώρας],
740 547 836 605 περὶ
863 547 917 604 ἧς
949 546 1120 596 ἐπιδοὺς
1151 545 1318 603 ἀξίωμα
1351 546 1545 604 βασιλεὺς
1577 546 1757 605 Θρᾳκῶν
1788 543 1945 601 .Κότ[υς
1978 551 2047 604 τῆι

75 620 332 680 συῙγκλήτωι
359 645 418 650 ——
445 612 537 678 ᾔτει
565 620 655 676 τ[ἡν
688 619 875 680 π]οίτριον
906 617 1030 675 ἡμῶν
1051 620 1210 678 χώραν.
1260 620 1403 662 Lebas
1434 622 1570 663 Inscr.
1592 622 1665 674 III,
1690 624 1813 675 4652,
1836 624 1880 662 2:
1919 618 2046 674 [ἐπέ]-

77 694 210 737 ὃωκεν
242 691 419 747 ἀξίωμα,
463 687 506 733 δι’
536 690 583 734 οὗ
616 691 829 734 ἔλε----.
879 692 1174 745 Frequentius
1205 691 1398 733 verbum
1431 690 1571 740 ἀξιοῦν
1602 694 1851 746 usurpatur
1881 692 1937 734 de
1967 693 2046 746 eis,

74 768 151 821 qui
173 766 384 820 precibus
406 765 573 807 adeunt
592 776 746 818 regem
763 765 833 807 vel
856 765 1120 818 principem.
1159 762 1220 805 Cf.
1243 775 1285 804 n.
1305 767 1371 817 56,
1392 766 1442 805 49
1465 775 1570 805 011111
1593 767 1683 806 not.
1704 768 1770 805 82.
1801 777 1843 806 n.
1866 768 1960 818 437,
1979 768 2044 805 40.

76 842 171 893 438,
187 842 223 880 6.
247 841 342 891 468,
358 841 424 878 38.
451 840 708 890 224,42.28.
742 840 917 891 223,40.
941 839 1038 890 228,
1057 839 1071 876 4
1087 838 1123 877 4.
1149 838 1406 888 329,28.29.
1448 837 1708 889 Sequuntur
1729 837 1903 890 singula
1924 834 2046 886 ἀξιώ-

75 925 187 968 ματα
217 910 384 964 quibus
406 921 581 951 morem
601 910 740 963 gessit
759 909 996 962 Eumenes,
1028 918 1145 960 quae
1165 908 1366 948 numeris
1396 908 1421 958 ξ
1445 910 1554 948 4-7
1588 908 1784 949 distinxi.
1836 909 1897 950 Ea
1918 921 2047 962 prae-

74 985 142 1025 ter
171 983 373 1036 primum
403 983 555 1024 omnia
584 981 835 1035 praefixum
869 980 1037 1021 habent
1067 979 1321 1033 argumenti
1351 979 1545 1020 indicem
1576 981 1911 1033 praepositione
1943 977 2047 1038 ὑπὲρ

74 1068 110 1097 c.
133 1066 229 1108 gen.
260 1065 540 1108 expressum.
688 1057 712 1094 2
753 1053 872 1095 Haec
902 1063 1086 1105 quoque
1115 1063 1209 1093 vox
1240 1051 1455 1094 sollennis
1486 1053 1555 1093 est
1583 1052 1629 1092 in
1660 1052 1886 1094 eiusmodi
1916 1065 2047 1106 argu-

74 1128 238 1169 mento.
289 1126 549 1167 Fr'ankelius
579 1125 708 1167 affert
736 1124 907 1175 Arrian.
929 1123 1120 1177 Anab.1,
1145 1125 1213 1176 27,
1239 1127 1282 1164 5:
1315 1122 1374 1170 ὡς
1405 1121 1452 1164 δὲ
1481 1120 1618 1164 πάντα
1649 1123 1777 1176 (quae
1797 1124 2049 1167 Alexander

19 1231 21 1244 ,
73 1199 129 1241 ab
159 1198 396 1253 Aspendiis
428 1197 746 1252 postulaverat)
778 1195 819 1239 οἱ
851 1193 1144 1254 ἐπεχώρησαν,
1176 1192 1391 1244 ἀνέζευξεν
1424 1192 1467 1243 ἐς
1497 1191 1677 1254 Πέργην.
1731 1197 1963 1238 Praeterea
1994 1197 2047 1239 cf.

20 1319 21 1334 χ
74 1283 116 1313 11.
148 1274 242 1324 437,
273 1274 316 1311 9:
365 1267 663 1329 ἐπιχωροῦμεν
704 1267 750 1310 δὲ
790 1265 890 1324 ὑμῖν
930 1266 1002 1309 ’καὶ
1038 1266 1116 1324 τὴν
1154 1262 1350 1309 ἀνάθεσιν
1386 1266 1441 1325 ἧς
1477 1265 1644 1323 ἠξιοῦτε
1685 1266 1843 1323 στήλης
1874 1267 2047 1323 [π]ο[ιή-

20 1351 21 1354 ’
74 1341 280 1397 σ]ασθα[ι].
333 1346 428 1396 439,
454 1346 527 1384 49;
571 1339 836 1399 ἐπιχωρῆσαι
866 1338 972 1395 ἡμῖν
1015 1336 1235 1381 ἀναθεῖναι
1266 1336 1439 1396 στήλην.
1493 1343 1589 1394 468,
1613 1343 1629 1380 4
1643 1343 1686 1381 2;
1728 1339 1823 1397 περὶ
1861 1340 1917 1381 ὧν
1958 1338 2047 1382 ἐπι-

20 1445 23 1456 .
74 1418 268 1474 χωρῆσαι
305 1412 552 1471 ἀναστῆσ[αι
583 1411 769 1470 στήλην].
821 1415 917 1466 224,
942 1414 1015 1454 54:
1058 1410 1126 1454 διὰ
1155 1410 1201 1453 τὸ
1231 1406 1438 1468 Ἀθηναίῳ
1469 1411 1531 1469 τῷ
1571 1409 1639 1454 ἐπὶ
1668 1415 1743 1454 τοῦ
1774 1410 2046 1469 ναυστάθμου

21 1522 23 1531 ,
74 1484 431 1546 ἐπικεχωρῆσθαι.
484 1490 579 1540 228,
604 1490 648 1527 6:
689 1483 985 1543 ἐπικεχώρηκε
1017 1482 1063 1526 δὲ
1099 1488 1189 1531 τοῖς
1222 1479 1509 1540 [Σμυρ]ναίοις
1539 1482 1613 1526 τάν
1643 1499 1687 1526 τε
1719 1483 1840 1526 πόλιν
1871 1484 1943 1527 καὶ
1972 1483 2046 1527 τοὶν

22 1561 24 1619 ᾗ
71 1560 215 1619 χώραν
248 1557 384 1601 αὐτῶν
421 1556 649 1613 ἐλευθέραν
687 1554 817 1613 εἶμεν.
869 1569 910 1598 v.
935 1560 1001 1598 4⁴:
1041 1555 1094 1599 τὰ
1135 1554 1491 1614 ἐπικεχωρημένα
1530 1554 1685 1604 αὐτοῖς.
1737 1556 1866 1611 Syll.2
1886 1561 1984 1612 280,
2007 1561 2045 1598 5.

22 1626 24 1708 ἰ
76 1635 170 1686 344,
193 1636 231 1674 9.
255 1635 322 1673 48.
347 1635 413 1672 22.
446 1633 542 1685 425,
566 1633 605 1674 2.
639 1633 733 1683 558,
757 1633 823 1670 45.
847 1632 914 1670 49.
963 1628 1095 1682 Alibi,
1127 1630 1178 1669 ut
1209 1641 1250 1669 n.
1274 1631 1372 1683 224,
1394 1632 1461 1670 45.
1486 1632 1551 1670 47.
1577 1632 1642 1671 56.
1667 1633 1732 1671 62.
1758 1633 1822 1671 63.
1857 1633 1954 1683 223,
1977 1633 2045 1683 27,

22 1714 25 1754 ;
72 1705 229 1747 eadem
262 1705 306 1746 vi
345 1706 577 1762 συγχωρεῖν
615 1703 875 1755 usurpatur.
1025 1704 1046 1741 3
1088 1701 1312 1742 Eumenes
1342 1702 1374 1742 Ι.
1425 1701 1540 1742 Ε11111
1579 1702 1740 1743 Strabo
1778 1714 1868 1743 non
1905 1702 2047 1743 Phile-

23 1776 25 1832 }
73 1778 185 1820 taeri
215 1777 372 1830 ipsius,
405 1775 484 1817 sed
515 1775 664 1816 fratris
695 1775 792 1814 eius
824 1772 1040 1815 Eumenis
1070 1772 1213 1814 filium
1246 1773 1355 1815 dicit
1383 1773 1497 1827 XIII,
1523 1776 1559 1829 4,
1582 1777 1606 1814 2
1639 1785 1681 1827 p.
1708 1777 1788 1815 624
1812 1775 1907 1816 Cas.
1938 1772 2046 1829 ἦσαν

22 1836 26 1914 2
75 1847 120 1892 δὲ
151 1847 267 1906 αὐτῷ
297 1847 572 1902 (Philetaero)
605 1844 677 1888 δύο
709 1843 896 1903 ἀδελφοί,
936 1842 1216 1904 πρεσβύτερος
1249 1844 1325 1901 μὲν
1356 1841 1568 1904 Εὐμένης,
1605 1846 1810 1902 νεώτερος
1842 1840 1872 1887 δ’
1904 1842 2046 1888 Ἄττα-

24 1916 26 1943 '
70 1919 165 1968 λος·
205 1918 255 1962 ἐκ
285 1919 360 1977 μὲν
393 1917 464 1962 οὖν
495 1920 569 1960 τοῦ
599 1914 820 1973 Εὐμένους
852 1915 1019 1974 ἐγένετο
1053 1916 1281 1973 ὁμώνυμος
1322 1915 1383 1974 τῷ
1412 1915 1537 1976 πατρὶ
1566 1913 1779 1974 Εὐμένης,
1818 1914 1946 1974 ὅσπερ
1977 1916 2049 1959 καὶ

73 1990 278 2042 διεδέξατο
308 1991 356 2034 τὸ
387 1987 608 2047 Πέργαμον
639 1987 713 2031 καὶ
742 1986 795 2044 ἧν
826 1986 913 2045 ἤδη
946 1988 1152 2046 δυνάστης
1181 1994 1266 2031 τῶν
1297 1986 1443 2045 κύκλῳ
1474 1987 1659 2048 χωρίων.
1709 1989 1831 2039 Quae
1862 1991 2047 2044 originis

25 2082 27 2095 ι
74 2064 335 2120 significatio
381 2061 615 2104 manifesto
664 2062 785 2103 recte
825 2072 873 2103 se
911 2061 1061 2116 habet,
1109 2062 1215 2115 quia
1259 2061 1561 2103 Philetaerum
1606 2063 1867 2104 eunuchum
1908 2063 2048 2104 fuisse

74 2139 262 2181 constat.
311 2134 397 2176 Sed
427 2134 586 2176 titulus
628 2133 760 2176 docet
788 2134 1040 2176 Eumenem
1080 2146 1105 2176 a
1144 2135 1308 2187 patruo
1347 2134 1617 2188 adoptatum
1656 2146 1768 2190 esse,
1809 2137 1942 2178 cuius
1983 2138 2048 2178 rei

26 2217 28 2235 ¹
73 2210 194 2254 aliud
224 2207 465 2260 vestigium
503 2207 650 2248 exstat
687 2206 810 2260 apud
838 2207 1083 2259 Diogenem
1114 2206 1342 2248 Laertium
1374 2206 1445 2260 IV,
1471 2210 1545 2248 38:
1585 2204 1699 2248 ἀλλὰ
1735 2205 1808 2248 καὶ
1848 2205 2048 2266 ἐχορήγει

73 2280 185 2339 αὐτῷ
219 2275 456 2336 (Ἀρκεσίλᾳ)
489 2276 630 2321 πολλὰ
658 2275 857 2336 Εὐμένης
889 2277 910 2321 ὁ
941 2281 1017 2321 τοῦ
1049 2275 1310 2337 Φιλεταίρου.
1349 2279 1547 2320 Fri-inkel.
1599 2279 1822 2333 Tempora
1850 2280 2047 2333 perbene

27 2350 30 2411 j
74 2353 361 2406 conveniunt,
392 2351 615 2405 siquidem
647 2351 806 2393 eodem
838 2363 954 2393 anno
977 2353 1051 2393 244
1083 2363 1120 2393 a.
1143 2351 1243 2393 Chr.
1276 2353 1322 2392 et
1350 2351 1574 2393 Arcesilae
1605 2353 1826 2393 successit
1846 2353 2047 2406 Lacydes

27 2424 31 2478 1
73 2429 117 2469 et
161 2425 372 2467 Eumenis
403 2425 421 2464 I
466 2434 702 2465 successor
745 2423 920 2465 Attalus
957 2423 975 2464 1
1015 2434 1204 2476 regnum
1245 2424 1344 2465 iniit
1381 2423 1449 2476 (cf.
1482 2436 1523 2466 n.
1546 2422 1684 2477 2682).
1744 2425 2046 2467 Philetaerum

28 2511 32 2545 ι
74 2510 188 2541 anno
232 2501 311 2537 263
345 2509 382 2538 a.
413 2496 514 2538 Chr.
545 2508 586 2538 n.
629 2496 969 2549 octogenarium
1007 2496 1256 2538 decessisse
1294 2498 1474 2538 constat
1512 2496 1734 2550 (Droysen
1779 2497 1934 2539 Gesch.
1968 2497 2047 2540 des

28 2578 32 2631 p
73 2570 370 2613 Hellenismus
400 2569 471 2622 III,
495 2572 511 2609 4
550 2579 593 2622 p.
618 2571 697 2610 277
731 2571 821 2610 not.
845 2568 897 2621 3).
949 2568 1172 2610 Eumenes
1203 2580 1286 2622 per
1306 2569 1465 2622 viginti
1495 2569 1610 2610 duos
1639 2581 1792 2623 annos,
1824 2581 1971 2623 usque
1992 2571 2049 2612 ad

29 2636 33 2675 ¹1
75 2645 148 2685 244
178 2655 216 2684 a.
238 2642 354 2695 Chr.,
393 2642 696 2695 principatum
726 2642 883 2682 tenuit.
934 2641 1027 2682 Hoc
1058 2643 1277 2695 temporis
1316 2641 1551 2683 intervallo
1593 2643 1752 2695 utique
1783 2643 1857 2684 hic
1888 2643 2047 2685 titulus

73 2716 242 2757 incisus
283 2716 363 2756 est.
415 2713 557 2762 Quem
595 2713 718 2766 quod
747 2713 1004 2755 Frankelius
1035 2714 1223 2768 propius
1262 2713 1319 2755 ab
1360 2715 1487 2756 initio
1520 2725 1657 2768 quam
1697 2726 1722 2756 a
1751 2714 1838 2756 fine
1868 2716 2048 2769 imperii

76 2787 284 2831 Eumenis
310 2787 467 2828 abesse
485 2786 665 2840 iudicat,
687 2787 793 2840 quia
813 2787 1230 2829 mercennariorum
1254 2787 1496 2829 seditiones
1517 2788 1719 2829 nondum
1740 2787 2047 2830 corroboratis

31 2845 38 2904 ί
77 2862 185 2903 novi
215 2860 431 2914 principis
463 2858 627 2912 opibus
658 2860 779 2900 ortas
810 2870 910 2901 esse
948 2860 1144 2901 maxime
1185 2859 1419 2913 probabile
1451 2861 1520 2914 sit,
1560 2860 1606 2902 id
1644 2871 1734 2902 non
1771 2859 1985 2902 abhorret
2023 2874 2048 2903 a

78 2933 170 2974 veri
201 2931 506 2974 similitudine.
558 2931 686 2972 Certe
715 2930 854 2974 Niesii
885 2932 1052 2986 opinio,
1093 2933 1170 2986 qui
1202 2933 1283 2974 has
1314 2933 1487 2974 litteras
1518 2944 1742 2974 annorum
1775 2935 1856 2973 246
1890 2935 1934 2974 et
1964 2936 2039 2974 244

35 3020 37 3025 ’
79 3016 118 3047 a.
138 3005 236 3047 Chr.
258 3005 463 3046 terminis
485 3004 703 3045 contineri
729 3015 784 3045 ex
805 3005 1137 3046 necessitudine
1158 3006 1222 3046 eis
1243 3016 1349 3047 eum
1372 3018 1412 3047 n.
1428 3009 1508 3047 229
1532 3006 1835 3047 intercedente
1857 3006 2045 3060 collegit,

35 3096 39 3127 ι,
78 3088 239 3132 parum
262 3077 391 3119 firma
416 3077 526 3117 mihi
546 3075 738 3118 videtur.
780 3076 894 3119 Nam
918 3077 1060 3119 multa
1083 3078 1268 3131 quidem
1291 3077 1540 3131 utrobique
1566 3079 1794 3119 simillima
1816 3079 1933 3131 sunt,
1967 3079 2047 3120 sed

35 3167 38 3189 ι
78 3150 340 3203 neutiquam
371 3149 472 3190 inde
503 3150 708 3202 sequitur
743 3149 932 3190 alterum
965 3150 1149 3192 titulum
1182 3151 1322 3192 altero
1359 3151 1528 3204 aliquot
1558 3151 1713 3192 lustris
1743 3151 2046 3203 antiquiorem

35 3233 41 3260 ·:
81 3232 178 3263 esse
206 3233 296 3263 non
327 3232 472 3275 posse.
635 3223 657 3261 4
697 3221 889 3274 Regione
926 3223 972 3263 in
1003 3234 1093 3276 qua
1123 3223 1209 3265 hoc
1240 3223 1474 3264 castellum
1508 3224 1646 3264 situm
1685 3224 1805 3264 esset
1845 3219 1939 3275 (ὑπὸ
1969 3220 2046 3277 τὴν

36 3294 37 3298 ’
75 3282 199 3349 Ἰδην
231 3305 270 3334 v.
296 3296 362 3334 24.
387 3293 453 3345 55)
485 3293 637 3346 ipsum
667 3292 914 3336 Eumenem
940 3295 958 3335 I
990 3294 1174 3336 demum
1206 3294 1291 3336 sub
1323 3295 1450 3336 initia
1480 3294 1800 3336 dominationis
1831 3296 2045 3348 superato

37 3369 43 3393 ¹
81 3363 337 3407 Antiochol
368 3366 524 3406 Sotere
554 3365 750 3418 potitum
780 3377 891 3420 esse,
923 3378 1029 3408 cum
1060 3367 1117 3409 ad
1147 3367 1192 3408 id
1223 3369 1404 3421 tempus
1436 3368 1481 3407 in
1505 3367 1840 3409 Seleucidarum
1871 3367 2047 3409 dicione

40 3439 42 3443 '
84 3436 251 3491 fuisset,
292 3449 347 3479 ex
376 3449 418 3479 n.
444 3441 537 3489 335,
562 3440 643 3478 426
660 3448 757 3491 sqq.
789 3439 967 3492 collegit
997 3440 1195 3481 Frankel.
1246 3440 1287 3480 Is
1318 3440 1456 3491 igitur
1494 3439 1676 3480 castello
1718 3451 1744 3480 a
1774 3450 1822 3480 se
1861 3440 2043 3501 condito

40 3523 45 3549 ι
85 3510 424 3563 appellationem
463 3522 487 3551 a
527 3510 678 3563 patrui
713 3512 897 3553 nomine
938 3512 1186 3554 derivatam
1232 3512 1465 3565 imposuit.
1524 3511 1621 3560 Quo
1663 3511 1830 3553 factum
1873 3514 1954 3567 est,
1995 3515 2048 3554 ut

40 3587 43 3601 ¹
84 3591 237 3634 regum
259 3583 635 3636 Pergamenorum
667 3584 810 3625 aetate
831 3585 1119 3627 Philetaeriae
1151 3584 1390 3626 delubrum
1422 3585 1620 3626 exstaret
1648 3584 1860 3626 Eumenis
1894 3581 2046 3641 (Εὐμέ-

83 3653 204 3706 νειον)
235 3654 495 3696 conditoriS.
547 3653 607 3695 Cf.
631 3666 671 3696 n.
695 3657 790 3709 336,
814 3658 851 3697 3.
998 3661 1021 3699 5
1065 3657 1125 3698 Cf.
1157 3657 1305 3710 Steph.
1330 3657 1434 3710 Byz.
1466 3650 1696 3698 Ἀττάλεια·
1728 3653 1851 3703 πόλις
1871 3653 2043 3710 Λυδίας,

169 3736 510 3782 Dittenberger,
537 3737 693 3773 Orientis
717 3737 775 3773 Gr.
797 3738 902 3774 inser.
938 3741 966 3774 L
1648 3745 1699 3784 28
