<?xml version="1.0" encoding="UTF-8"?>
<!DOCTYPE html PUBLIC "-//W3C//DTD XHTML 1.0 Transitional//EN"
    "http://www.w3.org/TR/xhtml1/DTD/xhtml1-transitional.dtd">
<html xmlns="http://www.w3.org/1999/xhtml" xml:lang="en" lang="en">
 <head>
  <title>
</title>
<meta http-equiv="Content-Type" content="text/html;charset=utf-8" />
  <meta name='ocr-system' content='tesseract 3.04.00' />
  <meta name='ocr-capabilities' content='ocr_page ocr_carea ocr_par ocr_line ocrx_word'/>
</head>
<body>
  <div class='ocr_page' id='page_1' title='image "./orientisgraeciin01dittuoft_0187.png"; bbox 0 0 2314 3970; ppageno 0'>
   <div class='ocr_carea' id='block_1_1' title="bbox 54 219 2025 276">
    <p class='ocr_par' dir='ltr' id='par_1_1' title="bbox 54 219 2025 276">
     <span class='ocr_line' id='line_1_1' title="bbox 54 219 2025 276; baseline -0.003 -11"><span class='ocrx_word' id='word_1_1' title='bbox 54 223 122 276; x_wconf 87' lang='grc'>98]</span> <span class='ocrx_word' id='word_1_2' title='bbox 450 221 732 263; x_wconf 84' lang='lat' dir='ltr'><strong>Ptolemaeus</strong></span> <span class='ocrx_word' id='word_1_3' title='bbox 754 219 791 260; x_wconf 91' lang='lat' dir='ltr'>V</span> <span class='ocrx_word' id='word_1_4' title='bbox 823 219 1076 273; x_wconf 77' lang='lat' dir='ltr'><strong>Epiphanes</strong></span> <span class='ocrx_word' id='word_1_5' title='bbox 1107 219 1343 272; x_wconf 70' lang='lat'>(205—484</span> <span class='ocrx_word' id='word_1_6' title='bbox 1373 231 1409 261; x_wconf 93' lang='lat' dir='ltr'>a.</span> <span class='ocrx_word' id='word_1_7' title='bbox 1433 220 1534 261; x_wconf 85' lang='lat' dir='ltr'>Chr.</span> <span class='ocrx_word' id='word_1_8' title='bbox 1557 221 1626 272; x_wconf 92' lang='lat' dir='ltr'>n.).</span> <span class='ocrx_word' id='word_1_9' title='bbox 1925 222 2025 273; x_wconf 85' lang='lat'>173</span> 
     </span>
    </p>
   </div>
   <div class='ocr_carea' id='block_1_2' title="bbox 0 390 2035 2860">
    <p class='ocr_par' dir='ltr' id='par_1_2' title="bbox 0 390 2035 2860">
     <span class='ocr_line' id='line_1_2' title="bbox 54 390 2026 452; baseline -0.001 -14"><span class='ocrx_word' id='word_1_10' title='bbox 54 409 95 438; x_wconf 90' lang='lat' dir='ltr'>n.</span> <span class='ocrx_word' id='word_1_11' title='bbox 117 394 279 437; x_wconf 92' lang='lat' dir='ltr'>XXXII</span> <span class='ocrx_word' id='word_1_12' title='bbox 301 394 387 448; x_wconf 67' lang='lat' dir='ltr'>ab,</span> <span class='ocrx_word' id='word_1_13' title='bbox 411 398 434 435; x_wconf 89' lang='lat'>6</span> <span class='ocrx_word' id='word_1_14' title='bbox 474 392 519 441; x_wconf 88' lang='grc' dir='ltr'>ὃς</span> <span class='ocrx_word' id='word_1_15' title='bbox 548 396 742 436; x_wconf 72' lang='grc' dir='ltr'>κατοικεῖ</span> <span class='ocrx_word' id='word_1_16' title='bbox 781 391 824 435; x_wconf 85' lang='grc' dir='ltr'>ἐν</span> <span class='ocrx_word' id='word_1_17' title='bbox 854 390 1051 452; x_wconf 79' lang='grc' dir='ltr'>Περσέαι.</span> <span class='ocrx_word' id='word_1_18' title='bbox 1095 397 1232 435; x_wconf 74' lang='lat' dir='ltr'>v.⁴o:</span> <span class='ocrx_word' id='word_1_19' title='bbox 1270 399 1348 436; x_wconf 79' lang='grc' dir='ltr'>τῶι</span> <span class='ocrx_word' id='word_1_20' title='bbox 1386 391 1429 436; x_wconf 84' lang='grc' dir='ltr'>ἐν</span> <span class='ocrx_word' id='word_1_21' title='bbox 1459 390 1641 450; x_wconf 82' lang='grc' dir='ltr'>Περσέαι</span> <span class='ocrx_word' id='word_1_22' title='bbox 1678 391 1913 450; x_wconf 81' lang='grc' dir='ltr'>ἐπιστάτηι)</span> <span class='ocrx_word' id='word_1_23' title='bbox 1954 395 2026 436; x_wconf 84' lang='lat' dir='ltr'>vel</span> 
     </span>
     <span class='ocr_line' id='line_1_3' title="bbox 55 465 2023 524; baseline -0.001 -15"><span class='ocrx_word' id='word_1_24' title='bbox 55 465 249 524; x_wconf 87' lang='grc' dir='ltr'>Περσεῶν</span> <span class='ocrx_word' id='word_1_25' title='bbox 281 467 440 519; x_wconf 86' lang='lat' dir='ltr'>(Greek</span> <span class='ocrx_word' id='word_1_26' title='bbox 470 468 635 520; x_wconf 80' lang='lat' dir='ltr'>papyri</span> <span class='ocrx_word' id='word_1_27' title='bbox 665 468 711 508; x_wconf 89' lang='lat' dir='ltr'>in</span> <span class='ocrx_word' id='word_1_28' title='bbox 741 467 817 508; x_wconf 90' lang='lat' dir='ltr'>the</span> <span class='ocrx_word' id='word_1_29' title='bbox 846 467 1014 508; x_wconf 90' lang='lat' dir='ltr'>British</span> <span class='ocrx_word' id='word_1_30' title='bbox 1043 467 1250 508; x_wconf 90' lang='lat' dir='ltr'>Museum</span> <span class='ocrx_word' id='word_1_31' title='bbox 1271 467 1309 506; x_wconf 92' lang='lat'>11</span> <span class='ocrx_word' id='word_1_32' title='bbox 1340 478 1383 520; x_wconf 93' lang='lat' dir='ltr'>p.</span> <span class='ocrx_word' id='word_1_33' title='bbox 1405 469 1486 507; x_wconf 78' lang='lat'>227</span> <span class='ocrx_word' id='word_1_34' title='bbox 1520 478 1562 508; x_wconf 90' lang='lat' dir='ltr'>n.</span> <span class='ocrx_word' id='word_1_35' title='bbox 1585 466 1760 520; x_wconf 89' lang='lat' dir='ltr'>CCLIV,</span> <span class='ocrx_word' id='word_1_36' title='bbox 1783 467 1849 518; x_wconf 80' lang='lat'>74)</span> <span class='ocrx_word' id='word_1_37' title='bbox 1881 466 1937 508; x_wconf 91' lang='lat' dir='ltr'>ab</span> <span class='ocrx_word' id='word_1_38' title='bbox 1970 478 2023 507; x_wconf 91' lang='lat' dir='ltr'>eo</span> 
     </span>
     <span class='ocr_line' id='line_1_4' title="bbox 53 538 2027 592; baseline -0.001 -10"><span class='ocrx_word' id='word_1_39' title='bbox 53 540 266 582; x_wconf 90' lang='lat' dir='ltr'>arborum</span> <span class='ocrx_word' id='word_1_40' title='bbox 309 550 470 591; x_wconf 84' lang='lat' dir='ltr'>genere</span> <span class='ocrx_word' id='word_1_41' title='bbox 501 540 883 592; x_wconf 88' lang='lat' dir='ltr'>cognominatum.</span> <span class='ocrx_word' id='word_1_42' title='bbox 943 538 1054 580; x_wconf 88' lang='lat' dir='ltr'>Item</span> <span class='ocrx_word' id='word_1_43' title='bbox 1085 540 1130 580; x_wconf 91' lang='lat' dir='ltr'>in</span> <span class='ocrx_word' id='word_1_44' title='bbox 1160 540 1260 592; x_wconf 91' lang='lat' dir='ltr'>ipsa</span> <span class='ocrx_word' id='word_1_45' title='bbox 1295 538 1410 580; x_wconf 92' lang='lat' dir='ltr'>urbe</span> <span class='ocrx_word' id='word_1_46' title='bbox 1451 539 1639 582; x_wconf 75' lang='lat' dir='ltr'>Arsinoe</span> <span class='ocrx_word' id='word_1_47' title='bbox 1679 539 1754 580; x_wconf 89' lang='lat' dir='ltr'>via</span> <span class='ocrx_word' id='word_1_48' title='bbox 1790 541 1886 580; x_wconf 86' lang='lat' dir='ltr'>erat</span> <span class='ocrx_word' id='word_1_49' title='bbox 1924 539 2027 580; x_wconf 91' lang='lat' dir='ltr'>inde</span> 
     </span>
     <span class='ocr_line' id='line_1_5' title="bbox 53 607 2026 667; baseline -0.002 -13"><span class='ocrx_word' id='word_1_50' title='bbox 53 612 285 666; x_wconf 86' lang='lat' dir='ltr'>appellata.</span> <span class='ocrx_word' id='word_1_51' title='bbox 347 611 408 652; x_wconf 83' lang='lat' dir='ltr'>Cf.</span> <span class='ocrx_word' id='word_1_52' title='bbox 438 611 551 652; x_wconf 90' lang='lat' dir='ltr'>Berl.</span> <span class='ocrx_word' id='word_1_53' title='bbox 584 623 648 664; x_wconf 88' lang='lat' dir='ltr'>gr.</span> <span class='ocrx_word' id='word_1_54' title='bbox 681 611 780 652; x_wconf 90' lang='lat' dir='ltr'>Urk.</span> <span class='ocrx_word' id='word_1_55' title='bbox 802 612 840 651; x_wconf 94' lang='lat' dir='ltr'>II</span> <span class='ocrx_word' id='word_1_56' title='bbox 871 623 914 665; x_wconf 89' lang='lat' dir='ltr'>p.</span> <span class='ocrx_word' id='word_1_57' title='bbox 937 614 990 652; x_wconf 82' lang='lat'>29</span> <span class='ocrx_word' id='word_1_58' title='bbox 1022 623 1064 652; x_wconf 91' lang='lat' dir='ltr'>n.</span> <span class='ocrx_word' id='word_1_59' title='bbox 1088 614 1187 665; x_wconf 82' lang='grc'><strong>369,</strong></span> <span class='ocrx_word' id='word_1_60' title='bbox 1210 615 1231 651; x_wconf 79' lang='lat'>4</span> <span class='ocrx_word' id='word_1_61' title='bbox 1264 609 1347 653; x_wconf 85' lang='grc' dir='ltr'>ἀπὸ</span> <span class='ocrx_word' id='word_1_62' title='bbox 1378 609 1601 667; x_wconf 82' lang='grc' dir='ltr'>ἀμφόὸο(υ)</span> <span class='ocrx_word' id='word_1_63' title='bbox 1633 607 1832 667; x_wconf 77' lang='grc' dir='ltr'>Περσὲας.</span> <span class='ocrx_word' id='word_1_64' title='bbox 1883 610 2026 659; x_wconf 87' lang='lat' dir='ltr'>Quae-</span> 
     </span>
     <span class='ocr_line' id='line_1_6' title="bbox 53 683 2027 737; baseline -0.001 -10"><span class='ocrx_word' id='word_1_65' title='bbox 53 696 156 727; x_wconf 89' lang='lat' dir='ltr'>nam</span> <span class='ocrx_word' id='word_1_66' title='bbox 185 684 324 726; x_wconf 90' lang='lat' dir='ltr'>arbor</span> <span class='ocrx_word' id='word_1_67' title='bbox 354 685 426 737; x_wconf 90' lang='lat' dir='ltr'>sit,</span> <span class='ocrx_word' id='word_1_68' title='bbox 463 685 539 725; x_wconf 85' lang='lat' dir='ltr'>vix</span> <span class='ocrx_word' id='word_1_69' title='bbox 569 695 652 737; x_wconf 91' lang='lat' dir='ltr'>pro</span> <span class='ocrx_word' id='word_1_70' title='bbox 684 686 808 726; x_wconf 87' lang='lat' dir='ltr'>certo</span> <span class='ocrx_word' id='word_1_71' title='bbox 845 684 1131 737; x_wconf 89' lang='lat' dir='ltr'>pronuntiari</span> <span class='ocrx_word' id='word_1_72' title='bbox 1168 683 1292 736; x_wconf 88' lang='lat' dir='ltr'>licet;</span> <span class='ocrx_word' id='word_1_73' title='bbox 1333 683 1380 724; x_wconf 92' lang='lat' dir='ltr'>id</span> <span class='ocrx_word' id='word_1_74' title='bbox 1420 694 1526 725; x_wconf 91' lang='lat' dir='ltr'>sane</span> <span class='ocrx_word' id='word_1_75' title='bbox 1566 685 1871 726; x_wconf 90' lang='lat' dir='ltr'>certissimum</span> <span class='ocrx_word' id='word_1_76' title='bbox 1903 687 1972 726; x_wconf 87' lang='lat' dir='ltr'>est</span> <span class='ocrx_word' id='word_1_77' title='bbox 2002 697 2027 725; x_wconf 92' lang='lat' dir='ltr'>a</span> 
     </span>
     <span class='ocr_line' id='line_1_7' title="bbox 51 753 2029 812; baseline -0.001 -13"><span class='ocrx_word' id='word_1_78' title='bbox 51 755 171 800; x_wconf 83' lang='lat' dir='ltr'>malo</span> <span class='ocrx_word' id='word_1_79' title='bbox 201 753 379 812; x_wconf 80' lang='lat' dir='ltr'>persico</span> <span class='ocrx_word' id='word_1_80' title='bbox 417 756 563 809; x_wconf 87' lang='lat' dir='ltr'>probe</span> <span class='ocrx_word' id='word_1_81' title='bbox 601 756 963 809; x_wconf 82' lang='lat' dir='ltr'>distinguendam</span> <span class='ocrx_word' id='word_1_82' title='bbox 1001 766 1114 810; x_wconf 90' lang='lat' dir='ltr'>esse,</span> <span class='ocrx_word' id='word_1_83' title='bbox 1152 756 1354 808; x_wconf 84' lang='lat' dir='ltr'>itemque</span> <span class='ocrx_word' id='word_1_84' title='bbox 1391 768 1418 797; x_wconf 92' lang='lat' dir='ltr'>a</span> <span class='ocrx_word' id='word_1_85' title='bbox 1446 757 1709 799; x_wconf 91' lang='lat' dir='ltr'>Dioscoride</span> <span class='ocrx_word' id='word_1_86' title='bbox 1738 757 1797 798; x_wconf 94' lang='lat' dir='ltr'>IV</span> <span class='ocrx_word' id='word_1_87' title='bbox 1819 759 1871 798; x_wconf 72' lang='grc'>74</span> <span class='ocrx_word' id='word_1_88' title='bbox 1913 757 2029 798; x_wconf 88' lang='lat' dir='ltr'>hanc</span> 
     </span>
     <span class='ocr_line' id='line_1_8' title="bbox 53 827 2029 884; baseline -0.001 -12"><span class='ocrx_word' id='word_1_89' title='bbox 53 829 261 872; x_wconf 80' lang='lat' dir='ltr'>arborem</span> <span class='ocrx_word' id='word_1_90' title='bbox 292 840 398 870; x_wconf 91' lang='lat' dir='ltr'>cum</span> <span class='ocrx_word' id='word_1_91' title='bbox 418 828 559 870; x_wconf 88' lang='lat' dir='ltr'>herba</span> <span class='ocrx_word' id='word_1_92' title='bbox 580 841 696 882; x_wconf 91' lang='lat' dir='ltr'>quae</span> <span class='ocrx_word' id='word_1_93' title='bbox 726 827 894 884; x_wconf 77' lang='grc' dir='ltr'>πέρσων</span> <span class='ocrx_word' id='word_1_94' title='bbox 915 828 1167 869; x_wconf 88' lang='lat' dir='ltr'>vocabatur</span> <span class='ocrx_word' id='word_1_95' title='bbox 1188 827 1402 869; x_wconf 82' lang='lat' dir='ltr'>confundi</span> <span class='ocrx_word' id='word_1_96' title='bbox 1423 828 1648 882; x_wconf 86' lang='lat' dir='ltr'>(Sprengel</span> <span class='ocrx_word' id='word_1_97' title='bbox 1669 841 1739 883; x_wconf 90' lang='lat' dir='ltr'>ap.</span> <span class='ocrx_word' id='word_1_98' title='bbox 1762 829 2029 870; x_wconf 91' lang='lat' dir='ltr'>Gutschmid</span> 
     </span>
     <span class='ocr_line' id='line_1_9' title="bbox 51 899 2029 955; baseline 0 -12"><span class='ocrx_word' id='word_1_99' title='bbox 51 902 78 943; x_wconf 90' lang='lat' dir='ltr'>l.</span> <span class='ocrx_word' id='word_1_100' title='bbox 99 901 155 954; x_wconf 93' lang='lat' dir='ltr'>l.).</span> <span class='ocrx_word' id='word_1_101' title='bbox 207 901 254 944; x_wconf 92' lang='lat' dir='ltr'>G.</span> <span class='ocrx_word' id='word_1_102' title='bbox 276 900 608 943; x_wconf 85' lang='lat' dir='ltr'>Schweinfurth</span> <span class='ocrx_word' id='word_1_103' title='bbox 638 901 706 953; x_wconf 86' lang='lat' dir='ltr'>(cf.</span> <span class='ocrx_word' id='word_1_104' title='bbox 737 912 854 954; x_wconf 90' lang='lat' dir='ltr'>quae</span> <span class='ocrx_word' id='word_1_105' title='bbox 884 900 1014 942; x_wconf 86' lang='lat' dir='ltr'>affert</span> <span class='ocrx_word' id='word_1_106' title='bbox 1041 899 1275 951; x_wconf 91' lang='lat' dir='ltr'>Nerutsos)</span> <span class='ocrx_word' id='word_1_107' title='bbox 1307 911 1407 942; x_wconf 92' lang='lat' dir='ltr'>eam</span> <span class='ocrx_word' id='word_1_108' title='bbox 1439 902 1624 953; x_wconf 84' lang='lat' dir='ltr'>agnovit</span> <span class='ocrx_word' id='word_1_109' title='bbox 1654 901 1880 955; x_wconf 85' lang='lat' dir='ltr'>arborem,</span> <span class='ocrx_word' id='word_1_110' title='bbox 1912 913 2029 955; x_wconf 91' lang='lat' dir='ltr'>quae</span> 
     </span>
     <span class='ocr_line' id='line_1_10' title="bbox 52 971 2029 1028; baseline -0.002 -10"><span class='ocrx_word' id='word_1_111' title='bbox 52 971 304 1028; x_wconf 71' lang='lat' dir='ltr'>mv&#39;musops</span> <span class='ocrx_word' id='word_1_112' title='bbox 352 975 543 1015; x_wconf 86' lang='lat' dir='ltr'>vocatur</span> <span class='ocrx_word' id='word_1_113' title='bbox 594 986 619 1015; x_wconf 92' lang='lat' dir='ltr'>a</span> <span class='ocrx_word' id='word_1_114' title='bbox 668 974 905 1016; x_wconf 86' lang='lat' dir='ltr'>botaniciS.</span> <span class='ocrx_word' id='word_1_115' title='bbox 971 973 1087 1015; x_wconf 90' lang='lat' dir='ltr'>Nam</span> <span class='ocrx_word' id='word_1_116' title='bbox 1137 972 1261 1026; x_wconf 91' lang='lat' dir='ltr'>quod</span> <span class='ocrx_word' id='word_1_117' title='bbox 1309 973 1355 1013; x_wconf 95' lang='lat' dir='ltr'>in</span> <span class='ocrx_word' id='word_1_118' title='bbox 1399 972 1640 1026; x_wconf 81' lang='lat' dir='ltr'>Aethiopia</span> <span class='ocrx_word' id='word_1_119' title='bbox 1689 974 1934 1028; x_wconf 88' lang='lat' dir='ltr'>abundare,</span> <span class='ocrx_word' id='word_1_120' title='bbox 1983 975 2029 1015; x_wconf 93' lang='lat' dir='ltr'>in</span> 
     </span>
     <span class='ocr_line' id='line_1_11' title="bbox 51 1044 2029 1100; baseline 0 -12"><span class='ocrx_word' id='word_1_121' title='bbox 51 1046 256 1100; x_wconf 82' lang='lat' dir='ltr'>Aegypto</span> <span class='ocrx_word' id='word_1_122' title='bbox 293 1057 404 1087; x_wconf 88' lang='lat' dir='ltr'>vero</span> <span class='ocrx_word' id='word_1_123' title='bbox 440 1047 583 1099; x_wconf 88' lang='lat' dir='ltr'>magis</span> <span class='ocrx_word' id='word_1_124' title='bbox 621 1047 855 1099; x_wconf 81' lang='lat' dir='ltr'>magisque</span> <span class='ocrx_word' id='word_1_125' title='bbox 896 1055 1126 1087; x_wconf 88' lang='lat' dir='ltr'>rarescere</span> <span class='ocrx_word' id='word_1_126' title='bbox 1165 1044 1365 1086; x_wconf 89' lang='lat' dir='ltr'>indicant</span> <span class='ocrx_word' id='word_1_127' title='bbox 1395 1046 1568 1098; x_wconf 89' lang='lat' dir='ltr'>antiqui</span> <span class='ocrx_word' id='word_1_128' title='bbox 1599 1046 1845 1099; x_wconf 84' lang='lat' dir='ltr'>scriptores</span> <span class='ocrx_word' id='word_1_129' title='bbox 1876 1049 1921 1087; x_wconf 90' lang='lat' dir='ltr'>et</span> <span class='ocrx_word' id='word_1_130' title='bbox 1951 1058 2029 1100; x_wconf 90' lang='lat' dir='ltr'>pa-</span> 
     </span>
     <span class='ocr_line' id='line_1_12' title="bbox 52 1116 2029 1174; baseline -0.001 -14"><span class='ocrx_word' id='word_1_131' title='bbox 52 1119 168 1174; x_wconf 85' lang='lat' dir='ltr'>pyri,</span> <span class='ocrx_word' id='word_1_132' title='bbox 206 1117 251 1159; x_wconf 89' lang='lat' dir='ltr'>id</span> <span class='ocrx_word' id='word_1_133' title='bbox 289 1117 487 1171; x_wconf 88' lang='lat' dir='ltr'>perbene</span> <span class='ocrx_word' id='word_1_134' title='bbox 524 1118 736 1160; x_wconf 87' lang='lat' dir='ltr'>convenit</span> <span class='ocrx_word' id='word_1_135' title='bbox 765 1129 871 1159; x_wconf 92' lang='lat' dir='ltr'>cum</span> <span class='ocrx_word' id='word_1_136' title='bbox 906 1128 959 1159; x_wconf 94' lang='lat' dir='ltr'>eo</span> <span class='ocrx_word' id='word_1_137' title='bbox 997 1116 1121 1170; x_wconf 90' lang='lat' dir='ltr'>quod</span> <span class='ocrx_word' id='word_1_138' title='bbox 1157 1116 1292 1157; x_wconf 92' lang='lat' dir='ltr'>hodie</span> <span class='ocrx_word' id='word_1_139' title='bbox 1323 1117 1508 1158; x_wconf 91' lang='lat' dir='ltr'>omnino</span> <span class='ocrx_word' id='word_1_140' title='bbox 1548 1117 1667 1158; x_wconf 90' lang='lat' dir='ltr'>intra</span> <span class='ocrx_word' id='word_1_141' title='bbox 1696 1117 1889 1171; x_wconf 81' lang='lat' dir='ltr'>Aegypti</span> <span class='ocrx_word' id='word_1_142' title='bbox 1918 1117 2029 1159; x_wconf 91' lang='lat' dir='ltr'>fines</span> 
     </span>
     <span class='ocr_line' id='line_1_13' title="bbox 52 1189 2031 1244; baseline -0.001 -12"><span class='ocrx_word' id='word_1_143' title='bbox 52 1203 140 1233; x_wconf 91' lang='lat' dir='ltr'>non</span> <span class='ocrx_word' id='word_1_144' title='bbox 170 1191 260 1232; x_wconf 91' lang='lat' dir='ltr'>iam</span> <span class='ocrx_word' id='word_1_145' title='bbox 291 1192 451 1244; x_wconf 88' lang='lat' dir='ltr'>exstat,</span> <span class='ocrx_word' id='word_1_146' title='bbox 495 1202 601 1232; x_wconf 92' lang='lat' dir='ltr'>cum</span> <span class='ocrx_word' id='word_1_147' title='bbox 636 1191 683 1231; x_wconf 93' lang='lat' dir='ltr'>in</span> <span class='ocrx_word' id='word_1_148' title='bbox 712 1190 861 1232; x_wconf 94' lang='lat' dir='ltr'>Nubia</span> <span class='ocrx_word' id='word_1_149' title='bbox 899 1190 1055 1243; x_wconf 91' lang='lat' dir='ltr'>eisque</span> <span class='ocrx_word' id='word_1_150' title='bbox 1084 1189 1258 1231; x_wconf 87' lang='lat' dir='ltr'>Africae</span> <span class='ocrx_word' id='word_1_151' title='bbox 1299 1189 1473 1230; x_wconf 90' lang='lat' dir='ltr'>mediae</span> <span class='ocrx_word' id='word_1_152' title='bbox 1510 1189 1770 1242; x_wconf 88' lang='lat' dir='ltr'>regionibus</span> <span class='ocrx_word' id='word_1_153' title='bbox 1812 1190 2031 1231; x_wconf 91' lang='lat' dir='ltr'>latissime</span> 
     </span>
     <span class='ocr_line' id='line_1_14' title="bbox 51 1258 2028 1316; baseline -0.001 -11"><span class='ocrx_word' id='word_1_154' title='bbox 51 1262 322 1316; x_wconf 91' lang='lat' dir='ltr'>patentibus,</span> <span class='ocrx_word' id='word_1_155' title='bbox 363 1274 477 1316; x_wconf 90' lang='lat' dir='ltr'>quas</span> <span class='ocrx_word' id='word_1_156' title='bbox 508 1263 690 1305; x_wconf 91' lang='lat' dir='ltr'>nomine</span> <span class='ocrx_word' id='word_1_157' title='bbox 722 1258 884 1304; x_wconf 66' lang='lat' dir='ltr'>Sudfm</span> <span class='ocrx_word' id='word_1_158' title='bbox 914 1261 1299 1315; x_wconf 88' lang='lat' dir='ltr'>comprehendere</span> <span class='ocrx_word' id='word_1_159' title='bbox 1329 1261 1543 1315; x_wconf 90' lang='lat' dir='ltr'>solemus,</span> <span class='ocrx_word' id='word_1_160' title='bbox 1579 1262 1720 1303; x_wconf 88' lang='lat' dir='ltr'>silvae</span> <span class='ocrx_word' id='word_1_161' title='bbox 1750 1261 2028 1304; x_wconf 90' lang='lat' dir='ltr'>uberrimam</span> 
     </span>
     <span class='ocr_line' id='line_1_15' title="bbox 52 1334 2029 1389; baseline -0.001 -12"><span class='ocrx_word' id='word_1_162' title='bbox 52 1336 148 1377; x_wconf 89' lang='lat' dir='ltr'>eius</span> <span class='ocrx_word' id='word_1_163' title='bbox 177 1336 356 1389; x_wconf 90' lang='lat' dir='ltr'>copiam</span> <span class='ocrx_word' id='word_1_164' title='bbox 386 1335 594 1377; x_wconf 91' lang='lat' dir='ltr'>habeant.</span> <span class='ocrx_word' id='word_1_165' title='bbox 654 1336 858 1388; x_wconf 88' lang='lat' dir='ltr'>Itemque</span> <span class='ocrx_word' id='word_1_166' title='bbox 889 1334 1066 1387; x_wconf 87' lang='lat' dir='ltr'>egregia</span> <span class='ocrx_word' id='word_1_167' title='bbox 1102 1334 1240 1376; x_wconf 89' lang='lat' dir='ltr'>bacae</span> <span class='ocrx_word' id='word_1_168' title='bbox 1273 1334 1463 1376; x_wconf 90' lang='lat' dir='ltr'>dulcedo</span> <span class='ocrx_word' id='word_1_169' title='bbox 1502 1334 1634 1388; x_wconf 90' lang='lat' dir='ltr'>plane</span> <span class='ocrx_word' id='word_1_170' title='bbox 1673 1335 1884 1376; x_wconf 85' lang='lat' dir='ltr'>convenit</span> <span class='ocrx_word' id='word_1_171' title='bbox 1924 1346 2029 1376; x_wconf 93' lang='lat' dir='ltr'>cum</span> 
     </span>
     <span class='ocr_line' id='line_1_16' title="bbox 54 1405 2032 1462; baseline -0.001 -13"><span class='ocrx_word' id='word_1_172' title='bbox 54 1408 346 1462; x_wconf 90' lang='lat' dir='ltr'>antiquorum</span> <span class='ocrx_word' id='word_1_173' title='bbox 383 1408 668 1449; x_wconf 83' lang='lat' dir='ltr'>testimoniis.</span> <span class='ocrx_word' id='word_1_174' title='bbox 730 1406 853 1456; x_wconf 89' lang='lat' dir='ltr'>Quae</span> <span class='ocrx_word' id='word_1_175' title='bbox 883 1417 992 1448; x_wconf 91' lang='lat' dir='ltr'>vero</span> <span class='ocrx_word' id='word_1_176' title='bbox 1025 1406 1080 1448; x_wconf 94' lang='lat' dir='ltr'>de</span> <span class='ocrx_word' id='word_1_177' title='bbox 1118 1406 1411 1448; x_wconf 89' lang='lat' dir='ltr'>similitudine</span> <span class='ocrx_word' id='word_1_178' title='bbox 1448 1405 1623 1448; x_wconf 86' lang='lat' dir='ltr'>fructus</span> <span class='ocrx_word' id='word_1_179' title='bbox 1663 1417 1770 1448; x_wconf 92' lang='lat' dir='ltr'>cum</span> <span class='ocrx_word' id='word_1_180' title='bbox 1808 1407 1945 1449; x_wconf 91' lang='lat' dir='ltr'>corde</span> <span class='ocrx_word' id='word_1_181' title='bbox 1987 1409 2032 1448; x_wconf 86' lang='lat' dir='ltr'>et</span> 
     </span>
     <span class='ocr_line' id='line_1_17' title="bbox 52 1479 2030 1533; baseline -0.001 -12"><span class='ocrx_word' id='word_1_182' title='bbox 52 1479 144 1522; x_wconf 81' lang='lat' dir='ltr'>folii</span> <span class='ocrx_word' id='word_1_183' title='bbox 164 1491 270 1521; x_wconf 92' lang='lat' dir='ltr'>cum</span> <span class='ocrx_word' id='word_1_184' title='bbox 290 1480 442 1533; x_wconf 89' lang='lat' dir='ltr'>lingua</span> <span class='ocrx_word' id='word_1_185' title='bbox 463 1479 690 1522; x_wconf 81' lang='lat' dir='ltr'>fabulatur</span> <span class='ocrx_word' id='word_1_186' title='bbox 705 1479 987 1533; x_wconf 86' lang='lat' dir='ltr'>Plutarchus,</span> <span class='ocrx_word' id='word_1_187' title='bbox 1010 1490 1086 1520; x_wconf 91' lang='lat' dir='ltr'>eas</span> <span class='ocrx_word' id='word_1_188' title='bbox 1109 1479 1397 1520; x_wconf 90' lang='lat' dir='ltr'>sacerdotum</span> <span class='ocrx_word' id='word_1_189' title='bbox 1419 1490 1561 1532; x_wconf 87' lang='lat' dir='ltr'>nugas</span> <span class='ocrx_word' id='word_1_190' title='bbox 1581 1490 1682 1520; x_wconf 90' lang='lat' dir='ltr'>esse</span> <span class='ocrx_word' id='word_1_191' title='bbox 1702 1480 1792 1521; x_wconf 89' lang='lat' dir='ltr'>iam</span> <span class='ocrx_word' id='word_1_192' title='bbox 1814 1480 2030 1533; x_wconf 91' lang='lat' dir='ltr'>Sprenge-</span> 
     </span>
     <span class='ocr_line' id='line_1_18' title="bbox 51 1549 2031 1610; baseline -0.001 -16"><span class='ocrx_word' id='word_1_193' title='bbox 51 1552 137 1594; x_wconf 90' lang='lat' dir='ltr'>lius</span> <span class='ocrx_word' id='word_1_194' title='bbox 158 1553 280 1594; x_wconf 88' lang='lat' dir='ltr'>haud</span> <span class='ocrx_word' id='word_1_195' title='bbox 299 1553 527 1594; x_wconf 92' lang='lat' dir='ltr'>immerito</span> <span class='ocrx_word' id='word_1_196' title='bbox 548 1553 872 1606; x_wconf 88' lang='lat' dir='ltr'>pronuntiavit.</span> <span class='ocrx_word' id='word_1_197' title='bbox 1013 1554 1034 1592; x_wconf 77' lang='lat'><strong>4</strong></span> <span class='ocrx_word' id='word_1_198' title='bbox 1074 1549 1344 1609; x_wconf 77' lang='grc' dir='ltr'>κωμηγέτας,</span> <span class='ocrx_word' id='word_1_199' title='bbox 1374 1553 1402 1592; x_wconf 91' lang='lat' dir='ltr'>i.</span> <span class='ocrx_word' id='word_1_200' title='bbox 1426 1563 1463 1593; x_wconf 92' lang='lat' dir='ltr'>e.</span> <span class='ocrx_word' id='word_1_201' title='bbox 1484 1552 1758 1610; x_wconf 75' lang='grc' dir='ltr'>κωμάρχους,</span> <span class='ocrx_word' id='word_1_202' title='bbox 1789 1553 2031 1605; x_wconf 89' lang='lat' dir='ltr'>magistros</span> 
     </span>
     <span class='ocr_line' id='line_1_19' title="bbox 51 1624 2030 1679; baseline 0 -13"><span class='ocrx_word' id='word_1_203' title='bbox 51 1636 286 1679; x_wconf 87' lang='lat' dir='ltr'>pagorum,</span> <span class='ocrx_word' id='word_1_204' title='bbox 306 1626 630 1679; x_wconf 88' lang='lat' dir='ltr'>interpretatur</span> <span class='ocrx_word' id='word_1_205' title='bbox 649 1624 884 1667; x_wconf 90' lang='lat' dir='ltr'>Nerutsos.</span> <span class='ocrx_word' id='word_1_206' title='bbox 925 1624 982 1666; x_wconf 92' lang='lat' dir='ltr'>At</span> <span class='ocrx_word' id='word_1_207' title='bbox 1002 1635 1108 1665; x_wconf 92' lang='lat' dir='ltr'>cum</span> <span class='ocrx_word' id='word_1_208' title='bbox 1129 1625 1339 1666; x_wconf 89' lang='lat' dir='ltr'>thiasitae</span> <span class='ocrx_word' id='word_1_209' title='bbox 1360 1626 1780 1666; x_wconf 89' lang='lat' dir='ltr'>commemorentur</span> <span class='ocrx_word' id='word_1_210' title='bbox 1799 1627 2030 1678; x_wconf 90' lang='lat' dir='ltr'>postremo</span> 
     </span>
     <span class='ocr_line' id='line_1_20' title="bbox 51 1697 2031 1751; baseline 0 -13"><span class='ocrx_word' id='word_1_211' title='bbox 51 1697 165 1751; x_wconf 92' lang='lat' dir='ltr'>loco,</span> <span class='ocrx_word' id='word_1_212' title='bbox 197 1709 302 1739; x_wconf 91' lang='lat' dir='ltr'>eum</span> <span class='ocrx_word' id='word_1_213' title='bbox 332 1698 411 1751; x_wconf 92' lang='lat' dir='ltr'>qui</span> <span class='ocrx_word' id='word_1_214' title='bbox 442 1699 618 1751; x_wconf 91' lang='lat' dir='ltr'>primus</span> <span class='ocrx_word' id='word_1_215' title='bbox 639 1699 913 1750; x_wconf 90' lang='lat' dir='ltr'>recensetur,</span> <span class='ocrx_word' id='word_1_216' title='bbox 944 1699 989 1738; x_wconf 90' lang='lat' dir='ltr'>et</span> <span class='ocrx_word' id='word_1_217' title='bbox 1018 1707 1137 1738; x_wconf 92' lang='lat' dir='ltr'>unus</span> <span class='ocrx_word' id='word_1_218' title='bbox 1167 1697 1352 1750; x_wconf 89' lang='lat' dir='ltr'>quidem</span> <span class='ocrx_word' id='word_1_219' title='bbox 1380 1698 1564 1738; x_wconf 91' lang='lat' dir='ltr'>omnino</span> <span class='ocrx_word' id='word_1_220' title='bbox 1595 1698 1877 1751; x_wconf 89' lang='lat' dir='ltr'>nominatim,</span> <span class='ocrx_word' id='word_1_221' title='bbox 1908 1698 2031 1750; x_wconf 91' lang='lat' dir='ltr'>prin-</span> 
     </span>
     <span class='ocr_line' id='line_1_21' title="bbox 0 1767 2032 1830; baseline 0 -19"><span class='ocrx_word' id='word_1_222' title='bbox 0 1790 1 1795; x_wconf 65' lang='lat'><em>=</em></span> <span class='ocrx_word' id='word_1_223' title='bbox 53 1770 201 1824; x_wconf 90' lang='lat' dir='ltr'>cipem</span> <span class='ocrx_word' id='word_1_224' title='bbox 231 1771 366 1812; x_wconf 89' lang='lat' dir='ltr'>thiasi</span> <span class='ocrx_word' id='word_1_225' title='bbox 397 1767 720 1830; x_wconf 83' lang='grc' dir='ltr'>(ἀρχιθιασίτην)</span> <span class='ocrx_word' id='word_1_226' title='bbox 751 1780 851 1811; x_wconf 91' lang='lat' dir='ltr'>esse</span> <span class='ocrx_word' id='word_1_227' title='bbox 881 1769 1080 1811; x_wconf 84' lang='lat' dir='ltr'>maxime</span> <span class='ocrx_word' id='word_1_228' title='bbox 1099 1768 1335 1822; x_wconf 91' lang='lat' dir='ltr'>probabile</span> <span class='ocrx_word' id='word_1_229' title='bbox 1366 1772 1448 1811; x_wconf 92' lang='lat' dir='ltr'>est.</span> <span class='ocrx_word' id='word_1_230' title='bbox 1499 1771 1620 1811; x_wconf 82' lang='lat' dir='ltr'>Inter</span> <span class='ocrx_word' id='word_1_231' title='bbox 1639 1781 1777 1823; x_wconf 90' lang='lat' dir='ltr'>quem</span> <span class='ocrx_word' id='word_1_232' title='bbox 1810 1772 1854 1811; x_wconf 92' lang='lat' dir='ltr'>et</span> <span class='ocrx_word' id='word_1_233' title='bbox 1883 1771 2032 1811; x_wconf 88' lang='lat' dir='ltr'>socios</span> 
     </span>
     <span class='ocr_line' id='line_1_22' title="bbox 51 1842 2032 1896; baseline -0.001 -13"><span class='ocrx_word' id='word_1_234' title='bbox 51 1842 277 1896; x_wconf 86' lang='lat' dir='ltr'>interponi</span> <span class='ocrx_word' id='word_1_235' title='bbox 321 1842 636 1895; x_wconf 86' lang='lat' dir='ltr'>magistratum</span> <span class='ocrx_word' id='word_1_236' title='bbox 677 1843 779 1896; x_wconf 87' lang='lat' dir='ltr'>pagi</span> <span class='ocrx_word' id='word_1_237' title='bbox 817 1854 907 1884; x_wconf 91' lang='lat' dir='ltr'>non</span> <span class='ocrx_word' id='word_1_238' title='bbox 943 1843 1095 1883; x_wconf 91' lang='lat' dir='ltr'>minus</span> <span class='ocrx_word' id='word_1_239' title='bbox 1130 1842 1299 1883; x_wconf 90' lang='lat' dir='ltr'>mirum</span> <span class='ocrx_word' id='word_1_240' title='bbox 1331 1844 1412 1895; x_wconf 89' lang='lat' dir='ltr'>est,</span> <span class='ocrx_word' id='word_1_241' title='bbox 1459 1853 1597 1895; x_wconf 91' lang='lat' dir='ltr'>quam</span> <span class='ocrx_word' id='word_1_242' title='bbox 1639 1843 1883 1895; x_wconf 87' lang='lat' dir='ltr'>magistros</span> <span class='ocrx_word' id='word_1_243' title='bbox 1928 1843 2032 1896; x_wconf 91' lang='lat' dir='ltr'>pagi</span> 
     </span>
     <span class='ocr_line' id='line_1_23' title="bbox 52 1914 2034 1969; baseline -0.001 -13"><span class='ocrx_word' id='word_1_244' title='bbox 52 1915 240 1956; x_wconf 87' lang='lat' dir='ltr'>articulo</span> <span class='ocrx_word' id='word_1_245' title='bbox 267 1914 432 1969; x_wconf 84' lang='lat' dir='ltr'>addito,</span> <span class='ocrx_word' id='word_1_246' title='bbox 464 1926 611 1968; x_wconf 91' lang='lat' dir='ltr'>neque</span> <span class='ocrx_word' id='word_1_247' title='bbox 641 1915 902 1956; x_wconf 89' lang='lat' dir='ltr'>nominibus</span> <span class='ocrx_word' id='word_1_248' title='bbox 933 1915 1131 1968; x_wconf 91' lang='lat' dir='ltr'>propriis</span> <span class='ocrx_word' id='word_1_249' title='bbox 1162 1925 1311 1967; x_wconf 91' lang='lat' dir='ltr'>neque</span> <span class='ocrx_word' id='word_1_250' title='bbox 1342 1914 1433 1955; x_wconf 91' lang='lat' dir='ltr'>ulla</span> <span class='ocrx_word' id='word_1_251' title='bbox 1464 1915 1743 1956; x_wconf 88' lang='lat' dir='ltr'>accuratiore</span> <span class='ocrx_word' id='word_1_252' title='bbox 1775 1914 2034 1957; x_wconf 89' lang='lat' dir='ltr'>definitione</span> 
     </span>
     <span class='ocr_line' id='line_1_24' title="bbox 0 1979 2034 2043; baseline 0 -14"><span class='ocrx_word' id='word_1_253' title='bbox 0 1979 7 2040; x_wconf 46' lang='lat' dir='ltr'>f,</span> <span class='ocrx_word' id='word_1_254' title='bbox 52 1986 306 2041; x_wconf 86' lang='lat' dir='ltr'>subiuncta,</span> <span class='ocrx_word' id='word_1_255' title='bbox 337 1988 699 2029; x_wconf 90' lang='lat' dir='ltr'>commemorari.</span> <span class='ocrx_word' id='word_1_256' title='bbox 753 1986 899 2035; x_wconf 87' lang='lat' dir='ltr'>Quare</span> <span class='ocrx_word' id='word_1_257' title='bbox 920 1988 1151 2040; x_wconf 92' lang='lat' dir='ltr'>praestare</span> <span class='ocrx_word' id='word_1_258' title='bbox 1171 1987 1283 2027; x_wconf 92' lang='lat' dir='ltr'>mihi</span> <span class='ocrx_word' id='word_1_259' title='bbox 1304 1987 1486 2028; x_wconf 83' lang='lat' dir='ltr'>videtur</span> <span class='ocrx_word' id='word_1_260' title='bbox 1508 1998 1668 2029; x_wconf 90' lang='lat' dir='ltr'>vocem</span> <span class='ocrx_word' id='word_1_261' title='bbox 1697 1999 1723 2029; x_wconf 95' lang='lat' dir='ltr'>a</span> <span class='ocrx_word' id='word_1_262' title='bbox 1752 1992 1912 2043; x_wconf 74' lang='grc' dir='ltr'>κῶμος,</span> <span class='ocrx_word' id='word_1_263' title='bbox 1944 1999 2034 2029; x_wconf 91' lang='lat' dir='ltr'>non</span> 
     </span>
     <span class='ocr_line' id='line_1_25' title="bbox 4 2050 2032 2130; baseline -0 -28"><span class='ocrx_word' id='word_1_264' title='bbox 4 2050 9 2130; x_wconf 52' lang='grc' dir='ltr'><strong>ζ</strong></span> <span class='ocrx_word' id='word_1_265' title='bbox 54 2071 80 2102; x_wconf 93' lang='lat' dir='ltr'>a</span> <span class='ocrx_word' id='word_1_266' title='bbox 106 2059 248 2117; x_wconf 75' lang='grc' dir='ltr'><strong>κώμη,</strong></span> <span class='ocrx_word' id='word_1_267' title='bbox 280 2059 486 2102; x_wconf 86' lang='lat' dir='ltr'>derivare</span> <span class='ocrx_word' id='word_1_268' title='bbox 515 2062 561 2101; x_wconf 93' lang='lat' dir='ltr'>et</span> <span class='ocrx_word' id='word_1_269' title='bbox 590 2060 823 2102; x_wconf 90' lang='lat' dir='ltr'>adiutores</span> <span class='ocrx_word' id='word_1_270' title='bbox 855 2060 1203 2113; x_wconf 90' lang='lat' dir='ltr'>archithiasitae,</span> <span class='ocrx_word' id='word_1_271' title='bbox 1235 2061 1315 2113; x_wconf 92' lang='lat' dir='ltr'>qui</span> <span class='ocrx_word' id='word_1_272' title='bbox 1345 2071 1561 2114; x_wconf 88' lang='lat' dir='ltr'>pompam</span> <span class='ocrx_word' id='word_1_273' title='bbox 1583 2061 1781 2114; x_wconf 90' lang='lat' dir='ltr'>aliquam</span> <span class='ocrx_word' id='word_1_274' title='bbox 1814 2061 2032 2102; x_wconf 84' lang='lat' dir='ltr'>similem-</span> 
     </span>
     <span class='ocr_line' id='line_1_26' title="bbox 8 2133 2033 2197; baseline 0 -24"><span class='ocrx_word' id='word_1_275' title='bbox 8 2142 11 2197; x_wconf 39' lang='grc' dir='ltr'>ι,</span> <span class='ocrx_word' id='word_1_276' title='bbox 53 2143 141 2185; x_wconf 89' lang='lat' dir='ltr'>que</span> <span class='ocrx_word' id='word_1_277' title='bbox 170 2133 491 2175; x_wconf 90' lang='lat' dir='ltr'>caerimoniam</span> <span class='ocrx_word' id='word_1_278' title='bbox 522 2133 743 2174; x_wconf 86' lang='lat' dir='ltr'>adornent</span> <span class='ocrx_word' id='word_1_279' title='bbox 770 2133 1042 2185; x_wconf 86' lang='lat' dir='ltr'>intellegere.</span> <span class='ocrx_word' id='word_1_280' title='bbox 1103 2133 1232 2174; x_wconf 87' lang='lat' dir='ltr'>Certe</span> <span class='ocrx_word' id='word_1_281' title='bbox 1269 2144 1416 2186; x_wconf 89' lang='lat' dir='ltr'>neque</span> <span class='ocrx_word' id='word_1_282' title='bbox 1446 2134 1574 2174; x_wconf 88' lang='lat' dir='ltr'>vocis</span> <span class='ocrx_word' id='word_1_283' title='bbox 1613 2138 1762 2188; x_wconf 71' lang='grc' dir='ltr'>κῶμος</span> <span class='ocrx_word' id='word_1_284' title='bbox 1794 2134 1878 2187; x_wconf 85' lang='lat' dir='ltr'>vis,</span> <span class='ocrx_word' id='word_1_285' title='bbox 1917 2145 2033 2186; x_wconf 89' lang='lat' dir='ltr'>quae</span> 
     </span>
     <span class='ocr_line' id='line_1_27' title="bbox 8 2204 2033 2260; baseline 0 -13"><span class='ocrx_word' id='word_1_286' title='bbox 8 2210 14 2259; x_wconf 57' lang='grc' dir='ltr'><strong><em>φ</em></strong></span> <span class='ocrx_word' id='word_1_287' title='bbox 55 2205 163 2247; x_wconf 83' lang='lat' dir='ltr'>satis</span> <span class='ocrx_word' id='word_1_288' title='bbox 191 2204 279 2246; x_wconf 88' lang='lat' dir='ltr'>late</span> <span class='ocrx_word' id='word_1_289' title='bbox 316 2207 454 2260; x_wconf 91' lang='lat' dir='ltr'>patet,</span> <span class='ocrx_word' id='word_1_290' title='bbox 493 2205 600 2247; x_wconf 92' lang='lat' dir='ltr'>huic</span> <span class='ocrx_word' id='word_1_291' title='bbox 638 2206 999 2259; x_wconf 89' lang='lat' dir='ltr'>interpretationi</span> <span class='ocrx_word' id='word_1_292' title='bbox 1037 2204 1202 2259; x_wconf 89' lang='lat' dir='ltr'>obstat,</span> <span class='ocrx_word' id='word_1_293' title='bbox 1241 2207 1287 2246; x_wconf 92' lang='lat' dir='ltr'>et</span> <span class='ocrx_word' id='word_1_294' title='bbox 1326 2205 1702 2247; x_wconf 89' lang='lat' dir='ltr'>commodissime</span> <span class='ocrx_word' id='word_1_295' title='bbox 1740 2206 1787 2246; x_wconf 94' lang='lat' dir='ltr'>hi</span> <span class='ocrx_word' id='word_1_296' title='bbox 1826 2207 2033 2248; x_wconf 91' lang='lat' dir='ltr'>homines</span> 
     </span>
     <span class='ocr_line' id='line_1_28' title="bbox 10 2263 2034 2350; baseline 0 -32"><span class='ocrx_word' id='word_1_297' title='bbox 10 2263 15 2350; x_wconf 46' lang='grc' dir='ltr'><strong>ι</strong></span> <span class='ocrx_word' id='word_1_298' title='bbox 55 2275 171 2319; x_wconf 87' lang='lat' dir='ltr'>inter</span> <span class='ocrx_word' id='word_1_299' title='bbox 199 2277 453 2331; x_wconf 90' lang='lat' dir='ltr'>principem</span> <span class='ocrx_word' id='word_1_300' title='bbox 482 2278 778 2331; x_wconf 90' lang='lat' dir='ltr'>reliquosque</span> <span class='ocrx_word' id='word_1_301' title='bbox 809 2277 986 2319; x_wconf 91' lang='lat' dir='ltr'>sodales</span> <span class='ocrx_word' id='word_1_302' title='bbox 1016 2278 1167 2319; x_wconf 92' lang='lat' dir='ltr'>locum</span> <span class='ocrx_word' id='word_1_303' title='bbox 1188 2277 1369 2319; x_wconf 89' lang='lat' dir='ltr'>habent.</span> <span class='ocrx_word' id='word_1_304' title='bbox 1420 2277 1482 2319; x_wconf 87' lang='lat' dir='ltr'>Cf.</span> <span class='ocrx_word' id='word_1_305' title='bbox 1513 2275 1589 2324; x_wconf 79' lang='grc' dir='ltr'>τὰς</span> <span class='ocrx_word' id='word_1_306' title='bbox 1617 2281 1704 2319; x_wconf 83' lang='grc' dir='ltr'>τῶν</span> <span class='ocrx_word' id='word_1_307' title='bbox 1735 2275 1892 2335; x_wconf 75' lang='grc' dir='ltr'>κυρίων</span> <span class='ocrx_word' id='word_1_308' title='bbox 1922 2275 2034 2320; x_wconf 78' lang='grc' dir='ltr'>θεῶν</span> 
     </span>
     <span class='ocr_line' id='line_1_29' title="bbox 55 2346 2034 2405; baseline 0 -13"><span class='ocrx_word' id='word_1_309' title='bbox 55 2346 275 2405; x_wconf 72' lang='grc' dir='ltr'>κωμασίας</span> <span class='ocrx_word' id='word_1_310' title='bbox 304 2361 346 2392; x_wconf 92' lang='lat' dir='ltr'>n.</span> <span class='ocrx_word' id='word_1_311' title='bbox 369 2351 466 2403; x_wconf 75' lang='grc'><strong>494,</strong></span> <span class='ocrx_word' id='word_1_312' title='bbox 489 2352 558 2392; x_wconf 81' lang='lat'>25.</span> <span class='ocrx_word' id='word_1_313' title='bbox 609 2349 815 2391; x_wconf 89' lang='lat' dir='ltr'>Clemens</span> <span class='ocrx_word' id='word_1_314' title='bbox 843 2350 908 2391; x_wconf 89' lang='lat' dir='ltr'>Al.</span> <span class='ocrx_word' id='word_1_315' title='bbox 931 2351 1094 2391; x_wconf 92' lang='lat' dir='ltr'>Strom.</span> <span class='ocrx_word' id='word_1_316' title='bbox 1115 2349 1168 2404; x_wconf 90' lang='lat' dir='ltr'>V,</span> <span class='ocrx_word' id='word_1_317' title='bbox 1192 2353 1230 2403; x_wconf 86' lang='grc'>7,</span> <span class='ocrx_word' id='word_1_318' title='bbox 1255 2352 1307 2391; x_wconf 75' lang='lat'>44</span> <span class='ocrx_word' id='word_1_319' title='bbox 1339 2361 1383 2403; x_wconf 90' lang='lat' dir='ltr'>p.</span> <span class='ocrx_word' id='word_1_320' title='bbox 1408 2353 1481 2390; x_wconf 77' lang='grc'>674</span> <span class='ocrx_word' id='word_1_321' title='bbox 1512 2350 1648 2392; x_wconf 87' lang='lat' dir='ltr'>Pott.:</span> <span class='ocrx_word' id='word_1_322' title='bbox 1681 2347 1725 2391; x_wconf 85' lang='grc' dir='ltr'>ἐν</span> <span class='ocrx_word' id='word_1_323' title='bbox 1754 2352 1848 2397; x_wconf 87' lang='grc' dir='ltr'>ταῖς</span> <span class='ocrx_word' id='word_1_324' title='bbox 1876 2348 2034 2392; x_wconf 81' lang='grc' dir='ltr'>καλου-</span> 
     </span>
     <span class='ocr_line' id='line_1_30' title="bbox 57 2416 2035 2479; baseline 0.001 -16"><span class='ocrx_word' id='word_1_325' title='bbox 57 2417 203 2476; x_wconf 80' lang='grc' dir='ltr'>μέναις</span> <span class='ocrx_word' id='word_1_326' title='bbox 231 2416 325 2478; x_wconf 80' lang='grc' dir='ltr'>παρ’</span> <span class='ocrx_word' id='word_1_327' title='bbox 349 2417 594 2479; x_wconf 78' lang='grc' dir='ltr'><strong>Αἰγυπτίοις</strong></span> <span class='ocrx_word' id='word_1_328' title='bbox 623 2420 873 2478; x_wconf 71' lang='grc' dir='ltr'>κωμασίαις.</span> <span class='ocrx_word' id='word_1_329' title='bbox 924 2422 1036 2463; x_wconf 92' lang='lat' dir='ltr'>Berl.</span> <span class='ocrx_word' id='word_1_330' title='bbox 1071 2433 1135 2475; x_wconf 91' lang='lat' dir='ltr'>gr.</span> <span class='ocrx_word' id='word_1_331' title='bbox 1156 2422 1258 2463; x_wconf 89' lang='lat' dir='ltr'>Urk.</span> <span class='ocrx_word' id='word_1_332' title='bbox 1281 2423 1299 2462; x_wconf 95' lang='lat' dir='ltr'>I</span> <span class='ocrx_word' id='word_1_333' title='bbox 1330 2434 1373 2475; x_wconf 89' lang='lat' dir='ltr'>p.</span> <span class='ocrx_word' id='word_1_334' title='bbox 1396 2425 1477 2463; x_wconf 75' lang='grc'>463</span> <span class='ocrx_word' id='word_1_335' title='bbox 1511 2433 1553 2463; x_wconf 90' lang='lat' dir='ltr'>n.</span> <span class='ocrx_word' id='word_1_336' title='bbox 1576 2424 1674 2476; x_wconf 70' lang='lat'>⁴49,</span> <span class='ocrx_word' id='word_1_337' title='bbox 1699 2425 1722 2463; x_wconf 91' lang='grc'><strong>8</strong></span> <span class='ocrx_word' id='word_1_338' title='bbox 1759 2425 1855 2470; x_wconf 87' lang='grc' dir='ltr'>ταῖς</span> <span class='ocrx_word' id='word_1_339' title='bbox 1885 2437 2035 2478; x_wconf 69' lang='grc' dir='ltr'>κωμα-</span> 
     </span>
     <span class='ocr_line' id='line_1_31' title="bbox 57 2489 2034 2550; baseline 0.001 -16"><span class='ocrx_word' id='word_1_340' title='bbox 57 2489 162 2540; x_wconf 77' lang='grc' dir='ltr'>σίαις</span> <span class='ocrx_word' id='word_1_341' title='bbox 188 2498 274 2536; x_wconf 78' lang='grc' dir='ltr'>τῶν</span> <span class='ocrx_word' id='word_1_342' title='bbox 303 2490 430 2536; x_wconf 77' lang='grc' dir='ltr'>θεῶν.</span> <span class='ocrx_word' id='word_1_343' title='bbox 479 2495 517 2534; x_wconf 95' lang='lat' dir='ltr'>II</span> <span class='ocrx_word' id='word_1_344' title='bbox 546 2505 591 2548; x_wconf 93' lang='lat' dir='ltr'>p.</span> <span class='ocrx_word' id='word_1_345' title='bbox 615 2497 689 2535; x_wconf 70' lang='grc'>444</span> <span class='ocrx_word' id='word_1_346' title='bbox 729 2506 771 2535; x_wconf 91' lang='lat' dir='ltr'>n.</span> <span class='ocrx_word' id='word_1_347' title='bbox 798 2496 892 2548; x_wconf 79' lang='grc'><strong>489,</strong></span> <span class='ocrx_word' id='word_1_348' title='bbox 915 2498 954 2535; x_wconf 80' lang='grc'>4;</span> <span class='ocrx_word' id='word_1_349' title='bbox 993 2507 1176 2541; x_wconf 84' lang='grc' dir='ltr'>--·ναις</span> <span class='ocrx_word' id='word_1_350' title='bbox 1204 2492 1443 2550; x_wconf 71' lang='grc' dir='ltr'>κωμασίαις</span> <span class='ocrx_word' id='word_1_351' title='bbox 1478 2494 1579 2547; x_wconf 82' lang='grc' dir='ltr'>τῶ[ν</span> <span class='ocrx_word' id='word_1_352' title='bbox 1609 2490 1781 2547; x_wconf 58' lang='grc' dir='ltr'>θεῶνῆ</span> <span class='ocrx_word' id='word_1_353' title='bbox 1835 2507 1878 2536; x_wconf 87' lang='lat' dir='ltr'>v.</span> <span class='ocrx_word' id='word_1_354' title='bbox 1904 2497 1926 2535; x_wconf 74' lang='grc'>4</span> <span class='ocrx_word' id='word_1_355' title='bbox 1958 2492 2034 2538; x_wconf 79' lang='grc' dir='ltr'>θυ-</span> 
     </span>
     <span class='ocr_line' id='line_1_32' title="bbox 58 2562 2034 2622; baseline 0.002 -17"><span class='ocrx_word' id='word_1_356' title='bbox 58 2569 158 2608; x_wconf 79' lang='grc' dir='ltr'>σιῶν</span> <span class='ocrx_word' id='word_1_357' title='bbox 187 2562 369 2622; x_wconf 73' lang='grc' dir='ltr'>ἑκάστης</span> <span class='ocrx_word' id='word_1_358' title='bbox 397 2563 658 2622; x_wconf 68' lang='grc' dir='ltr'>κω[μασίας].</span> <span class='ocrx_word' id='word_1_359' title='bbox 703 2579 745 2608; x_wconf 86' lang='lat' dir='ltr'>v.</span> <span class='ocrx_word' id='word_1_360' title='bbox 769 2570 793 2607; x_wconf 88' lang='grc'><strong>7</strong></span> <span class='ocrx_word' id='word_1_361' title='bbox 826 2563 1057 2622; x_wconf 77' lang='grc' dir='ltr'>[ἱ]ερεΰσ&lt;ε)ι</span> <span class='ocrx_word' id='word_1_362' title='bbox 1084 2563 1426 2622; x_wconf 76' lang='grc' dir='ltr'>κωμάζουσ(ε)[ι].</span> <span class='ocrx_word' id='word_1_363' title='bbox 1486 2567 1662 2619; x_wconf 85' lang='lat' dir='ltr'>Peyron</span> <span class='ocrx_word' id='word_1_364' title='bbox 1692 2568 1857 2620; x_wconf 84' lang='lat' dir='ltr'>papyri</span> <span class='ocrx_word' id='word_1_365' title='bbox 1887 2569 2034 2608; x_wconf 93' lang='lat' dir='ltr'>musei</span> 
     </span>
     <span class='ocr_line' id='line_1_33' title="bbox 57 2632 2035 2697; baseline 0.001 -18"><span class='ocrx_word' id='word_1_366' title='bbox 57 2635 344 2679; x_wconf 64' lang='lat' dir='ltr'>&#39;taurinensis</span> <span class='ocrx_word' id='word_1_367' title='bbox 382 2639 402 2678; x_wconf 94' lang='lat'>1</span> <span class='ocrx_word' id='word_1_368' title='bbox 437 2649 482 2691; x_wconf 89' lang='lat' dir='ltr'>p.</span> <span class='ocrx_word' id='word_1_369' title='bbox 507 2639 556 2678; x_wconf 71' lang='lat'>40</span> <span class='ocrx_word' id='word_1_370' title='bbox 597 2639 740 2692; x_wconf 87' lang='lat' dir='ltr'>n.18,</span> <span class='ocrx_word' id='word_1_371' title='bbox 772 2642 824 2680; x_wconf 72' lang='lat'>⁴9</span> <span class='ocrx_word' id='word_1_372' title='bbox 843 2650 940 2692; x_wconf 89' lang='lat' dir='ltr'>sqq.</span> <span class='ocrx_word' id='word_1_373' title='bbox 982 2637 1056 2680; x_wconf 71' lang='grc' dir='ltr'>καὶ</span> <span class='ocrx_word' id='word_1_374' title='bbox 1098 2636 1145 2681; x_wconf 80' lang='grc' dir='ltr'>ἐν</span> <span class='ocrx_word' id='word_1_375' title='bbox 1187 2642 1283 2686; x_wconf 85' lang='grc' dir='ltr'>ταῖς</span> <span class='ocrx_word' id='word_1_376' title='bbox 1325 2632 1413 2680; x_wconf 73' lang='grc' dir='ltr'>κατ’</span> <span class='ocrx_word' id='word_1_377' title='bbox 1449 2636 1639 2681; x_wconf 81' lang='grc' dir='ltr'>ἐνιαυτὸν</span> <span class='ocrx_word' id='word_1_378' title='bbox 1684 2637 1922 2697; x_wconf 77' lang='grc' dir='ltr'>γινομέναις</span> <span class='ocrx_word' id='word_1_379' title='bbox 1959 2642 2035 2682; x_wconf 84' lang='grc' dir='ltr'>τοῦ</span> 
     </span>
     <span class='ocr_line' id='line_1_34' title="bbox 58 2702 2033 2770; baseline 0 -16"><span class='ocrx_word' id='word_1_380' title='bbox 58 2702 279 2766; x_wconf 80' lang='grc' dir='ltr'>Ἄμμωνος</span> <span class='ocrx_word' id='word_1_381' title='bbox 323 2707 563 2766; x_wconf 83' lang='grc' dir='ltr'>διαβάσεσιν</span> <span class='ocrx_word' id='word_1_382' title='bbox 607 2708 669 2758; x_wconf 82' lang='grc' dir='ltr'>εἰς</span> <span class='ocrx_word' id='word_1_383' title='bbox 710 2709 766 2752; x_wconf 85' lang='grc' dir='ltr'>τὰ</span> <span class='ocrx_word' id='word_1_384' title='bbox 808 2707 1053 2767; x_wconf 84' lang='grc' dir='ltr'>Μεμνόνεια</span> <span class='ocrx_word' id='word_1_385' title='bbox 1095 2709 1356 2770; x_wconf 82' lang='grc' dir='ltr'>προάγοντας</span> <span class='ocrx_word' id='word_1_386' title='bbox 1399 2709 1475 2758; x_wconf 85' lang='grc' dir='ltr'>τὰς</span> <span class='ocrx_word' id='word_1_387' title='bbox 1523 2708 1757 2767; x_wconf 71' lang='grc' dir='ltr'>κωμασίας.</span> <span class='ocrx_word' id='word_1_388' title='bbox 1817 2713 2033 2754; x_wconf 90' lang='lat' dir='ltr'>Leemans</span> 
     </span>
     <span class='ocr_line' id='line_1_35' title="bbox 23 2781 2033 2860; baseline 0.002 -38"><span class='ocrx_word' id='word_1_389' title='bbox 23 2793 27 2860; x_wconf 78' lang='grc' dir='ltr'>ιΙ</span> <span class='ocrx_word' id='word_1_390' title='bbox 58 2783 219 2835; x_wconf 90' lang='lat' dir='ltr'>papyri</span> <span class='ocrx_word' id='word_1_391' title='bbox 238 2782 559 2835; x_wconf 87' lang='lat' dir='ltr'>Lugdunenses</span> <span class='ocrx_word' id='word_1_392' title='bbox 578 2782 598 2822; x_wconf 94' lang='grc' dir='ltr'>Ι</span> <span class='ocrx_word' id='word_1_393' title='bbox 617 2786 754 2836; x_wconf 73' lang='lat' dir='ltr'>p.442</span> <span class='ocrx_word' id='word_1_394' title='bbox 776 2794 880 2838; x_wconf 91' lang='lat' dir='ltr'>pap.</span> <span class='ocrx_word' id='word_1_395' title='bbox 897 2784 931 2825; x_wconf 89' lang='lat' dir='ltr'>T</span> <span class='ocrx_word' id='word_1_396' title='bbox 952 2783 1137 2838; x_wconf 74' lang='lat' dir='ltr'>col.4,9.</span> <span class='ocrx_word' id='word_1_397' title='bbox 1155 2787 1204 2824; x_wconf 75' lang='grc' dir='ltr'>4ο</span> <span class='ocrx_word' id='word_1_398' title='bbox 1236 2786 1314 2839; x_wconf 80' lang='grc' dir='ltr'>τῆς</span> <span class='ocrx_word' id='word_1_399' title='bbox 1344 2781 1595 2838; x_wconf 74' lang='grc' dir='ltr'>κ(ω)μασὶας</span> <span class='ocrx_word' id='word_1_400' title='bbox 1625 2787 1709 2824; x_wconf 82' lang='grc' dir='ltr'>τῶν</span> <span class='ocrx_word' id='word_1_401' title='bbox 1739 2783 2033 2841; x_wconf 85' lang='grc' dir='ltr'>παστοφόρων.</span> 
     </span>
    </p>
   </div>
   <div class='ocr_carea' id='block_1_3' title="bbox 0 2042 32 3218">
    <p class='ocr_par' dir='ltr' id='par_1_3' title="bbox 0 2042 32 3218">
     <span class='ocr_line' id='line_1_36' title="bbox 0 2042 32 2742; baseline 0 -454"><span class='ocrx_word' id='word_1_402' title='bbox 0 2042 32 2742; x_wconf 95' lang='lat' dir='ltr'>     </span> 
     </span>
     <span class='ocr_line' id='line_1_37' title="bbox 0 2742 30 3218; baseline 0 0"><span class='ocrx_word' id='word_1_403' title='bbox 0 2742 30 3218; x_wconf 95' lang='lat' dir='ltr'>   </span> 
     </span>
    </p>
   </div>
   <div class='ocr_carea' id='block_1_4' title="bbox 30 3012 2034 3602">
    <p class='ocr_par' dir='ltr' id='par_1_4' title="bbox 30 3012 2034 3602">
     <span class='ocr_line' id='line_1_38' title="bbox 30 3012 2034 3085; baseline 0 -19"><span class='ocrx_word' id='word_1_404' title='bbox 30 3020 33 3085; x_wconf 50' lang='grc' dir='ltr'>ζ</span> <span class='ocrx_word' id='word_1_405' title='bbox 83 3014 87 3019; x_wconf 76' lang='grc'>’</span> <span class='ocrx_word' id='word_1_406' title='bbox 165 3012 238 3067; x_wconf 83' lang='grc'>98</span> <span class='ocrx_word' id='word_1_407' title='bbox 288 3015 443 3066; x_wconf 90' lang='lat' dir='ltr'>Philis</span> <span class='ocrx_word' id='word_1_408' title='bbox 481 3017 532 3064; x_wconf 93' lang='lat' dir='ltr'>in</span> <span class='ocrx_word' id='word_1_409' title='bbox 568 3016 745 3083; x_wconf 86' lang='lat' dir='ltr'>insula,</span> <span class='ocrx_word' id='word_1_410' title='bbox 785 3018 837 3066; x_wconf 93' lang='lat' dir='ltr'>in</span> <span class='ocrx_word' id='word_1_411' title='bbox 872 3018 1042 3068; x_wconf 91' lang='lat' dir='ltr'>limine</span> <span class='ocrx_word' id='word_1_412' title='bbox 1068 3019 1330 3084; x_wconf 89' lang='lat' dir='ltr'>superiore</span> <span class='ocrx_word' id='word_1_413' title='bbox 1366 3022 1546 3084; x_wconf 85' lang='lat' dir='ltr'>portae</span> <span class='ocrx_word' id='word_1_414' title='bbox 1572 3018 1753 3083; x_wconf 88' lang='lat' dir='ltr'>sacelli,</span> <span class='ocrx_word' id='word_1_415' title='bbox 1794 3018 1931 3083; x_wconf 91' lang='lat' dir='ltr'>quod</span> <span class='ocrx_word' id='word_1_416' title='bbox 1958 3020 2034 3067; x_wconf 86' lang='lat' dir='ltr'>est</span> 
     </span>
     <span class='ocr_line' id='line_1_39' title="bbox 32 3098 2032 3171; baseline 0.002 -23"><span class='ocrx_word' id='word_1_417' title='bbox 32 3098 190 3150; x_wconf 61' lang='lat' dir='ltr'>linter</span> <span class='ocrx_word' id='word_1_418' title='bbox 223 3104 477 3168; x_wconf 87' lang='lat' dir='ltr'>propylon</span> <span class='ocrx_word' id='word_1_419' title='bbox 513 3103 688 3169; x_wconf 86' lang='lat' dir='ltr'>templi</span> <span class='ocrx_word' id='word_1_420' title='bbox 724 3103 867 3154; x_wconf 89' lang='lat' dir='ltr'>Isidis</span> <span class='ocrx_word' id='word_1_421' title='bbox 907 3107 957 3154; x_wconf 84' lang='lat' dir='ltr'>et</span> <span class='ocrx_word' id='word_1_422' title='bbox 993 3106 1246 3171; x_wconf 89' lang='lat' dir='ltr'>porticum</span> <span class='ocrx_word' id='word_1_423' title='bbox 1273 3104 1582 3154; x_wconf 87' lang='lat' dir='ltr'>orientalem.</span> <span class='ocrx_word' id='word_1_424' title='bbox 1649 3104 1771 3152; x_wconf 90' lang='lat' dir='ltr'>Edd.</span> <span class='ocrx_word' id='word_1_425' title='bbox 1812 3103 1919 3152; x_wconf 85' lang='lat' dir='ltr'>Salt</span> <span class='ocrx_word' id='word_1_426' title='bbox 1957 3102 2032 3151; x_wconf 91' lang='lat' dir='ltr'>On</span> 
     </span>
     <span class='ocr_line' id='line_1_40' title="bbox 34 3183 2033 3257; baseline 0.001 -22"><span class='ocrx_word' id='word_1_427' title='bbox 34 3183 147 3250; x_wconf 55' lang='lat' dir='ltr'>{the</span> <span class='ocrx_word' id='word_1_428' title='bbox 181 3187 336 3253; x_wconf 90' lang='lat' dir='ltr'>phon.</span> <span class='ocrx_word' id='word_1_429' title='bbox 378 3191 502 3254; x_wconf 85' lang='lat' dir='ltr'>syst.</span> <span class='ocrx_word' id='word_1_430' title='bbox 543 3189 603 3238; x_wconf 86' lang='lat' dir='ltr'>of</span> <span class='ocrx_word' id='word_1_431' title='bbox 640 3189 849 3255; x_wconf 88' lang='lat' dir='ltr'>hierogl.</span> <span class='ocrx_word' id='word_1_432' title='bbox 889 3207 938 3257; x_wconf 92' lang='lat' dir='ltr'>p.</span> <span class='ocrx_word' id='word_1_433' title='bbox 964 3192 1047 3240; x_wconf 82' lang='lat'>50.</span> <span class='ocrx_word' id='word_1_434' title='bbox 1080 3192 1161 3241; x_wconf 89' lang='grc'>68.</span> <span class='ocrx_word' id='word_1_435' title='bbox 1228 3191 1284 3241; x_wconf 82' lang='lat' dir='ltr'>G.</span> <span class='ocrx_word' id='word_1_436' title='bbox 1315 3190 1540 3255; x_wconf 83' lang='lat' dir='ltr'>Parthey</span> <span class='ocrx_word' id='word_1_437' title='bbox 1578 3191 1639 3239; x_wconf 91' lang='lat' dir='ltr'>de</span> <span class='ocrx_word' id='word_1_438' title='bbox 1676 3189 1832 3238; x_wconf 88' lang='lat' dir='ltr'>Philis</span> <span class='ocrx_word' id='word_1_439' title='bbox 1870 3189 2033 3238; x_wconf 86' lang='lat' dir='ltr'>insula</span> 
     </span>
     <span class='ocr_line' id='line_1_41' title="bbox 39 3272 2029 3342; baseline 0.002 -23"><span class='ocrx_word' id='word_1_440' title='bbox 39 3285 112 3337; x_wconf 88' lang='lat' dir='ltr'>.p.</span> <span class='ocrx_word' id='word_1_441' title='bbox 133 3272 215 3324; x_wconf 80' lang='lat'>25.</span> <span class='ocrx_word' id='word_1_442' title='bbox 279 3275 355 3324; x_wconf 87' lang='lat' dir='ltr'>Ex</span> <span class='ocrx_word' id='word_1_443' title='bbox 390 3275 690 3325; x_wconf 90' lang='lat' dir='ltr'>Wilkinsoni</span> <span class='ocrx_word' id='word_1_444' title='bbox 734 3277 1064 3327; x_wconf 86' lang='lat' dir='ltr'>delineatione</span> <span class='ocrx_word' id='word_1_445' title='bbox 1101 3279 1282 3342; x_wconf 87' lang='lat' dir='ltr'>Young</span> <span class='ocrx_word' id='word_1_446' title='bbox 1320 3276 1705 3342; x_wconf 85' lang='lat' dir='ltr'>Hieroglyphics</span> <span class='ocrx_word' id='word_1_447' title='bbox 1742 3276 1785 3323; x_wconf 95' lang='lat' dir='ltr'>II</span> <span class='ocrx_word' id='word_1_448' title='bbox 1829 3275 1931 3324; x_wconf 87' lang='lat' dir='ltr'>tab.</span> <span class='ocrx_word' id='word_1_449' title='bbox 1965 3276 2029 3324; x_wconf 84' lang='lat'>65</span> 
     </span>
     <span class='ocr_line' id='line_1_42' title="bbox 40 3348 2027 3427; baseline 0.002 -20"><span class='ocrx_word' id='word_1_450' title='bbox 40 3348 329 3427; x_wconf 48' lang='lat' dir='ltr'>,(&#39;Letronne</span> <span class='ocrx_word' id='word_1_451' title='bbox 371 3362 571 3411; x_wconf 88' lang='lat' dir='ltr'>Recueil</span> <span class='ocrx_word' id='word_1_452' title='bbox 617 3363 707 3412; x_wconf 89' lang='lat' dir='ltr'>des</span> <span class='ocrx_word' id='word_1_453' title='bbox 749 3363 900 3414; x_wconf 89' lang='lat' dir='ltr'>inscr.</span> <span class='ocrx_word' id='word_1_454' title='bbox 941 3364 1023 3414; x_wconf 88' lang='lat' dir='ltr'>Gr.</span> <span class='ocrx_word' id='word_1_455' title='bbox 1066 3368 1116 3413; x_wconf 92' lang='lat' dir='ltr'>et</span> <span class='ocrx_word' id='word_1_456' title='bbox 1160 3365 1266 3413; x_wconf 83' lang='lat' dir='ltr'>Lat.</span> <span class='ocrx_word' id='word_1_457' title='bbox 1311 3364 1373 3412; x_wconf 91' lang='lat' dir='ltr'>de</span> <span class='ocrx_word' id='word_1_458' title='bbox 1408 3359 1640 3427; x_wconf 79' lang='lat' dir='ltr'>PEgypte</span> <span class='ocrx_word' id='word_1_459' title='bbox 1677 3362 1697 3409; x_wconf 93' lang='lat' dir='ltr'>I</span> <span class='ocrx_word' id='word_1_460' title='bbox 1741 3377 1791 3426; x_wconf 90' lang='lat' dir='ltr'>p.</span> <span class='ocrx_word' id='word_1_461' title='bbox 1823 3360 1853 3409; x_wconf 84' lang='lat'><strong>7</strong></span> <span class='ocrx_word' id='word_1_462' title='bbox 1894 3376 1941 3411; x_wconf 92' lang='lat' dir='ltr'>n.</span> <span class='ocrx_word' id='word_1_463' title='bbox 1970 3363 2027 3411; x_wconf 95' lang='lat' dir='ltr'>II.</span> 
     </span>
     <span class='ocr_line' id='line_1_43' title="bbox 64 3441 2032 3513; baseline 0.002 -21"><span class='ocrx_word' id='word_1_464' title='bbox 64 3441 106 3493; x_wconf 87' lang='lat' dir='ltr'>J.</span> <span class='ocrx_word' id='word_1_465' title='bbox 131 3443 290 3495; x_wconf 87' lang='lat' dir='ltr'>Franz</span> <span class='ocrx_word' id='word_1_466' title='bbox 338 3446 389 3497; x_wconf 88' lang='lat' dir='ltr'>C.</span> <span class='ocrx_word' id='word_1_467' title='bbox 418 3448 454 3497; x_wconf 92' lang='grc' dir='ltr'>Ι.</span> <span class='ocrx_word' id='word_1_468' title='bbox 484 3448 540 3497; x_wconf 90' lang='lat' dir='ltr'>G.</span> <span class='ocrx_word' id='word_1_469' title='bbox 580 3449 733 3498; x_wconf 71' lang='lat'>4894.</span> <span class='ocrx_word' id='word_1_470' title='bbox 799 3451 860 3499; x_wconf 96' lang='grc' dir='ltr'>Μ.</span> <span class='ocrx_word' id='word_1_471' title='bbox 891 3452 943 3499; x_wconf 93' lang='lat' dir='ltr'>L.</span> <span class='ocrx_word' id='word_1_472' title='bbox 973 3451 1153 3500; x_wconf 85' lang='lat' dir='ltr'>Strack</span> <span class='ocrx_word' id='word_1_473' title='bbox 1196 3451 1285 3498; x_wconf 91' lang='lat' dir='ltr'>Die</span> <span class='ocrx_word' id='word_1_474' title='bbox 1323 3448 1565 3513; x_wconf 86' lang='lat' dir='ltr'>Dynastie</span> <span class='ocrx_word' id='word_1_475' title='bbox 1610 3448 1700 3496; x_wconf 93' lang='lat' dir='ltr'>der</span> <span class='ocrx_word' id='word_1_476' title='bbox 1746 3448 2032 3498; x_wconf 68' lang='lat' dir='ltr'>Ptolemaer</span> 
     </span>
     <span class='ocr_line' id='line_1_44' title="bbox 65 3529 1913 3602; baseline 0.002 -23"><span class='ocrx_word' id='word_1_477' title='bbox 65 3543 115 3594; x_wconf 91' lang='lat' dir='ltr'>p.</span> <span class='ocrx_word' id='word_1_478' title='bbox 141 3529 242 3582; x_wconf 76' lang='lat'>245</span> <span class='ocrx_word' id='word_1_479' title='bbox 280 3547 328 3582; x_wconf 92' lang='lat' dir='ltr'>n.</span> <span class='ocrx_word' id='word_1_480' title='bbox 352 3532 435 3583; x_wconf 87' lang='lat'>70.</span> <span class='ocrx_word' id='word_1_481' title='bbox 501 3533 589 3584; x_wconf 88' lang='lat' dir='ltr'>Ch.</span> <span class='ocrx_word' id='word_1_482' title='bbox 620 3534 796 3586; x_wconf 91' lang='lat' dir='ltr'>Michel</span> <span class='ocrx_word' id='word_1_483' title='bbox 833 3537 1035 3587; x_wconf 91' lang='lat' dir='ltr'>Recueil</span> <span class='ocrx_word' id='word_1_484' title='bbox 1072 3533 1271 3585; x_wconf 87' lang='lat' dir='ltr'>d’inscr.</span> <span class='ocrx_word' id='word_1_485' title='bbox 1315 3535 1397 3584; x_wconf 85' lang='lat' dir='ltr'>Gr.</span> <span class='ocrx_word' id='word_1_486' title='bbox 1438 3550 1487 3600; x_wconf 94' lang='lat' dir='ltr'>p.</span> <span class='ocrx_word' id='word_1_487' title='bbox 1519 3534 1619 3583; x_wconf 82' lang='lat'>859</span> <span class='ocrx_word' id='word_1_488' title='bbox 1660 3549 1708 3583; x_wconf 91' lang='lat' dir='ltr'>n.</span> <span class='ocrx_word' id='word_1_489' title='bbox 1741 3533 1913 3602; x_wconf 75' lang='lat'>⁴237).</span> 
     </span>
    </p>
   </div>
   <div class='ocr_carea' id='block_1_5' title="bbox 181 3682 1964 3748">
    <p class='ocr_par' dir='ltr' id='par_1_5' title="bbox 181 3682 1964 3748">
     <span class='ocr_line' id='line_1_45' title="bbox 181 3682 1964 3748; baseline 0.003 -19"><span class='ocrx_word' id='word_1_490' title='bbox 181 3682 381 3731; x_wconf 78' lang='lat' dir='ltr'>Litterae&#39;</span> <span class='ocrx_word' id='word_1_491' title='bbox 398 3691 602 3744; x_wconf 86' lang='lat' dir='ltr'>volgares</span> <span class='ocrx_word' id='word_1_492' title='bbox 635 3694 812 3744; x_wconf 85' lang='lat' dir='ltr'>praeter</span> <span class='ocrx_word' id='word_1_493' title='bbox 840 3695 938 3748; x_wconf 91' lang='grc' dir='ltr'>ΠΣ,</span> <span class='ocrx_word' id='word_1_494' title='bbox 969 3695 1007 3736; x_wconf 92' lang='lat' dir='ltr'>si</span> <span class='ocrx_word' id='word_1_495' title='bbox 1038 3693 1174 3735; x_wconf 92' lang='lat' dir='ltr'>modo</span> <span class='ocrx_word' id='word_1_496' title='bbox 1206 3692 1477 3745; x_wconf 87' lang='lat' dir='ltr'>apographis</span> <span class='ocrx_word' id='word_1_497' title='bbox 1509 3690 1617 3731; x_wconf 86' lang='lat' dir='ltr'>fides</span> <span class='ocrx_word' id='word_1_498' title='bbox 1648 3690 1852 3733; x_wconf 91' lang='lat' dir='ltr'>habenda</span> <span class='ocrx_word' id='word_1_499' title='bbox 1883 3695 1964 3734; x_wconf 89' lang='lat' dir='ltr'>est.</span> 
     </span>
    </p>
   </div>
   <div class='ocr_carea' id='block_1_6' title="bbox 41 3761 51 3970">
    <p class='ocr_par' dir='ltr' id='par_1_6' title="bbox 41 3761 51 3970">
     <span class='ocr_line' id='line_1_46' title="bbox 41 3761 51 3970; baseline 0 0"><span class='ocrx_word' id='word_1_500' title='bbox 41 3761 51 3970; x_wconf 60' lang='lat' dir='ltr'>l</span> 
     </span>
    </p>
   </div>
  </div>
 </body>
</html>
