2314 3970
864 198 1080 240 Addenda
1113 200 1160 239 et
1190 197 1475 251 Corrigenda.
2057 199 2161 249 649

175 378 220 417 Ρ.
245 379 297 417 66
331 387 372 416 n.
398 377 463 415 42.
525 373 851 426 Repetiverunt
881 373 927 413 R.
962 372 1135 425 Herzog
1173 372 1366 414 Koische
1398 373 1719 425 Forschungen
1749 371 1843 413 und
1873 372 2025 414 Funde
2055 386 2096 427 p.
2123 378 2161 417 4.

290 449 345 490 Μ.
368 448 412 488 L.
437 446 593 488 Strack
622 444 792 487 Archiv
823 444 896 486 fiir
927 445 1381 498 Papyrusforschung
1413 446 1449 485 11
1482 445 1620 498 (4903)
1653 457 1696 498 p.
1722 448 1802 486 539
1834 457 1876 486 n.
1901 449 1939 486 6.

174 521 220 562 P.
244 523 296 562 68
328 531 369 560 n.
394 521 462 560 44.
522 518 748 571 Repetivit
785 518 840 559 M.
871 517 914 558 L.
946 518 1102 559 Strack
1143 517 1310 559 Archiv
1351 517 1425 559 fiir
1455 517 1909 571 Papyrusforschung
1940 519 1979 558 II
2022 518 2160 570 (4903)

290 604 334 645 p.
359 595 439 633 538
474 603 514 632 n.
539 594 577 632 4.

173 666 217 706 P.
243 669 293 706 70
328 677 368 706 n.
394 667 460 706 46.
522 664 616 705 Hoc
653 663 708 704 de
746 663 879 714 titulo
922 674 1068 715 nuper
1106 663 1358 715 disputavit
1396 664 1439 703 P.
1467 663 1665 704 Wolters
1706 665 1818 705 Mus.
1859 664 1996 705 Rhen.
2029 663 2162 704 LVIII

289 749 331 790 p.
358 738 437 778 454
457 748 554 789 sqq.
587 738 631 777 et
660 736 1019 777 luculentissime
1051 734 1266 776 refutavit
1295 746 1471 776 errores
1494 736 1731 789 quosdam,
1764 747 1880 789 quos
1912 747 1994 789 ego
2028 737 2164 777 tacite

288 820 564 862 spreveram.
625 808 741 850 Nam
773 809 974 861 primum
1004 807 1205 860 quidem,
1247 809 1299 848 ut
1328 808 1402 848 ille
1434 809 1556 848 recte
1596 810 1785 862 monuit,
1828 810 2010 850 titulum
2045 809 2163 849 Hali-

286 882 487 922 carnassi
534 882 716 922 erutum
763 891 862 921 esse
909 879 1118 922 Newtoni
1166 880 1430 920 testimonio
1477 881 1609 933 plane
1648 882 1838 934 constat,
1887 883 1939 922 ut
1984 882 2163 922 mireris

286 955 480 995 Darestii
511 964 730 1006 errorem,
762 953 840 1005 qui
874 953 1083 993 Cnidium
1116 952 1237 1005 dicit,
1270 964 1296 993 a
1326 952 1687 1006 Wachsmuthio,
1721 955 1953 1007 Szantone,
1985 954 2160 994 Kleinio

287 1038 380 1067 non
417 1027 709 1079 perspectum
742 1026 786 1065 et
817 1025 1107 1066 emendatum
1140 1035 1250 1065 esse.
1313 1026 1457 1066 Immo
1491 1036 1595 1066 cum
1627 1026 1674 1066 hi
1716 1037 1872 1067 omnes
1904 1026 1959 1066 de
1991 1027 2163 1078 origine

287 1098 450 1151 lapidis
481 1098 608 1138 illum
641 1099 954 1150 sequerentur,
991 1097 1095 1138 inde
1127 1098 1213 1138 alia
1247 1098 1402 1150 opinio
1436 1098 1556 1139 haud
1590 1100 1740 1139 minus
1773 1110 1914 1151 prava
1945 1100 2048 1140 nata
2080 1101 2161 1140 est.

285 1169 460 1222 Nempe
493 1181 671 1210 memor
702 1170 790 1210 loci
824 1170 1010 1210 Pliniani
1042 1169 1091 1210 N.
1126 1170 1228 1209 hist.
1262 1169 1458 1222 XXXVI,
1494 1173 1561 1210 24;
1605 1167 1744 1212 voluit
1783 1183 1884 1212 eam
1926 1170 2162 1222 (Venerem

287 1242 535 1294 Praxitelis)
567 1255 597 1283 a
632 1238 814 1284 Gnidiis
838 1243 997 1296 postea
1026 1238 1228 1283 mercari
1255 1254 1333 1283 rex
1365 1238 1640 1292 Nicomedes,
1681 1244 1821 1284 totum
1851 1255 1928 1284 aes
1957 1241 2164 1285 alienum

286 1312 404 1368 quod
441 1316 538 1356 erat
574 1312 737 1369 imeri-s
778 1312 977 1357 civitatis
1018 1311 1346 1356 dissoluturum
1384 1327 1431 1356 se
1464 1312 1737 1368 promitteris
1760 1347 1768 1356 .
1791 1313 1952 1358 omnia
1985 1313 2166 1370 perpeti

285 1385 500 1440 maluere,
538 1399 619 1429 nec
649 1384 892 1440 immerito,
933 1385 1010 1428 illo
1041 1384 1167 1428 eriim
1204 1384 1336 1442 siyno
1364 1384 1614 1429 Praxiteles
1655 1385 1912 1430 nobilitavit
1949 1385 2160 1439 Gnidum,

285 1459 409 1500 Klein
436 1459 557 1512 apud
579 1460 849 1500 Szantonem
870 1460 1052 1500 Wiener
1074 1460 1260 1500 Studien
1282 1459 1380 1500 VIII
1412 1471 1454 1512 p.
1481 1463 1546 1500 44.
1599 1460 1842 1501 Praxiteles
1865 1472 1907 1513 p.
1928 1463 2009 1502 285
2042 1462 2164 1501 hunc

284 1543 468 1584 quoque
489 1532 673 1573 titulum
697 1531 752 1572 de
775 1532 936 1573 statuis
959 1533 1147 1585 propter
1168 1533 1368 1585 inopiam
1391 1533 1551 1573 aerarii
1575 1533 1862 1574 venumdatis
1885 1534 1963 1574 aut
1984 1534 2163 1586 pignori

287 1604 510 1657 oppositis
547 1605 704 1645 testari
745 1605 1035 1647 existimavit.
1099 1604 1183 1645 Sed
1226 1607 1346 1645 recte
1377 1605 1648 1646 Woltersius
1689 1606 1753 1657 (ut
1783 1616 1868 1646 nos
1901 1607 1991 1646 not.
2016 1607 2053 1657 9)
2087 1617 2162 1646 ne-

285 1677 416 1729 gavit,
455 1677 571 1717 hanc
601 1687 700 1718 esse
730 1688 869 1729 posse
900 1677 992 1718 vim
1027 1676 1279 1718 verborum
1318 1675 1416 1723 τοὺς
1450 1674 1732 1723 ὑπο-τεθέντας
1765 1675 1844 1723 εἰς
1874 1676 1950 1724 τὰς
1983 1676 2160 1724 εἰκόνας.

286 1750 431 1790 Immo
473 1749 529 1790 de
568 1749 790 1791 reditibus
831 1749 934 1802 dici,
974 1751 1052 1802 qui
1094 1750 1379 1802 oppignerati
1417 1752 1566 1791 essent
1607 1761 1690 1803 pro
1738 1762 1899 1791 eorum
1939 1750 2161 1804 mercede,

285 1822 364 1874 qui
395 1823 569 1863 statuas
601 1822 900 1863 conficiendas
934 1821 1244 1863 redemissent.

169 1895 214 1936 P.
240 1897 292 1935 82
325 1906 365 1935 n.
390 1898 456 1935 53.
518 1895 743 1947 Repetivit
774 1896 827 1936 M.
851 1896 895 1936 L.
919 1896 1076 1936 Strack
1107 1894 1275 1936 Archiv
1299 1895 1370 1936 fiir
1393 1896 1751 1948 Papyruskunde
1774 1897 1809 1936 II
1839 1897 1977 1948 (4903)
2012 1908 2054 1949 p.
2080 1899 2159 1937 559

284 1978 325 2007 n.
353 1969 418 2019 42,
451 1967 530 2019 qui
561 1967 808 2019 prudenter
841 1967 1119 2020 observavit,
1152 1979 1242 2020 quo
1270 1968 1423 2020 plures
1447 1967 1639 2009 diversis
1661 1968 1857 2021 Aegypti
1889 1969 2002 2009 locis
2035 1980 2163 2009 erue-

35 1934 41 1965 4

284 2039 442 2079 rentur
472 2038 591 2079 tituli
615 2038 842 2080 dioecetas
866 2042 1294 2093 commemorantes,
1327 2051 1380 2081 eo
1413 2039 1774 2092 probabiliorem
1806 2040 1903 2081 fieri
1924 2041 2165 2081 Wilckenii

283 2111 558 2164 opinionem,
592 2122 679 2152 non
712 2122 892 2152 summo
919 2111 1056 2152 modo
1080 2113 1228 2153 omnis
1251 2112 1315 2153 rei
1338 2113 1628 2164 pecuniariae
1651 2113 1893 2166 praefecto,
1925 2113 2005 2154 sed
2027 2114 2164 2154 etiam

282 2183 574 2224 inferioribus
605 2184 890 2236 singularum
922 2185 1159 2236 regionum
1192 2185 1535 2237 magistratibus
1567 2185 1656 2226 hoc
1689 2197 1854 2227 nomen
1886 2185 2037 2226 fuisse.

168 2255 211 2296 P.
237 2258 288 2296 94
321 2267 364 2296 n.
388 2259 440 2296 56
475 2257 565 2297 not.
591 2260 628 2296 8.
653 2260 691 2297 9.
754 2256 874 2304 Quas
899 2257 972 2298 hic
1004 2257 1201 2298 indicavi
1228 2256 1515 2298 difficultates
1547 2259 1839 2310 gravissimas
1872 2259 1918 2298 in
1940 2258 2163 2299 fastorum

281 2327 614 2380 Aegyptiorum
647 2330 691 2369 et
711 2329 1106 2370 Macedonicorum
1139 2330 1434 2382 responsione
1467 2331 1590 2383 sitas,
1623 2342 1701 2371 eae
1732 2342 1821 2372 non
1843 2331 2164 2384 expediuntur,

285 2400 363 2441 sed
406 2400 444 2440 si
482 2400 578 2441 fieri
619 2402 770 2453 potest
808 2402 943 2442 etiam
987 2404 1211 2454 augentur
1253 2403 1440 2455 papyris
1479 2403 1525 2443 in
1564 2403 1666 2444 vico
1707 2400 2164 2446 Mediawt-eoi-Nahas

283 2473 480 2524 regionis
501 2469 708 2527 Faijffism,
741 2473 822 2514 ubi
850 2474 1083 2526 quondam
1106 2473 1190 2515 fuit
1211 2475 1429 2527 Magdola,
1458 2476 1665 2528 repertis,
1697 2486 1813 2528 quos
1848 2475 2020 2528 publici
2050 2476 2163 2517 iuris

283 2543 486 2586 fecerunt
508 2545 551 2586 P.
566 2545 760 2597 Jouguet
781 2548 826 2586 et
849 2546 895 2586 G.
915 2546 1132 2587 Lesebure
1154 2547 1264 2587 Bull.
1289 2547 1344 2588 de
1366 2559 1480 2588 corr.
1505 2547 1612 2588 Hell.
1635 2548 1778 2588 XXVI
1802 2551 1910 2588 4902
1934 2559 1977 2601 p.
1992 2552 2043 2589 95
2064 2559 2161 2601 sqq.

285 2616 407 2665 Q‘uos
438 2618 561 2658 tertii
593 2629 629 2659 a.
661 2618 764 2659 Chr.
793 2630 835 2659 n.
869 2619 1038 2659 saeculi
1068 2630 1167 2660 esse
1199 2619 1453 2673 scripturae
1492 2631 1633 2672 genus
1673 2620 1818 2674 docet,
1859 2622 2050 2674 propter
2086 2633 2162 2662 an-

282 2700 447 2730 norum
479 2691 606 2743 regni
636 2702 856 2732 numeros
889 2702 998 2733 vero
1020 2703 1110 2734 non
1142 2694 1336 2745 possunt
1367 2693 1453 2733 nisi
1485 2695 1563 2733 aut
1599 2692 1655 2734 ad
1687 2692 1966 2745 Philadelphi
1998 2695 2076 2734 aut
2107 2694 2163 2735 ad

283 2762 531 2815 Euergetae
561 2774 750 2815 regnum
781 2763 952 2817 referri,
993 2763 1073 2805 sed
1104 2765 1194 2805 hoc
1225 2764 1408 2817 quidem
1442 2765 1590 2806 multo
1624 2765 1907 2817 probabilius
1938 2776 2038 2806 esse
2069 2765 2162 2806 edi-

283 2836 407 2876 tores
439 2834 719 2887 collegerunt
749 2847 804 2876 ex
836 2837 1098 2889 Pythangeli
1132 2837 1327 2878 militum
1361 2837 1490 2878 ducis
1523 2838 1751 2878 mentione
1792 2848 1909 2889 quae
1940 2838 2010 2878 est
2040 2848 2083 2890 p.
2108 2841 2160 2878 99

284 2918 326 2948 n.
350 2907 381 2959 I,
408 2910 444 2948 4.
504 2906 619 2949 Nam
651 2908 787 2950 huius
819 2909 1017 2950 hominis
1049 2909 1257 2951 militiam
1295 2909 1482 2962 quidem
1514 2909 1616 2950 inde
1649 2921 1675 2950 a
1705 2909 1982 2963 Philadelphi
2013 2921 2162 2962 usque

284 2979 341 3020 ad
372 2978 673 3032 Philopatoris
705 2992 895 3033 regnum
928 2982 1214 3035 pertinuisse,
1255 2981 1335 3023 sed
1366 2982 1489 3034 quod
1521 2983 1567 3022 in
1599 2993 1776 3035 papyro
1810 2993 1900 3023 una
1933 2993 2036 3023 cum
2068 2982 2159 3023 filio

285 3051 503 3092 exercitui
553 3063 765 3104 praeesse
813 3053 990 3094 dicatur
1029 3050 1311 3107 (Πτολεμαῖος
1357 3049 1585 3107 Μακεδών,
1632 3059 1716 3095 τῶν
1763 3050 2042 3110 Πυθαγγέλου
2089 3054 2161 3096 καὶ

283 3119 553 3178 Πτολεμαίου
591 3127 666 3165 τοῦ
705 3124 800 3167 υἱοῦ
832 3123 990 3178 αὐ[τοῦ]
1033 3123 1296 3183 ἐπιλοίρχης),
1335 3125 1599 3167 incredibile
1641 3136 1741 3167 esse
1782 3127 1872 3167 iam
1911 3137 1993 3179 per
2033 3127 2162 3168 initia

282 3197 408 3248 regni
440 3197 718 3250 Philadelphi
749 3199 833 3240 hos
855 3209 1059 3252 papyros
1083 3199 1367 3251 conscriptos
1390 3209 1490 3239 esse
1522 3198 1598 3250 (De
1621 3199 1898 3252 Pythangelo
1923 3198 1975 3239 cf.
1999 3199 2159 3240 Strabo

279 3267 394 3321 XVI,
421 3269 456 3321 4,
481 3271 547 3310 44.
573 3272 624 3310 45
658 3281 699 3322 p.
723 3273 819 3311 773.
845 3273 920 3311 774
958 3272 1003 3312 et
1035 3271 1297 3324 complures
1329 3282 1614 3324 papyrorum
1636 3271 1693 3312 Fl.
1718 3271 1853 3312 Petrii
1885 3271 2011 3313 locos
2043 3283 2160 3324 quos

284 3340 533 3381 attulerunt
562 3341 758 3394 Jouguet
797 3344 842 3384 et
874 3343 1090 3384 Lefebure
1122 3355 1163 3383 n.
1190 3347 1268 3384 400
1304 3345 1394 3384 not.
1428 3343 1480 3395 2).
1544 3345 1637 3384 Iam
1676 3345 1721 3383 in
1752 3355 1911 3385 eorum
1953 3355 2158 3396 numero,

284 3412 322 3452 si
353 3422 434 3452 eos
457 3413 680 3467 omiseris,
713 3415 791 3467 qui
824 3415 912 3456 diei
935 3415 1309 3468 significationem
1332 3416 1540 3457 mutilam
1563 3415 1771 3469 habeant,
1804 3418 2024 3469 quattuor
2054 3419 2161 3457 sunt

285 3484 388 3524 anni
427 3485 563 3537 primi
605 3483 748 3541 (247l6
792 3499 828 3528 a.
861 3488 963 3529 Chr.
996 3488 1068 3540 n.),
1112 3489 1191 3540 qui
1230 3487 1542 3540 subscriptum
1582 3488 1778 3530 habeant
1820 3479 1905 3530 1.α’
1931 3484 2157 3546 Γορπιαίου

283 3544 490 3611 κη’Τυβὶ
528 3545 582 3612 ιβ’
613 3558 666 3610 (p.
693 3561 766 3599 424
806 3571 848 3600 n.
878 3561 971 3614 xv,
1003 3564 1040 3601 5.
1083 3560 1189 3600 ibid.
1223 3572 1263 3601 n.
1287 3560 1401 3613 xvi,
1436 3565 1473 3601 9.
1525 3571 1567 3613 p.
1593 3563 1673 3601 425
1706 3572 1748 3602 n.
1772 3560 1868 3614 xx,
1892 3564 1959 3602 4ο.
2008 3573 2050 3613 p.
2078 3563 2157 3601 426

283 3639 326 3668 n.
356 3627 473 3682 XXI,
504 3629 586 3683 44),
634 3630 725 3672 duo
770 3631 815 3672 ln
861 3632 1028 3685 quibus
1074 3633 1248 3684 legatur
1289 3624 1368 3674 1.α’
1410 3629 1637 3688 Γορπιαίου
1679 3621 1720 3674 λ’
1756 3630 1863 3688 Τυβὶ
1903 3621 1953 3690 ιγ’
1985 3634 2040 3686 (p.
2074 3636 2156 3672 449

283 3711 325 3740 n.
338 3699 451 3754 XIV,
472 3703 538 3742 45.
570 3713 612 3755 p.
629 3705 707 3742 423
733 3704 1037 3758 ῃ.ΧἯΙΙ,40).
1080 3705 1198 3746 Cave
1219 3705 1293 3746 hic
1313 3716 1367 3746 ex
1390 3704 1570 3747 duobus
1591 3705 1810 3747 fastorum
1829 3705 2153 3759 Aegyptiorum
