2314 3970
223 171 326 222 598
647 170 717 210 VI.
764 170 911 220 Regna
941 169 1103 209 Asiana
1136 169 1324 209 minora.
1388 171 1426 208 7.
1459 169 1775 221 Commagene.
2102 170 2197 222 [383

363 341 626 411 ἡρῷ<ο)ς18
662 340 814 409 λόχος
853 339 997 407 ἐμαῖς
1036 338 1341 407 ἐπιμελείαις
1381 337 1596 410 ὑπάρΙχῃ
1646 341 2022 410 καθιδρυμένος,
2066 338 2195 392 ἀλλὰ
2235 370 2249 389 ‹
2296 363 2306 384 ⁴

275 441 328 482 50
358 424 446 479 καὶ
482 424 496 495 Η
534 426 783 494 δαιμόνων
830 426 1084 494 ἐπιφανῶν
1133 424 1272 483 θεῖος
1316 424 1465 483 τύπος
1516 426 1566 477 ἐν
1609 423 1615 494 Ι
1658 424 1804 495 ἁγίωι
1840 428 2006 497 λόφωι
2042 428 2200 479 καθο-

363 510 587 578 σιωθείς,
643 509 770 580 μηδὲ
824 509 981 579 τόνβε
1030 508 1112 562 τὸν
1158 511 1305 562 τόπον
1353 509 1570 581 ὀρφανὸν
1618 511 1756 581 ἐΙμῆς
1803 512 2062 583 εὐσεβείας
2099 512 2195 583 ἔχῃ

363 595 646 667 μ[ά]ρτυρα.
707 597 877 667 διόπερ
921 597 926 663 Ι
968 597 1036 655 ὡς
1075 597 1194 666 ὁρᾷς
1234 596 1351 655 Διός
1398 615 1451 648 τε
1481 594 1857 667 Ὠρομάσδου19
1892 597 1978 651 καὶ
2011 595 2199 668 'Audist-

273 699 326 738 55
359 687 515 742 λωνος
543 681 747 754 Μίθρου
763 679 1147 753 εΗλίουἙρμοῢ
1161 684 1206 718 ²⁰
1231 680 1316 734 καὶ
1339 678 1616 753 ἈρτάΙγνου
1632 678 2140 754 ἩρακλέουςἌρεως
2155 687 2199 720 21

216 888 435 940 imagines
465 886 678 938 titulique
708 885 764 937 (n.
789 884 1029 936 384-404)
1062 886 1256 926 aetatem
1287 884 1503 938 tulerunt,
1544 886 1591 926 in
1621 886 1847 927 maiorum
1879 885 2088 927 Antiochi
2120 898 2200 927 nu-

218 970 344 1000 mero
378 959 562 1000 fuerunt
591 959 773 1010 praeter
792 968 935 997 unum
957 956 1260 997 Alexandrum
1284 957 1495 1008 Magnum
1527 956 1582 1008 (n.
1608 958 1717 1008 398).
1779 957 1840 998 Cf.
1864 969 1907 998 n.
1932 957 2053 999 395⁷.
2078 961 2154 997 403
2168 957 2198 999 2.

218 1035 270 1071 48
313 1031 458 1071 ΗΡΩΕ
479 1031 727 1082 utrumque
749 1028 1022 1081 exemplum.
1071 1028 1340 1069 Emendavit
1357 1028 1612 1069 Puchstein.
1658 1029 1868 1070 Ceterum
1884 1030 1955 1070 lex
1977 1031 2199 1071 sermonis

217 1100 340 1148 οὗτος
364 1099 386 1143 ὁ
407 1099 549 1160 ἡρῷος
569 1098 701 1159 λόχος
725 1100 974 1153 flagitabat3
1003 1100 1083 1141 sed
1108 1101 1155 1140 in
1176 1100 1527 1153 pronominibus
1550 1098 1671 1147 οὗτος
1693 1104 1738 1142 et
1759 1099 1921 1149 ἐκεῖνος
1943 1104 2202 1143 constanter

216 1174 458 1216 articulum
482 1174 651 1215 omittit
679 1173 769 1214 hoc
789 1174 1152 1214 monumentum.
1215 1173 1275 1213 Cf.
1309 1185 1350 1213 v.
1376 1176 1442 1214 57.
1466 1176 1519 1214 58
1551 1170 1768 1231 θεοπρεπῆ
1798 1176 1931 1216 ταῦτα
1961 1172 2200 1231 ἀγάλματα.

217 1251 269 1288 95
292 1243 442 1292 θυσίας
462 1243 628 1291 ταύτας.
671 1247 754 1285 444
775 1245 922 1302 χώρας
942 1242 1113 1301 ταύτης.
1161 1247 1235 1284 424
1263 1243 1395 1300 νόμον
1413 1267 1466 1275 -
1482 1247 1648 1287 τοῦτον.
1690 1249 1788 1287 425.
1806 1248 1888 1286 426
1911 1244 2022 1289 θεῶν
2043 1244 2199 1301 ἡρώων

214 1332 261 1359 τε
280 1315 455 1360 τούτων.
505 1321 601 1360 427.
625 1320 705 1359 428
737 1315 851 1365 τάξιν
870 1314 1120 1373 -ταύτην,
1169 1320 1247 1357 430
1283 1314 1503 1374 ἱεροθεσίῳ
1534 1314 1685 1373 τούτῳ.
1732 1320 1814 1358 443
1848 1315 1891 1359 ἐν
1915 1315 2079 1374 βωμοῖς
2105 1316 2200 1360 τού-

214 1405 319 1437 τοις.
366 1394 461 1432 473.
486 1393 566 1432 474
599 1388 779 1436 τούτους
812 1386 1095 1446 ἱεροδούλους.
1135 1392 1232 1430 480.
1254 1393 1326 1430 484
1365 1392 1490 1431 τοῦτο
1520 1389 1656 1446 γένος.
1702 1394 1798 1432 485.
1826 1393 1906 1431 486
1937 1388 2201 1447 λειτουργίας

214 1462 387 1518 ταύτης.
423 1465 506 1503 493
531 1460 722 1517 δαίμοσιν
743 1460 921 1509 τούτοις.
963 1465 1060 1503 205.
1084 1464 1165 1502 206
1190 1458 1413 1509 διατάξεως
1433 1459 1602 1519 ταύτης.
1643 1465 1722 1503 498
1745 1462 1895 1516 κώμας
1919 1460 2094 1509 ἐκείνας.
2138 1463 2199 1504 Cf.

215 1536 308 1575 not.
332 1538 371 1575 8.
508 1537 561 1575 49
601 1533 663 1575 Cf.
694 1535 789 1574 not.
813 1536 880 1574 44.
1020 1537 1070 1573 20
1114 1533 1303 1574 Mithrae
1332 1544 1460 1574 sacra
1481 1533 1603 1586 apud
1623 1534 1781 1575 Persas
1811 1537 1856 1575 et
1885 1535 2204 1587 antiquissima

216 1609 261 1648 et
291 1618 563 1659 permagnae
595 1606 824 1658 dignitatis
856 1605 995 1646 fuisse
1026 1607 1216 1646 constat.
1269 1605 1330 1646 Cf.
1354 1617 1470 1658 quae
1491 1606 1534 1647 F.
1557 1606 1751 1647 Cumont
1779 1606 1900 1660 apud
1920 1607 2201 1648 Roscherum

215 1680 318 1720 Lex.
349 1679 428 1720 der
464 1690 528 1731 gr.
559 1690 602 1718 u.
633 1683 748 1720 rom.
786 1678 1061 1730 Mythologie
1099 1678 1151 1731 ΙΙ,
1184 1681 1207 1717 2
1251 1689 1294 1730 p.
1330 1681 1438 1718 3028
1457 1688 1554 1731 sqq.
1592 1679 1708 1719 hanc
1749 1679 1796 1719 in
1825 1680 2003 1732 partem
2048 1678 2199 1720 affert:

214 1752 425 1793 Mithram
462 1763 567 1792 cum
605 1750 921 1792 Ahuramazda
956 1750 1039 1791 deo
1079 1753 1124 1791 et
1161 1751 1353 1791 Anahita
1395 1751 1477 1791 dea
1517 1751 1719 1792 invocari
1758 1752 1805 1792 in
1844 1751 2199 1793 cuneiformibus

214 1823 651 1864 Achaemenidarum
681 1823 838 1873 titulis,
870 1823 1054 1864 nomina
1085 1822 1142 1864 ab
1174 1823 1272 1863 eius
1303 1823 1603 1876 appellatione
1634 1823 1838 1865 derivata
1865 1823 2201 1877 perfrequentia

215 1907 315 1937 esse
345 1897 461 1936 inter
490 1896 650 1936 Persas
681 1896 1064 1948 (antiquissimum
1095 1896 1141 1935 in
1171 1896 1260 1936 hoc
1283 1906 1457 1949 genere,
1490 1896 1614 1948 quod
1644 1896 1829 1948 quidem
1865 1897 2084 1938 memoria
2113 1896 2201 1937 fide

215 1968 349 2020 digna
371 1967 589 2008 traditum
610 1968 682 2020 sit,
712 1962 989 2024 Μιτροβάτης
1020 1966 1259 2020 Cambysis
1288 1968 1435 2008 aetate
1455 1967 1576 2020 apud
1597 1968 1881 2009 Herodotum
1902 1969 1974 2020 111,
1999 1971 2092 2008 420.
2118 1971 2199 2009 426

215 2050 314 2080 esse
353 2038 616 2080 observavit
652 2039 695 2079 F.
717 2039 829 2079 Iusti
869 2039 1119 2079 Iranisches
1158 2037 1458 2080 Namenbuch
1496 2050 1539 2092 p.
1563 2041 1674 2092 209),
1720 2039 1854 2081 ferias
1893 2041 1990 2082 eius
2030 2040 2134 2080 inde
2174 2052 2200 2081 a

214 2114 342 2152 sexto
375 2111 551 2152 decimo
583 2111 766 2163 septimi
795 2111 965 2152 mensis
997 2111 1068 2151 die
1098 2110 1256 2152 haberi
1287 2112 1443 2152 solitas
1466 2109 1791 2163 (Mithrakana)
1822 2113 1941 2153 inter
1971 2113 2200 2153 sanctissi-

213 2194 311 2224 mas
356 2183 524 2223 Persici
574 2183 700 2235 regni
755 2182 886 2224 ferias
941 2183 1072 2235 longe
1125 2183 1304 2236 lateque
1358 2186 1488 2224 notas
1539 2184 1691 2225 fuisse.
1760 2184 1822 2225 Cf.
1865 2185 2121 2226 Athenaeus
2158 2185 2200 2225 X

210 2265 254 2307 p.
279 2256 360 2294 434
378 2255 437 2295 D:
481 2249 673 2310 Κτησίας
705 2252 752 2295 δὲ
783 2248 876 2309 παρ’
901 2247 1051 2300 Ἰνδοῖς
1084 2267 1210 2311 φησιν
1242 2253 1322 2296 οὐκ
1351 2252 1460 2296 εἶναι
1488 2254 1550 2312 τῷ
1579 2253 1746 2311 βασιλεῖ
1776 2252 2055 2311 μεθυσθῆναι.
2087 2254 2202 2311 παρὰ

212 2324 260 2367 δὲ
290 2323 471 2385 Πέρσαις
500 2324 562 2382 τῷ
591 2322 758 2381 βασιλεῖ
787 2323 949 2384 ἐφίεται
982 2323 1272 2381 μεθύσκεσθαι
1301 2324 1380 2382 μιᾷ
1407 2323 1562 2384 ἡμέρᾳ,
1604 2325 1647 2368 ἐν
1686 2317 1714 2385 ᾗ
1753 2324 1903 2370 θύουσι
1938 2326 2001 2384 τῷ
2035 2323 2199 2384 Μίθρῃ.

210 2396 362 2454 γράφει
393 2397 440 2440 δὲ
472 2394 606 2445 οὕτως
635 2396 734 2454 περὶ
763 2396 915 2440 τούτου
948 2395 1102 2454 Δοῦρις
1134 2397 1177 2440 ἐν
1219 2397 1271 2457 τῇ
1304 2396 1469 2456 ἑβδόμῃ
1500 2405 1584 2440 τῶν
1619 2397 1835 2455 ἱστοριῶν·
1872 2393 1940 2441 ζἐν
1972 2397 2082 2456 μόνῃ
2114 2405 2200 2440 τῶν

211 2467 368 2526 ἑορτῶν
398 2475 482 2511 τῶν
515 2467 736 2527 ἀγομένων
771 2467 850 2512 ύπὸ
882 2467 1058 2526 Περσῶν
1097 2471 1159 2528 τῷ
1188 2467 1338 2529 Μίθρῃ
1379 2468 1578 2526 βασιλεὺς
1617 2469 1876 2527 μεθύσκεται
1905 2470 1978 2512 καὶ
2016 2471 2063 2513 τὸ
2093 2468 2202 2527 Περ-

212 2540 326 2583 σικὸν
367 2537 591 2600 ὀρχεῖταιῖ
652 2542 812 2584 Strabo
843 2543 917 2596 XI,
952 2546 1021 2596 44,
1054 2547 1076 2583 9
1120 2554 1164 2595 p.
1196 2546 1276 2584 530
1312 2543 1410 2584 Cas.
1472 2542 1646 2591 Quibus
1685 2542 1900 2585 omnibus
1929 2545 2202 2585 testimoniis
2280 2547 2311 2600 ῖ1

211 2613 367 2654 doceri
397 2614 543 2654 multo
577 2616 799 2656 maiorem
830 2615 968 2656 fuisse
1000 2616 1120 2668 apud
1143 2616 1302 2657 Persas
1323 2615 1763 2657 Achaemenidarum
1787 2617 1932 2657 aetate
1962 2617 2099 2657 huius
2131 2616 2203 2657 dei
2278 2667 2283 2677 ἦ
2308 2676 2311 2687 ἱ

210 2685 488 2739 dignitatem,
532 2698 670 2739 quam
710 2698 766 2727 ex
806 2687 933 2728 libris
964 2688 1199 2738 Avesticis‚
1241 2689 1320 2740 qui
1361 2689 1402 2729 ei
1440 2688 1700 2729 inferiorem
1740 2688 1895 2729 locum
1935 2688 2199 2741 tribuerent,

209 2758 456 2799 videretur.
517 2758 722 2806 Quorum
754 2760 1014 2812 exemplum
1046 2761 1192 2801 secuti
1223 2761 1342 2814 sunt,
1382 2761 1462 2812 qui
1493 2762 1597 2813 post
1627 2771 1706 2802 eos
1737 2761 1783 2801 in
1819 2761 1909 2802 illis
1939 2761 2199 2813 regionibus
2275 2776 2277 2778 ·

211 2833 527 2882 regnaverunt.
578 2831 694 2873 Nam
725 2834 769 2872 et
801 2833 878 2884 qui
910 2843 992 2884 per
1012 2833 1333 2874 Arsacidarum
1365 2835 1558 2874 aetatem
1581 2833 1775 2874 Persidis
1796 2834 2040 2886 imperium
2071 2836 2199 2874 tenu-

210 2904 344 2942 erunt
382 2903 526 2955 reguli
567 2903 697 2944 liberi
738 2903 795 2944 ab
836 2904 1022 2945 illorum
1054 2904 1374 2958 dominatione,
1414 2906 1615 2946 nummis
1653 2906 1748 2946 suis
1778 2906 1969 2947 Mithrae
2006 2905 2210 2957 effigiem„

210 2974 541 3026 impresserunt
573 2976 628 3028 (v.
653 2976 923 3017 Gutschmid
953 2976 1110 3017 Gesch.
1134 2978 1259 3017 Irans
1290 2988 1332 3029 p.
1357 2977 1453 3029 457)
1487 2979 1532 3018 et
1561 2978 1649 3030 ipsi
1670 2979 1941 3018 Parthorum
1972 2989 2113 3030 reges,
2145 2979 2197 3018 ut

211 3048 340 3087 erant
379 3047 584 3100 religioni
624 3050 933 3090 Zoroastricae
980 3049 1119 3090 dediti
1159 3051 1205 3089 et
1243 3061 1481 3102 magorum
1528 3051 1787 3091 auctoritati
1833 3050 2030 3103 obnoxii,
2075 3050 2196 3091 illius

212 3129 341 3160 sacra
371 3131 533 3172 magna
563 3122 732 3173 pietate
754 3121 880 3162 obire
911 3121 1116 3163 solebant
1148 3121 1203 3173 (v.
1230 3122 1499 3164 Gutschmid
1529 3123 1593 3163 Kl.
1616 3122 1836 3163 Schriften
1857 3123 1915 3162 III
1945 3134 1988 3175 p.
2012 3122 2094 3175 64),
2127 3125 2197 3163 at-
2270 3163 2275 3174 ‚

211 3202 300 3242 que
332 3191 444 3232 adeo
478 3192 858 3246 Indoscytharum
890 3205 1017 3246 reges
1048 3197 1100 3234 ut
1139 3194 1251 3235 alios
1282 3195 1511 3246 religionis
1551 3195 1751 3236 Iranicae
1793 3195 1915 3247 deos,
1956 3195 2022 3235 sic
2058 3195 2194 3235 etiam
2267 3235 2274 3254 ,ι

212 3263 423 3304 Mithram
462 3259 622 3319 (Μιιρο,
664 3266 692 3305 i.
722 3276 758 3306 e.
791 3262 966 3308 Mihiro
996 3266 1069 3307 vel
1106 3261 1258 3323 Μιορο,
1298 3267 1324 3306 i.
1358 3278 1395 3307 e.
1426 3264 1595 3320 Mimo,
1634 3267 1687 3308 cf.
1718 3266 1945 3308 Noeldeke
1983 3278 2052 3320 ap.
2086 3267 2193 3307 Gut-
2233 3281 2237 3283 ·

212 3335 391 3376 schmid
433 3335 590 3377 Gesch.
632 3337 757 3378 Irans
796 3338 932 3390 praef.
964 3349 1007 3391 p.
1039 3338 1078 3378 V
1117 3339 1207 3378 not.
1238 3337 1276 3388 4)
1317 3338 1361 3378 in
1407 3340 1608 3380 nummis
1655 3339 1750 3379 suis
1795 3337 2194 3391 repraesentabant

211 3406 383 3456 (Gesch.
415 3408 541 3448 Irans
571 3419 614 3460 p.
641 3408 750 3460 465).
802 3409 899 3457 Quo
932 3411 1082 3451 minus
1114 3411 1283 3450 mirum
1314 3411 1384 3450 est
1409 3409 1567 3451 eadem
1598 3421 1727 3452 sacra
1758 3411 1944 3451 maximi
1974 3411 2193 3451 momenti

211 3476 350 3518 fuisse
389 3479 511 3532 apud
543 3480 866 3533 Commagenes
905 3493 1047 3535 reges,
1087 3482 1257 3534 quippe
1297 3482 1376 3534 qui
1414 3483 1569 3535 stirpis
1609 3493 1717 3523 suae
1756 3483 1950 3534 origines
1981 3482 2038 3523 ab
2079 3482 2191 3534 ipsis
2264 3464 2285 3532 3]

210 3547 553 3592 Achaemenidis
583 3555 840 3605 repeterent
879 3553 934 3605 (n.
960 3557 1039 3595 384
1059 3553 1185 3606 sqq.).
1247 3553 1377 3602 Quod
1409 3554 1574 3595 Graece
1593 3546 1750 3600 ιἨλιος
1787 3554 1966 3607 dicitur,
2008 3554 2052 3594 id
2094 3566 2190 3594 om·
2271 3557 2289 3602 :³

212 3620 316 3660 nino
341 3624 459 3662 recte
484 3634 531 3664 se
552 3624 700 3678 habet,
733 3637 837 3666 nam
859 3636 907 3666 re
929 3637 1037 3667 vera
1057 3626 1294 3667 Persarum
1315 3625 1522 3667 Mithram
1546 3627 1692 3667 Solem
1715 3637 1814 3667 esse
1836 3626 1990 3666 multis
2013 3626 2189 3667 indiciis
2274 3655 2275 3658 ,

2285 0 2314 209 l

2295 383 2309 443 ἑ

2298 456 2306 481 ¹.

2296 976 2310 1022 ,-„-
2286 767 2307 960 διῄτα-,αν-

2288 1394 2294 1402 ‘
2288 1191 2311 1370 'm.—O
2294 1141 2306 1180 ιη
2292 1126 2294 1130 ‘
