2314 3970
105 203 205 255 234]
746 201 1032 242 Ptolemaeus
1065 201 1286 242 Thraseae
1316 200 1447 242 filius.
1983 201 2086 251 377

195 389 219 429 5
251 373 338 427 καὶ
375 372 665 440 Φοινίκας3,
715 372 720 443 Ι
751 370 939 445 Ἑρμᾶι
985 373 1070 426 καὶ
1097 369 1376 443 εΗρακλεῖ4
1413 371 1499 425 καὶ
1535 371 1551 443 ΙΙ
1588 372 1784 444 βασιλεῖ
1835 370 2088 442 μεγάλωι5

244 457 520 530 Ἀντιόχωι.

104 630 398 692 τετρακοσίους
439 631 580 679 ἱππεῖς
617 632 721 689 ἧκεν
768 631 881 693 ἔχων
928 632 1033 688 πρὸς
1078 630 1203 674 αὐτὸν
1244 637 1328 673 τῶν
1367 630 1450 673 ὑπὸ
1492 629 1762 687 Πτολεμαῖον
1802 629 2086 687 ταττομένων.

105 706 350 747 Ptolemaei
372 706 595 747 Thraseae
616 706 642 747 f.
667 717 774 748 sane
795 707 869 747 hic
890 705 1161 746 nominatim
1182 704 1352 744 mentio
1374 715 1465 745 non
1493 705 1543 745 fit
1552 717 1562 758 ;
1595 706 1676 747 sed
1697 704 1991 747 memorabile
2023 707 2091 745 est

104 777 220 820 anno
255 781 336 818 247
370 790 408 819 a.
431 778 532 819 Chr.
564 779 611 818 in
642 790 796 831 pugna
826 778 882 819 ad
911 777 1132 830 Raphiam
1163 788 1253 817 non
1282 777 1373 817 iam
1403 778 1455 817 ut
1487 778 1619 818 antea
1648 778 1972 830 Ptolemaeum,
2011 777 2091 818 sed

105 849 334 891 Sosibium
364 862 456 891 una
485 861 591 891 cum
611 850 928 892 Andromacho
958 849 1171 902 phalangi
1191 848 1441 900 Aegyptiae
1461 859 1672 900 praeesse
1694 849 1866 902 (Polyb.
1879 849 1932 902 V,
1951 852 2017 902 83,
2036 849 2089 900 3).

102 922 149 963 R.
182 923 228 963 et
258 923 301 963 P.
365 922 425 963 Cf.
459 924 595 963 etiam
636 924 730 963 not.
754 926 792 963 2.
962 925 986 962 2
1028 921 1341 962 Ptolemaeum
1382 921 1533 973 igitur,
1575 922 1626 961 ut
1663 921 2005 974 Hippolochum
2045 923 2091 962 et

103 994 317 1035 Caeream
350 994 518 1047 (Polyb.
538 995 588 1048 V,
613 998 680 1048 74,
705 996 772 1047 44)
810 993 1055 1035 liberaliter
1085 994 1273 1046 propter
1311 992 1617 1045 proditionem
1661 995 1978 1034 remuneratus
2024 996 2093 1034 est

103 1066 364 1108 Antiochus.
428 1068 669 1108 Summum
710 1066 973 1120 provinciae
1011 1064 1333 1117 sacerdotium,
1380 1064 1506 1116 quod
1551 1065 1647 1105 sine
1692 1064 1832 1106 dubio
1878 1066 1936 1107 ad
1975 1066 2093 1118 regis

104 1139 276 1179 cultum
311 1138 559 1192 spectabat,
599 1139 811 1191 coniungi
841 1149 947 1179 cum
977 1138 1169 1190 imperio
1201 1137 1386 1178 militari
1417 1136 1676 1189 frequenter
1707 1137 1917 1178 videmus
1949 1138 1996 1177 in
2027 1138 2093 1177 in-

104 1210 203 1251 sula
234 1211 385 1264 Cypro
417 1222 499 1264 per
529 1211 888 1252 Ptolemaeorum
919 1220 1126 1262 regnum.
1176 1209 1261 1250 Sed
1282 1207 1580 1250 memorabile
1607 1210 1690 1261 est,
1722 1209 2093 1261 antiquissimum

103 1283 202 1323 eius
233 1283 430 1324 instituti
460 1283 722 1335 exemplum
753 1292 994 1323 occurrere
1024 1281 1272 1322 Ptolemaei
1293 1281 1331 1321 V
1362 1281 1610 1334 Epiphanis
1641 1281 1816 1332 (205-4
1832 1283 1875 1322 84
1915 1293 1952 1322 a.
1976 1281 2092 1329 Chr.)

104 1355 249 1395 aetate
280 1353 336 1405 (n.
360 1357 428 1407 93,
452 1355 505 1406 4).
565 1353 714 1402 Quare
755 1364 845 1406 quo
883 1354 1091 1406 tempore
1131 1353 1170 1394 is
1209 1353 1495 1405 Cleopatram
1532 1352 1741 1393 Antiochi
1772 1353 1830 1392 III
1870 1352 2009 1394 filiam
2048 1354 2094 1394 in

103 1426 449 1467 matrimonium
482 1425 626 1478 duxit,
667 1437 758 1466 una
796 1437 900 1466 cum
934 1425 1205 1478 dignitatum
1237 1425 1488 1466 aulicarum
1528 1425 1685 1466 ordine
1717 1425 1773 1476 (n.
1798 1428 1878 1465 404
1892 1424 1923 1476 2)
1955 1426 2093 1466 etiam

103 1498 190 1539 hoc
229 1499 490 1539 institutum
533 1508 588 1538 ex
631 1498 971 1539 Seleucidarum
1008 1508 1145 1549 regno
1187 1497 1243 1538 ad
1275 1497 1556 1538 Ptolemaeos
1595 1498 1858 1550 pervenisse
1898 1497 2092 1539 videtur.

104 1570 238 1619 Quod
267 1570 467 1611 editores
498 1581 641 1611 unum
662 1571 842 1623 praeter
863 1570 985 1611 hunc
1005 1570 1190 1611 titulum
1212 1570 1333 1622 apud
1362 1569 1618 1611 Seleucidas
1641 1570 1902 1622 exemplum
1924 1571 2094 1611 summi

14 1630 16 1703 J
104 1642 349 1684 sacerdotii
386 1642 649 1695 provinciae
687 1642 881 1684 alicuius
921 1654 964 1683 n.
988 1645 1084 1695 224,
1109 1644 1131 1682 4
1172 1652 1272 1682 esse
1310 1641 1479 1695 dicunt,
1524 1641 1571 1682 id
1620 1643 1683 1682 ita
1722 1653 1884 1683 verum
1922 1644 2003 1696 est,
2042 1644 2095 1683 ut

103 1716 256 1756 tamen
287 1713 412 1755 aliud
452 1713 696 1755 sacerdotii
726 1725 866 1766 genus
898 1714 972 1755 hic
1002 1715 1138 1766 atque
1168 1714 1260 1754 illic
1297 1714 1539 1766 significari
1571 1715 1798 1767 appareat.
1848 1714 1965 1756 Nam
2003 1714 2094 1755 illic

104 1787 316 1828 distincte
346 1786 401 1827 de
430 1786 567 1829 unius
598 1787 777 1839 reginae
808 1786 1044 1827 sacerdote
1066 1786 1246 1839 dicitur,
1278 1787 1352 1827 hic
1373 1797 1483 1827 vero
1516 1787 1718 1839 itemque
1749 1787 1795 1827 in
1815 1787 2095 1828 Ptolemaeo-

16 1851 17 1856 ’
104 1870 208 1900 rum
238 1858 382 1900 titulis
413 1859 524 1911 quia
553 1869 781 1911 nusquam
812 1859 942 1899 cuius
972 1858 1046 1899 ille
1082 1858 1295 1899 sacerdos
1334 1859 1392 1899 sit
1433 1857 1615 1899 definite
1652 1858 1927 1911 enuntiatur,
1969 1869 2094 1899 sum-

104 1942 232 1972 mum
263 1931 467 1972 omnium
499 1930 664 1971 domus
694 1930 843 1982 regiae
874 1941 956 1982 per
986 1930 1272 1982 provinciam
1310 1940 1550 1971 sacrorum
1581 1930 1830 1971 antistitem
1869 1930 2093 1982 designari

105 2002 396 2044 manifestum
427 2003 509 2044 est.
659 2005 681 2042 3
721 2002 813 2043 Hae
843 2003 1105 2055 provinciae
1125 2002 1335 2043 Antiochi
1367 2003 1571 2043 exercitu
1602 2002 1660 2044 ad
1690 2002 1909 2055 Raphiam
1940 2002 2093 2055 fugato

104 2075 150 2116 in
179 2075 424 2116 Ptolemaei
455 2074 678 2116 dicionem
710 2075 961 2127 redierunt;
1004 2086 1144 2127 quare
1175 2075 1264 2116 hoc
1293 2076 1645 2116 monumentum
1676 2086 1792 2116 anno
1823 2079 1904 2116 248
1929 2087 1966 2116 a.
1990 2075 2090 2116 Chr.

102 2157 250 2199 neque
279 2147 511 2200 antiquius
542 2157 642 2188 esse
682 2157 830 2199 neque
870 2147 1100 2188 recentius
1132 2148 1308 2188 certum
1340 2149 1422 2188 est.
1474 2147 1521 2188 R.
1554 2149 1599 2188 et
1629 2147 1674 2188 P.
1832 2151 1853 2188 4
1892 2148 2093 2189 Deorum

103 2219 287 2261 nomina
322 2219 492 2261 indicio
535 2220 654 2273 sunt,
696 2220 742 2260 in
772 2219 1012 2272 gymnasio
1046 2219 1303 2261 Solensium
1336 2219 1575 2261 anathema
1605 2219 1908 2261 constitutum
1938 2219 2091 2261 fuisse.

20 2284 24 2355 ζ
103 2290 152 2332 R.
174 2292 220 2332 et
239 2291 284 2333 P.
423 2295 447 2333 5
485 2291 779 2333 Memorabile
801 2292 891 2333 hoc
912 2290 1192 2333 vocabulum
1220 2292 1266 2333 in
1286 2292 1420 2332 titulo
1444 2292 1605 2344 paucis
1626 2292 1755 2333 annis
1777 2294 1882 2345 post
1902 2303 2093 2344 regnum

22 2363 25 2429 's
103 2363 269 2404 initum
298 2364 496 2405 exarato.
547 2363 613 2404 Ex
651 2363 956 2417 scriptoribus
993 2364 1196 2416 primum
1232 2364 1515 2405 Demetrium
1553 2364 1791 2417 Scepsium
1833 2365 1917 2418 (ap.
1958 2363 2093 2405 Athe-

23 2436 25 2475 1,
67 2460 70 2462 ψ
105 2445 272 2476 naeum
291 2434 373 2475 XV
396 2437 475 2475 697
494 2435 544 2487 D)
568 2435 728 2477 deinde
749 2435 992 2488 Polybium
1015 2435 1099 2489 (IV,
1124 2439 1162 2490 2,
1187 2436 1225 2488 7)
1258 2436 1461 2489 aliosque
1482 2447 1535 2478 eo
1565 2437 1635 2477 uti
1657 2436 1872 2479 observat
1893 2437 1939 2478 B.
1960 2435 2094 2478 Niese

105 2506 261 2549 Gesch.
284 2506 364 2548 der
394 2517 457 2559 gr.
479 2518 524 2548 u.
548 2507 724 2549 maked.
748 2508 929 2549 Staaten
949 2508 988 2547 11
1018 2518 1062 2561 p.
1088 2510 1168 2549 364
1200 2510 1293 2550 not.
1317 2512 1355 2550 2.

216 2777 324 2833 231
377 2784 662 2848 Magnesiae
700 2784 766 2833 ad
791 2785 1122 2834 Maeandrum
1159 2785 1211 2833 in
1249 2786 1447 2836 duobus
1485 2786 1830 2836 marmoribus
1867 2787 2095 2851 porticus

111 2869 431 2919 occidentalis
458 2869 569 2919 fori.
634 2870 724 2920 Ed.
766 2870 823 2920 Ο.
852 2871 988 2921 Kern
1019 2871 1325 2922 Inschriften
1351 2887 1454 2922 von
1480 2873 1737 2938 Magnesia
1770 2888 1820 2938 p.
1845 2872 1908 2922 ⁴5
1936 2887 1984 2921 n.
2008 2872 2089 2920 48.

254 3008 506 3070 Βασιλεὺς
555 3007 837 3083 Ἀντίοχος1
891 3011 1223 3084 ΜαγνήΙτωνῖ
1276 3018 1361 3084 τῆι
1416 3014 1597 3085 βουλῆι
1647 3012 1732 3067 καὶ
1781 3016 1874 3067 τῶι
1929 3014 2095 3084 δήμωι

249 3096 486 3168 χαίΙρειν·
543 3097 798 3170 Δημοφῶν
836 3098 923 3152 καὶ
949 3100 1191 3161 Φιλίσκος
1226 3100 1313 3153 καὶ
1339 3099 1526 3171 ΦέΙρης
1565 3101 1612 3153 οἱ
1650 3094 1769 3172 παρ’
1795 3100 1931 3169 ὑμῶν
1970 3120 2096 3169 πεμ-

201 3197 224 3237 5
257 3183 468 3255 φθέντες
503 3182 627 3255 πρὸς
662 3183 678 3255 Ι]
714 3187 849 3256 ἡμᾶς
891 3186 1081 3258 θεωροὶ
1126 3188 1291 3240 ἕνεκεν
1330 3190 1417 3240 τοῦ
1451 3186 1764 3258 ἐπαγγεῖΙλαι
1801 3185 1883 3239 τὸν
1921 3186 2094 3257 ἀγῶνα

255 3268 341 3321 καὶ
387 3267 489 3340 τ[ἃ]
539 3269 671 3323 ἄλλα
717 3272 749 3324 ἃ
787 3272 1079 3346 ἐψήφισιται
1117 3276 1142 3326 ὁ
1184 3276 1341 3344 δῆμος
1380 3274 1626 3326 συντελεῖν
1665 3278 1749 3343 τῆι
1786 3271 2097 3344 ἀρχηγέΙτιδι

231 3445 248 3483 4
285 3443 448 3497 Regem
479 3444 756 3486 Antiochum
776 3447 834 3487 III
863 3448 1075 3501 Magnum
1108 3448 1350 3500 (223-487
1373 3459 1410 3488 a.
1435 3446 1535 3488 Chr.
1558 3446 1614 3498 n.)
1647 3458 1747 3488 esse
1767 3447 1871 3488 inde
1892 3450 2093 3501 apparet,

40 3496 42 3549 ζ
119 3511 244 3563 quod
272 3525 427 3558 omnes
458 3517 683 3559 eiusmodi
712 3518 958 3571 legationes
989 3521 1244 3573 Magnetum
1279 3516 1408 3575 207s6
1432 3530 1471 3560 a.
1493 3519 1594 3560 Chr.
1618 3531 1659 3560 n.
1692 3520 1737 3560 et
1766 3520 1988 3572 proximis
2019 3532 2095 3562 an-

40 3569 44 3636 ³3
118 3584 188 3624 nis
218 3585 274 3626 ad
301 3587 560 3631 indicendas
582 3591 1043 3645 Leucophryenorum
1065 3592 1197 3634 ferias
1221 3602 1594 3644 quoqueversum
1617 3591 1826 3634 dimissas
1858 3603 1957 3635 esse
1989 3604 2096 3635 con-

34 3722 38 3732 ν
121 3655 220 3696 stat.
271 3657 331 3700 Cf.
362 3660 490 3714 Syll.2
510 3661 631 3704 2562.
781 3666 804 3703 2
846 3665 913 3706 Sc.
944 3670 1028 3707 τῶν
1061 3661 1132 3707 ἐπὶ
1161 3660 1425 3719 Μαιάνὸρωι.
