2280 3964
23 3841 30 3964 —-·-—-

815 860 1380 928 PRAEFATIO.

210 1157 351 1239 Gum
398 1185 648 1256 Sylloges
692 1184 1103 1254 Inscriptionum
1148 1182 1476 1236 Graecarum
1525 1184 1749 1236 alteram
1806 1183 2093 1238 editionem

101 1278 433 1346 adomarem,
472 1277 618 1332 haud
655 1294 857 1348 paucos
895 1277 1093 1346 titulos,
1139 1278 1334 1347 partim
1374 1282 1426 1330 et
1464 1277 1666 1330 ambitu
1704 1283 1756 1331 et
1794 1279 2094 1346 argumenti

100 1374 362 1443 gravitate
386 1373 644 1442 insignes,
682 1388 814 1440 quos
840 1372 896 1424 in
920 1373 1150 1441 priorem
1176 1388 1498 1440 receperam,
1533 1370 1885 1425 secludendos
1913 1373 2096 1425 existi-

99 1468 259 1536 mavi,
301 1468 427 1535 quia
464 1466 733 1520 habebant
771 1465 984 1535 quidem
1033 1467 1195 1520 etiam
1234 1466 1469 1534 aliquam
1508 1483 1627 1519 cum
1666 1466 1824 1519 rebus
1862 1467 2092 1520 nationis

102 1560 343 1615 Graecae
379 1559 844 1628 necessitudinem,
893 1559 988 1614 sed
1026 1560 1319 1630 praecipua
1364 1565 1543 1637 tamen
1582 1577 1763 1613 eorum
1800 1561 2000 1614 utilitas
2038 1561 2094 1614 in

99 1672 385 1724 regnorum
425 1671 560 1723 quae
599 1671 667 1708 ex
704 1655 796 1707 illo
835 1653 1127 1708 Alexandri
1164 1655 1348 1722 Magni
1394 1654 1535 1708 orbis
1572 1659 1832 1707 terrarum
1868 1655 2092 1724 imperio

99 1754 228 1803 nata
246 1754 399 1803 erant
419 1749 630 1802 casibus
657 1753 710 1802 et
730 1747 1185 1802 vicissitudinibus
1211 1741 1543 1802 illustrandis
1569 1748 1746 1816 posita
1768 1753 1895 1801 erat.
1943 1746 2095 1812 Quae

37 1847 39 1861 ‘
99 1859 184 1897 res
222 1848 280 1896 ut
317 1843 506 1896 summi
543 1843 797 1896 momenti
836 1847 932 1911 est,
979 1843 1056 1896 ita
1093 1842 1162 1895 ab
1200 1842 1343 1895 illius
1380 1847 1561 1895 tamen
1600 1842 1929 1896 collectionis
1969 1859 2094 1896 con-

99 1937 218 1990 silio
258 1936 438 1989 aliena
476 1940 603 1989 erat.
669 1935 983 2006 Apparebat
1019 1936 1196 2004 igitur,
1237 1936 1332 1988 illa
1363 1940 1705 1989 monumenta
1743 1935 2095 2006 epigraphica

98 2030 393 2099 argumenti
432 2028 777 2083 similitudine
803 2031 1014 2083 arctius
1042 2046 1250 2083 conexa
1275 2045 1395 2083 esse
1434 2046 1553 2083 cum
1590 2029 1805 2098 talibus,
1847 2046 1987 2097 quae
2025 2047 2094 2083 ne

34 2120 35 2135 ³
98 2125 154 2177 in
199 2124 427 2194 primam
466 2122 683 2191 quidem
731 2122 1019 2177 editionem
1057 2124 1396 2193 recepissem,
1449 2124 1574 2191 quia
1620 2128 1734 2177 tota
1780 2123 1837 2175 in
1882 2123 2094 2177 illorum

98 2235 384 2286 regnorum
420 2218 579 2271 rebus
617 2223 953 2271 versarentur
989 2234 1163 2286 neque
1202 2218 1312 2271 ulla
1347 2234 1415 2271 ex
1453 2222 1606 2287 parte
1633 2216 1918 2270 Graeciam
1957 2218 2095 2271 anti-

102 2328 262 2380 quam
300 2312 635 2380 attingerent.
715 2311 822 2365 Sed
863 2311 1005 2379 quod
1043 2311 1157 2365 fore
1197 2312 1527 2381 suspicabar,
1579 2328 1698 2364 cum
1749 2310 1872 2365 illos
1911 2312 2094 2364 titulos

29 2440 31 2479 5
101 2406 318 2459 exulare
356 2406 611 2475 iuberem,
651 2411 710 2459 ut
745 2411 928 2460 tamen
966 2406 1209 2460 nonnulli
1236 2406 1326 2474 qui
1364 2406 1535 2459 altera
1561 2404 1792 2459 editione
1819 2409 2094 2459 uterentur

28 2514 30 2555 ρ
101 2499 178 2553 eis
224 2516 384 2568 aegre
430 2505 686 2568 carerent,
738 2498 796 2553 id
841 2516 900 2553 re
946 2516 1075 2554 vera
1129 2516 1230 2552 usu
1276 2499 1486 2553 venisse
1535 2516 1603 2553 ex
1661 2499 1898 2552 censuris
1950 2499 2094 2552 illius

102 2591 349 2646 editionis
386 2592 640 2647 intellexi.
718 2591 870 2656 Quae
909 2609 995 2647 res
1032 2610 1138 2646 non
1175 2598 1387 2662 poterat
1423 2610 1530 2646 non
1569 2591 1882 2646 confirmare
1922 2593 2095 2646 consi-

99 2686 247 2755 lium,
289 2685 432 2754 quod
468 2687 576 2740 iam
612 2687 668 2739 in
705 2686 1039 2757 praefatione
1074 2686 1518 2755 significaveram,
1557 2685 1786 2756 parandi
1826 2685 2094 2740 collectio-

25 2791 27 2799 *
101 2795 224 2833 nem
259 2780 531 2834 titulorum
556 2780 895 2849 Graecorum,
936 2797 1156 2850 quorum
1182 2782 1478 2834 maximum
1503 2785 1828 2835 momentum
1861 2784 2002 2834 esset
2038 2780 2094 2832 in

103 2873 488 2941 cognoscendis
526 2874 686 2928 rebus
723 2891 1009 2943 regnorum
1047 2875 1382 2929 orientalium
1408 2890 1774 2928 successorum
1801 2872 2094 2927 Alexandri

105 2982 391 3035 earumque
428 2969 824 3037 provinciarum
859 2968 1069 3038 imperii
1106 2968 1347 3037 Romani,
1389 2984 1526 3036 quae
1566 2985 1634 3022 ex
1670 2968 1777 3020 illis
1816 2972 1974 3020 natae
2012 2981 2095 3020 es-

103 3065 236 3114 sent.
313 3061 396 3115 De
433 3062 665 3116 utilitate
703 3062 962 3117 eiusmodi
1000 3063 1238 3133 sylloges
1283 3062 1526 3116 homines
1576 3061 1759 3115 doctos
1799 3062 1890 3114 vix
1942 3059 2094 3113 dubi-

101 3158 305 3209 taturos
343 3156 643 3224 sperabam,
684 3173 803 3210 cum
831 3158 957 3224 quia
993 3156 1154 3211 hodie
1190 3158 1354 3210 multo
1396 3157 1589 3210 clarius
1616 3172 1775 3223 quam
1810 3154 1935 3208 olim
1972 3171 2096 3224 per-

31 3267 34 3270 *
104 3247 323 3316 spicitur
350 3250 531 3316 quanti
567 3251 820 3304 momenti
857 3251 964 3304 sint
1001 3255 1054 3304 et
1089 3251 1300 3304 litterae
1339 3256 1391 3304 et
1426 3250 1670 3303 instituta
1708 3254 1759 3302 et
1796 3263 1882 3301 res
1908 3253 2094 3316 gestae

105 3340 246 3394 illius
291 3342 499 3410 aetatis,
549 3343 698 3397 cuius
745 3342 979 3397 indolem
1028 3349 1080 3397 et
1123 3345 1358 3397 rationes
1410 3343 1610 3412 primus
1658 3342 1704 3395 J.
1743 3341 1805 3396 Gr.
1846 3342 2092 3411 Droysen

105 3433 247 3487 felici
284 3435 601 3488 Hellenismi
638 3437 998 3506 appellatione
1038 3437 1375 3506 significavit,
1414 3442 1526 3490 tum
1567 3437 1693 3504 quia
1730 3441 1948 3506 propter
1983 3452 2093 3488 me-

105 3528 306 3581 moriae
325 3528 618 3583 litterariae
639 3547 883 3584 mancam
912 3548 976 3585 ac
999 3532 1251 3585 miseram
1279 3529 1645 3584 condicionem
1671 3530 2093 3584 testimoniorum

108 3619 563 3689 epigraphicorum
601 3622 687 3675 hic
727 3625 783 3676 ni
821 3623 980 3679 fallor
1004 3625 1173 3678 maior
1208 3615 1413 3678 utilitas
1452 3630 1534 3678 est
1559 3641 1718 3692 quam
1755 3624 1810 3677 in
1835 3623 1947 3676 ulla
1986 3622 2093 3675 alia
