2314 3970
262 237 358 287 172
934 239 981 278 Il.
1024 239 1222 290 Regnum
1258 239 1536 290 Lagidarum.
2098 245 2224 297 [97.-

399 407 484 461 καὶ
507 402 656 461 Ἴσιδι
695 407 701 478 Ι
742 407 827 461 καὶ
847 404 1106 481 Ἀνούβιδι,
1147 410 1286 470 θεοῖς
1326 409 1332 480 Ι
1372 412 1496 464 πᾶσι
1521 411 1606 465 καὶ
1630 415 1833 482 πάσαις,
1875 412 1970 484 τὸμ
2010 416 2016 485 Ι
2057 415 2224 486 βωμὸν

318 508 369 549 10
400 494 484 547 καὶ
521 491 612 554 τὰς
648 496 895 566 περσέας3
929 495 946 567 ΙΙ
984 494 1175 567 Σπάρις
1211 493 1296 549 καὶ
1331 497 1379 549 οἱ
1403 498 1735 569 κωμεγίέται4
1770 498 1855 553 καὶ
1882 501 1929 553 οἱ
1954 501 2221 556 θιασεῖται.

255 668 488 722 probabile
524 671 594 710 est
632 681 713 723 per
753 671 986 723 proximos
1024 673 1129 724 post
1167 673 1349 725 nuptias
1398 683 1538 714 annos
1579 677 1926 715 monumentum
1969 675 2224 718 dedicatum

253 752 364 782 esse.
513 745 536 781 2
575 742 722 783 Osirin
753 742 994 795 significari
1023 745 1255 797 perspexit
1283 744 1524 797 Nerutsos;
1564 745 1619 786 de
1649 747 1828 788 insolita
1857 747 2002 788 forma
2031 749 2226 790 nominis

253 813 359 853 nihil
389 813 514 854 dixit.
575 814 636 855 Ea
665 826 776 855 num
807 814 913 856 alibi
943 816 1211 870 inveniatur,
1252 817 1424 869 ignoro.
1486 817 1572 858 Sed
1609 819 1768 872 utique
1809 818 1864 859 ad
1905 829 2006 860 eam
2037 820 2227 862 redeunt

253 886 503 938 composita
539 878 768 942 Ὁσορᾶπις
810 889 855 929 et
883 881 1190 943 Ὀσορομνεῦις
1228 888 1458 942 (Leemans
1498 891 1662 943 papyri
1699 890 2020 943 Lugdunenses
2050 893 2068 932 1
2105 904 2149 946 p.
2174 895 2226 933 42

253 968 354 1010 pap.
377 957 425 1011 G,
447 960 515 998 44.
548 969 589 1011 p.
615 960 667 1000 48
698 970 801 1012 pap.
824 959 874 1013 H,
898 962 965 1000 40.
987 963 1054 1001 22.
1093 971 1136 1014 p.
1161 963 1207 1002 54
1235 972 1337 1014 pap.
1360 962 1391 1015 Ι,
1414 962 1496 1013 40),
1527 973 1727 1015 quorum
1759 963 1921 1005 alteras
1951 966 2103 1017 partes
2134 964 2227 1006 effi·

251 1030 377 1070 ciunt
413 1030 596 1071 nomina
631 1030 773 1072 houm
811 1042 1044 1073 sacrorum
1075 1032 1231 1086 Apidis
1262 1035 1307 1074 et
1326 1033 1544 1074 Mnevidis
1575 1034 1643 1085 (cf.
1675 1047 1718 1076 n.
1741 1039 1808 1088 56,
1833 1038 1872 1078 9.
1905 1039 1972 1089 90,
1996 1036 2078 1090 34),
2107 1032 2229 1080 Ὀσο-

253 1104 396 1157 ροῆρις
427 1101 617 1155 (Peyron
646 1114 749 1156 pap.
783 1115 899 1145 mus.
932 1104 1062 1145 Taur.
1092 1105 1130 1144 II
1160 1116 1204 1158 p.
1230 1107 1281 1146 34
1314 1117 1355 1146 n.
1373 1105 1424 1159 V,
1449 1109 1486 1146 3.
1518 1117 1561 1159 p.
1576 1110 1628 1148 35
1660 1106 1784 1160 n.VI,
1810 1109 1846 1149 4.
1879 1118 1922 1160 p.
1947 1111 1999 1149 36
2030 1108 2226 1161 n.V11‚2.

252 1173 466 1214 Leemans
496 1185 598 1227 pap.
632 1174 873 1227 Lugdun.1
902 1186 945 1228 p.
969 1179 1022 1217 89
1054 1187 1096 1218 n.
1121 1179 1217 1230 377,
1241 1179 1278 1217 4.
1339 1176 1520 1219 Notices
1551 1180 1596 1219 et
1626 1179 1812 1220 extraits
1842 1178 1922 1220 des
1954 1181 2227 1221 manuscrits

251 1245 390 1285 XVIII
413 1249 436 1285 2
470 1249 580 1287 4865
613 1258 655 1299 p.
679 1250 754 1287 434
793 1259 834 1288 n.
859 1251 926 1301 50,
949 1251 1000 1288 40
1019 1259 1117 1301 sqq.
1159 1259 1203 1302 p.
1226 1251 1302 1289 464
1341 1261 1382 1290 n.
1407 1253 1474 1291 63.
1512 1261 1556 1303 p.
1579 1252 1662 1292 225
1694 1262 1736 1291 n.
1760 1255 1812 1292 45
1829 1248 1910 1305 bis,
1934 1251 1986 1304 3),
2027 1252 2228 1305 itemque

251 1317 362 1358 illud
399 1318 523 1371 quod
551 1318 595 1360 U.
618 1318 822 1360 Wilcken
852 1318 1019 1361 Archiv
1047 1319 1122 1361 fiir
1151 1321 1600 1375 Papyrusforschung
1631 1322 1649 1362 I
1679 1333 1723 1375 p.
1746 1324 1820 1363 344
1860 1324 1954 1364 not.
1977 1325 2003 1363 2
2045 1334 2100 1364 ex
2139 1324 2227 1364 viri

251 1391 432 1431 nomine
453 1387 793 1451 Πετοσορβοῦχις
823 1392 961 1434 fuisse
982 1393 1160 1446 collegit
1175 1387 1469 1452 Ὀσορβοῦχις,
1501 1406 1527 1436 a
1547 1395 1689 1437 Buchi
1709 1397 1841 1437 tauro
1861 1397 1941 1449 qui
1962 1396 2227 1437 Hermonthi

251 1461 484 1503 colebatur
514 1462 784 1506 derivatum.
961 1468 984 1505 3
1024 1465 1088 1505 De
1118 1465 1203 1506 hac
1239 1465 1404 1507 arbore
1434 1477 1551 1519 quae
1580 1466 1813 1520 Aegyptiis
1853 1467 1899 1508 in
1929 1466 2101 1508 deliciis
2131 1469 2227 1509 erat

251 1534 304 1575 cf.
333 1535 626 1588 Theophrast.
648 1535 759 1577 Hist.
779 1535 918 1589 plant.
938 1537 1010 1590 III,
1035 1540 1073 1589 3,
1096 1540 1142 1578 5:
1181 1534 1346 1595 μεγάλη
1379 1535 1426 1579 δὲ
1456 1535 1639 1596 διαφορὰ
1668 1537 1773 1595 πρὸς
1801 1537 1964 1595 καρπὸν
1994 1537 2069 1580 καὶ
2098 1536 2229 1596 ἀκαρ-

250 1604 347 1648 πίαν
378 1605 451 1648 καὶ
478 1605 507 1663 ἡ
538 1612 623 1649 τῶν
653 1606 793 1651 τόπων
826 1605 962 1666 φύσις,
994 1608 1134 1665 ὥσπερ
1166 1606 1238 1651 ἐπί
1264 1623 1311 1650 τε
1339 1613 1418 1666 τῆς
1455 1608 1636 1666 περσέας
1666 1608 1758 1668 ἔχει
1786 1609 1860 1653 καὶ
1887 1615 1973 1653 τῶν
2006 1609 2229 1668 φοινίκων·

250 1676 279 1734 ἡ
312 1678 388 1735 μὲν
420 1678 463 1722 ἐν
485 1676 687 1738 Αἰγύπτῳ
717 1684 985 1739 καρποφορεῖ
1012 1679 1086 1723 καὶ
1115 1677 1155 1722 εἴ
1175 1695 1256 1723 που
1286 1686 1371 1724 τῶν
1392 1679 1572 1738 πλησίον
1591 1681 1755 1724 τόπωψ
1788 1680 1831 1724 ἐν
1855 1676 1990 1739 Ῥόδῳ
2022 1681 2069 1725 δὲ
2101 1681 2230 1741 μέχρι

249 1755 323 1793 τοῦ
364 1749 508 1795 ἀνθεῖν
547 1751 675 1808 μόνον
715 1751 967 1811 ἀφικνεῖται.
1013 1751 1035 1796 ὁ
1073 1752 1119 1796 δὲ
1160 1752 1300 1812 φοῖνιξ
1333 1752 1424 1796 κτλ.
1475 1754 1546 1809 IV,
1569 1758 1608 1809 2,
1633 1759 1677 1797 5:
1726 1753 1770 1797 ἐν
1811 1752 2014 1813 Αἰγύπτῳ
2053 1749 2084 1797 δ’
2117 1753 2228 1799 ἐστὶν

250 1821 390 1880 ἕτερον
419 1821 449 1881 ἡ
480 1823 639 1883 περσέα
665 1823 944 1881 καλούμενον,
980 1825 1034 1886 τῇ
1066 1824 1144 1882 μὲν
1184 1824 1389 1883 προσόψει
1419 1824 1528 1884 μέγα
1563 1826 1638 1870 καὶ
1666 1825 1815 1882 καλόν,
1853 1825 2149 1885 παραπλήσιον
2181 1827 2229 1871 δὲ

252 1893 434 1952 μάλιστα
472 1897 526 1954 τῇ
566 1895 679 1953 ἀπίῳ
716 1896 788 1940 καὶ
826 1895 1002 1955 φύλλοις
1038 1896 1111 1941 καὶ
1148 1894 1296 1941 ἄνθεσι
1334 1897 1405 1940 καὶ
1443 1897 1650 1958 ἀκρεμόσι
1686 1899 1759 1942 καὶ
1794 1900 1858 1956 τῷ
1888 1897 1975 1956 ὅλῳ
2015 1899 2225 1959 σχήματι·

251 1966 362 2026 πλὴν
399 1968 447 2010 τὸ
487 1969 562 2025 μὲν
605 1967 831 2027 ἀείφυλλον
870 1969 918 2012 τὸ
957 1969 1004 2012 δὲ
1044 1968 1327 2028 φυλλοβόλον.
1374 1970 1535 2027 καρπὸν
1576 1969 1623 2012 δὲ
1663 1970 1781 2028 φέρει
1817 1969 1951 2014 πολὺν
1986 1970 2060 2014 καὶ
2090 1975 2228 2015 πᾶσαν

252 2040 364 2098 ὥραν
394 2039 487 2083 κτλ.
539 2042 699 2084 Strabo
720 2042 833 2096 XVI,
858 2045 896 2096 4,
921 2045 971 2084 ⁴4
1004 2055 1047 2096 p.
1073 2046 1153 2084 773
1178 2043 1276 2084 Cas.
1318 2040 1415 2099 φύει
1445 2041 1492 2084 δὲ
1524 2040 1565 2099 (ἡ
1597 2042 1681 2086 ἀπὸ
1711 2046 1790 2100 τῆς
1819 2041 1974 2103 Δειρῆς
2004 2042 2227 2103 ἀρωματο-

249 2111 391 2169 φόρος)
431 2112 504 2155 καὶ
542 2111 722 2171 περσέαν
760 2112 832 2156 καὶ
872 2113 1103 2171 συκάμινον
1142 2111 1387 2173 Αἰγύπτιον.
1431 2115 1627 2170 XV11‚2,
1650 2119 1675 2156 2
1705 2127 1750 2169 p.
1775 2119 1878 2158 822:
1924 2114 2143 2166 πλεονάζει
2181 2115 2228 2159 δὲ

252 2187 311 2239 (in
340 2187 580 2240 Aethiopia
610 2188 730 2229 circa
759 2188 952 2240 Meroen)
991 2193 1076 2230 τῶν
1109 2191 1252 2244 φυτῶν
1286 2185 1308 2229 ὅ
1336 2202 1382 2229 τε
1414 2186 1551 2244 φοῖνιξ
1579 2186 1652 2230 καὶ
1679 2185 1709 2243 ἡ
1740 2186 1898 2245 περσέα
1925 2187 2000 2230 καὶ
2030 2187 2053 2231 ὁ
2084 2186 2228 2245 ἔβενος

252 2257 324 2300 καὶ
353 2255 382 2314 ἡ
413 2256 598 2316 κερατία.
657 2263 694 2312 2,
721 2261 742 2299 4
774 2270 818 2312 p.
843 2262 945 2301 823:
986 2257 1016 2316 ἡ
1049 2258 1095 2301 δὲ
1126 2257 1283 2316 περσέα
1313 2257 1496 2303 ἐνταῦθα
1527 2261 1586 2313 (in
1615 2260 1836 2313 Aegypto)
1868 2259 1996 2316 μόνον
2027 2260 2101 2303 καὶ
2130 2256 2225 2318 παρ’

252 2326 442 2387 Αἰθίοψι,
485 2329 653 2388 δένδρον
692 2329 813 2388 μέγα,
857 2330 1019 2389 καρπὸν
1060 2329 1160 2389 ἔχον
1197 2329 1355 2389 γλυκὺν
1391 2331 1465 2373 καὶ
1502 2330 1646 2389 μέγαν.
1698 2331 1880 2374 Diodor.
1902 2334 1934 2386 Ι,
1958 2334 2026 2386 34,
2050 2336 2095 2375 7:
2141 2331 2229 2375 ἔστι
2279 2346 2282 2347 ’

253 2400 300 2444 δὲ
340 2403 398 2455 (in
435 2403 654 2457 Aegypto)
691 2401 763 2446 καὶ
800 2402 983 2461 δένδρων
1023 2401 1126 2461 γένη
1163 2401 1351 2458 πλείονα,
1398 2402 1471 2446 καὶ
1515 2402 1676 2446 τούτων
1714 2403 1758 2446 αἱ
1798 2403 1876 2460 μὲν
1917 2402 2229 2460 ὀνομαζόμεναι
2313 2456 2314 2460 ¹

252 2479 448 2534 περσαῖαι
486 2474 650 2533 καρπὸν
681 2474 882 2534 διάφορον
913 2473 1060 2535 ἔχουσι
1087 2475 1142 2533 τῇ
1165 2474 1410 2534 γλυκύτητι,
1450 2474 1774 2534 μετενεχθέντος
1812 2474 1855 2526 ἐξ
1886 2472 2113 2524 Αἰθιοπίας
2145 2474 2226 2520 ὑπὸ
2313 2467 2314 2487 ³

252 2544 425 2603 Περσῶν
455 2550 531 2590 τοῦ
564 2550 696 2604 φυτοῦ
727 2543 821 2592 καθ’
848 2547 893 2591 ὃν
913 2548 1056 2606 καιρὸν
1078 2544 1318 2605 Καμβύσης
1349 2547 1578 2606 ἐκράτησεν
1610 2545 1782 2590 ἐκείνων
1803 2554 1888 2591 τῶν
1907 2546 2062 2591 τόπων.
2112 2550 2224 2592 Plut.
2311 2536 2314 2560 ³

253 2619 308 2660 de
350 2619 466 2660 Iside
506 2621 552 2661 et
581 2620 754 2661 Osiride
787 2623 837 2661 68
884 2631 927 2673 p.
953 2623 1033 2662 378
1056 2620 1111 2662 C:
1148 2625 1233 2662 τῶν
1271 2615 1302 2661 δ’
1328 2618 1372 2663 ἐν
1403 2617 1609 2677 Αἰγύπτῳ
1647 2625 1790 2677 φυτῶν
1832 2618 2016 2676 μάλιστα
2055 2620 2111 2680 τῇ
2139 2618 2228 2678 θεῷ
2310 2610 2314 2631 ¹

253 2691 385 2743 (Isidi)
415 2688 704 2749 καθιερῶσθαι
724 2690 893 2748 λέγουσι
921 2691 1000 2749 τὴν
1031 2690 1226 2747 περσέαν,
1258 2691 1322 2734 ὅτι
1350 2691 1504 2748 καρδίᾳ
1536 2692 1613 2748 μὲν
1645 2691 1667 2734 ὁ
1692 2691 1854 2749 καρπὸς
1883 2691 2028 2750 αὐτῆς,
2058 2691 2225 2751 γλώττῃ
2310 2688 2314 2707 ¹

254 2761 301 2805 δὲ
328 2761 376 2804 τὸ
409 2761 568 2819 φύλλον
601 2761 751 2806 ἔοικεν.
810 2764 979 2805 Aelian.
1012 2764 1122 2805 Hist.
1154 2765 1289 2806 anim.
1320 2765 1394 2818 XI,
1429 2767 1504 2804 40:
1552 2763 1635 2821 ἐγὼ
1665 2763 1712 2805 δὲ
1741 2763 1812 2806 καὶ
1850 2763 2094 2807 πεντάποδα
2126 2764 2224 2820 βοῦν
2308 2761 2314 2776 ²

254 2832 514 2892 ἐθεασάμην,
546 2833 750 2891 ἀνάθημα
779 2835 843 2891 τῷ
865 2833 954 2891 θεῷ
973 2833 1082 2892 τῷδε
1114 2833 1157 2877 ἐν
1178 2835 1232 2893 τῇ
1259 2834 1379 2877 πόλει
1403 2835 1456 2894 τῇ
1477 2831 1778 2892 Ἀλεξανδρέων
1802 2836 1855 2895 τῇ
1888 2834 2068 2896 μεγοίλῃ,
2100 2835 2143 2879 ἐν
2163 2836 2224 2894 τῷ
2307 2846 2314 2892 -f

251 2901 447 2964 ᾀδομένῳ
475 2909 551 2949 τοῦ
576 2904 679 2949 θεοῦ
700 2905 829 2961 ἄλσει,
861 2904 965 2949 ἔνθα
994 2905 1165 2966 περσέαι
1193 2906 1404 2963 σύμφυτοι
1425 2905 1543 2950 σκιὰν
1565 2906 1803 2964 περικαλλῆ
1825 2907 1898 2950 καὶ
1918 2906 2038 2965 ψῦξιν
2060 2907 2225 2951 ἀπεδεί-
2312 2904 2314 2938 l

251 2993 415 3022 κνυντο.
454 2980 724 3021 Doctissime
744 2981 789 3020 et
811 2980 1072 3021 acutissime
1093 2979 1148 3020 de
1168 2990 1327 3032 persea
1349 2980 1696 3032 disputaverunt
1710 2980 1760 3021 H.
1773 2980 1984 3022 Jolowicz
2007 2983 2051 3021 et
2069 2982 2118 3022 A.
2132 2993 2223 3022 von
2306 2985 2307 3039 j

255 3051 520 3093 Gutschmid
542 3063 611 3104 ap.
632 3051 800 3104 Sharpe
817 3051 972 3092 Gesch.
995 3051 1252 3103 Aegyptens
1269 3052 1305 3090 ΙΙ
1328 3062 1369 3103 p.
1386 3054 1465 3092 253
1490 3054 1614 3092 not.⁴
1640 3053 1707 3092 ed.
1732 3053 1879 3094 Germ,
1902 3055 1946 3093 et
1967 3053 2223 3094 U.Wilcken
2305 3042 2307 3047 ⁴

251 3124 418 3165 Archiv
439 3124 513 3165 fiir
533 3123 982 3177 Papyrusforschung
1003 3124 1023 3163 I
1053 3123 1192 3174 (4900)
1223 3134 1267 3176 p.
1292 3126 1386 3164 427.
1446 3124 1510 3164 Ac
1529 3123 1790 3165 Wilckenus
1821 3124 2005 3177 quidem
2037 3125 2223 3166 demon·
2304 3130 2305 3139 ¹

253 3197 426 3250 stravit,
458 3198 503 3237 in
524 3197 727 3249 Aegypto
758 3197 848 3237 iam
869 3196 1179 3236 Romanorum
1211 3197 1355 3237 aetate
1377 3195 1622 3237 admodum
1653 3209 1802 3238 raram
1833 3196 1970 3238 fuisse
2000 3197 2222 3250 arborem,
2303 3197 2305 3235 Ξ

254 3271 305 3309 ut
334 3279 450 3321 quae
481 3269 717 3310 etiamtum.
747 3269 974 3310 exstarent
1004 3278 1182 3308 summa
1213 3278 1323 3309 cura
1352 3270 1731 3309 conservarentur
1760 3270 1804 3309 et
1834 3269 2101 3310 colerentur.
2153 3269 2223 3310 Sic
2302 3282 2305 3302 τ

255 3341 547 3393 Oxyrhynchi
591 3340 774 3393 quidem
826 3339 1060 3381 manifesto
1110 3350 1247 3380 unam
1297 3339 1433 3381 modo
1484 3351 1691 3392 perseam
1743 3341 2034 3393 superstitem
2084 3340 2222 3381 fuisse

254 3412 601 3465 (Oxyrhynchus
632 3412 795 3465 papyri
825 3413 842 3452 Ι
873 3423 916 3465 p.
940 3415 1014 3452 444
1055 3423 1095 3452 n.
1117 3411 1222 3464 LIII,
1246 3414 1269 3451 7
1308 3409 1530 3468 περσ(ε)ίαν
1564 3410 1661 3466 μίαν
1694 3409 1818 3454 οὖσαν
1851 3410 1894 3453 ἐν
1924 3411 1977 3469 τῇ
2009 3410 2116 3470 αὐτῇ
2146 3408 2221 3452 πό·
2301 3459 2302 3462 ¹

253 3481 332 3524 λει.
366 3488 403 3523 9.
426 3485 506 3535 40).
580 3483 736 3537 Neque
783 3495 890 3525 vero
930 3483 1099 3525 incolas
1146 3482 1280 3524 modo
1319 3493 1395 3524 eas
1433 3483 1617 3525 arbores
1656 3484 1861 3536 religiose
1899 3486 2068 3525 tutatos
2108 3493 2219 3536 esse,

255 3555 334 3596 sed
364 3555 499 3596 etiam
519 3556 761 3597 Arcadium
792 3557 1112 3609 imperatorem
1142 3555 1289 3596 edicto
1323 3555 1563 3607 (Cod.Iust.
1587 3556 1646 3596 XI
1669 3556 1736 3608 77)
1767 3558 1819 3596 ut
1847 3556 2221 3597 conservarentur

255 3628 551 3680 praecepisse.
611 3629 660 3668 In
691 3639 826 3669 nomo
856 3628 1081 3670 Arsinoita
1112 3624 1329 3682 (Fa‘cssiffim)
1361 3627 1512 3667 vicum
1535 3624 1699 3685 Περσέα
1730 3626 1940 3679 (Flinders
1971 3627 2114 3668 Petrie
2144 3637 2221 3678 pa·
2304 3656 2308 3666 ,

258 3700 359 3752 pyri
390 3699 427 3738 11
466 3709 507 3751 p.
533 3702 584 3739 25
625 3699 728 3739 n.X
752 3702 789 3753 4,
817 3703 955 3752 Ssqq.
1002 3697 1281 3758 χηνοβοσκῶν
1328 3695 1558 3753 βασιλικῶν
1603 3704 1686 3740 τῶν
1731 3698 1779 3739 ἐκ
1824 3695 2020 3756 Περσέας.
2072 3709 2114 3750 p.
2139 3700 2209 3737 444
