2314 3970
67 193 137 246 85]
493 191 776 232 Ptolemaeus
808 191 864 231 lV
895 192 1157 244 Philopator
1189 193 1427 244 (224-205
1451 205 1488 234 a.
1513 191 1641 244 Chr.).
1952 194 2050 244 135

162 381 186 421 5
215 362 482 437 Ἀρσινόης,
523 365 656 418 θεῶν
697 367 1075 437 Φιλοπατόρων,
1119 365 1125 436 Ι
1166 365 1304 427 Τέως
1337 358 1527 437 ’Ὤρου2
1575 364 1885 438 φυλακίτης3
1920 363 1936 437 ΙΙ
1972 366 2055 419 τό·-

209 472 304 504 που
317 455 338 487 4
371 449 698 520 Ἀμμωνιείου
712 455 747 504 5.

69 631 163 681 405,
187 630 224 669 2.
260 631 355 681 406,
380 631 418 669 3.
443 629 479 668 14.
512 630 610 680 423,
634 631 671 666 4.
693 630 731 668 2.
765 630 861 680 425,
886 631 923 668 2.
950 630 987 667 3.
1031 628 1128 679 474,
1153 630 1190 667 2.
1216 630 1237 666 3
1279 625 1485 682 βασιλέως
1517 624 1782 683 Πτολεμαίου
1820 626 1894 669 ’καὶ
1934 626 2050 683 βασι-

66 697 210 755 λίσσης
232 694 527 754 Κλεοπάτρας.
559 721 616 728 -
648 695 915 755 Πτολεμαίου
949 696 1020 739 καὶ
1039 694 1274 755 Βερενίκης
1307 701 1373 751 23,
1400 703 1437 740 4.
1471 703 1537 751 29,
1564 704 1599 740 4.
1623 704 1662 742 2.
1696 703 1762 753 33,
1787 704 1824 741 2.
1860 704 1926 753 75,
1950 703 1988 742 4.
2013 704 2051 741 2.

67 775 236 826 78,4.2.
288 768 556 826 Πτολεμαίου
577 769 650 812 ’καὶ
668 765 879 827 Ἀρσινόης
901 773 1074 823 55,2.3.
1097 773 1215 823 56,4.
1242 774 1408 823 60,4.2.
1433 775 1500 824 65,
1516 775 1552 812 2.
1578 773 1695 825 94,3.
1729 776 1849 826 93,2.
1896 769 2053 814 Πτολε-

65 841 190 901 μαίου
220 841 292 886 καὶ
324 838 605 901 Κλεοπάτρας
639 846 735 896 409,
760 847 798 884 4.
858 842 958 884 Non
997 841 1099 882 dico
1140 842 1256 882 hanc
1294 842 1438 894 legem
1470 855 1703 896 nunquam
1735 845 1934 898 migrari,
1974 845 2054 885 sed

64 918 185 958 certe
215 916 449 957 rarissime
479 915 526 957 id
555 915 627 967 fit;
668 916 780 956 mihi
812 926 932 956 nunc
962 925 1106 955 unum
1137 914 1396 967 exemplum
1429 917 1589 956 notum
1621 919 1689 957 est
1720 929 1760 957 n.
1787 921 1853 970 64,
1878 921 1893 957 4
1936 916 2053 970 βασι-

62 987 171 1035 λέως
202 985 469 1042 Πτολεμαίου
501 985 575 1029 καὶ
604 982 829 1045 Ἀρσινόης,
862 987 986 1039 quod
1017 988 1167 1027 tamen
1191 987 1340 1027 minus
1364 986 1624 1028 offensionis
1653 988 1790 1029 habet
1811 1000 1948 1040 quam
1980 990 2054 1029 hic

62 1061 221 1103 titulus
253 1072 309 1101 ex
330 1060 519 1101 Strackii
550 1060 933 1112 interpretatione.
986 1059 1163 1099 Etenim
1193 1069 1299 1099 cum
1323 1057 1520 1113 βασιλεύς
1554 1071 1786 1101 summum
1809 1062 2054 1114 imperium

63 1133 242 1186 indicet,
276 1130 496 1188 βασίλισσα
525 1143 649 1186 vero,
681 1131 763 1172 ubi
794 1131 848 1172 de
879 1142 1039 1184 uxore,
1083 1142 1254 1183 sorore,
1294 1131 1383 1173 filia
1415 1133 1532 1185 regis
1563 1136 1826 1186 usurpatur,
1866 1145 1958 1174 non
1998 1135 2056 1174 sit

64 1206 149 1247 nisi
179 1205 368 1247 honoris
398 1204 675 1247 vocabulum
708 1204 775 1256 (cf.
809 1216 849 1245 n.
876 1203 976 1257 4141),
1016 1204 1111 1244 sine
1143 1203 1282 1245 dubio
1314 1204 1459 1245 multo
1492 1206 1677 1246 maioris
1709 1207 1927 1247 momenti
1958 1208 2055 1246 erat

61 1279 182 1330 regis
213 1289 352 1330 quam
383 1278 562 1329 reginae
582 1276 725 1317 filium
759 1287 872 1318 esse.
896 1323 902 1329 ³
923 1275 1022 1317 Non
1055 1276 1214 1317 dubito
1246 1277 1357 1330 quin
1387 1277 1484 1317 fieri
1507 1279 1652 1330 possit
1683 1281 1734 1318 ut
1765 1279 1900 1319 etiam
1932 1278 2056 1319 aliud

71 1350 231 1392 similis
261 1350 566 1402 neglegentiae
597 1349 857 1401 exemplum
887 1349 1157 1390 inveniatur.
1218 1349 1275 1390 At
1315 1352 1556 1403 propterea
1596 1362 1687 1391 non
1726 1351 1830 1391 licet
1866 1351 2053 1392 eandem

66 1423 140 1463 hic
178 1424 389 1476 statuere,
431 1421 511 1463 ubi
557 1421 642 1462 alia
679 1421 991 1474 interpretatio
1033 1420 1280 1463 offensione
1328 1423 1511 1462 omnino
1551 1433 1706 1463 carens
1746 1425 1927 1476 praesto
1973 1424 2054 1463 est.

71 1495 246 1536 Etenim
277 1494 352 1535 illa
381 1491 453 1536 καὶ
484 1491 728 1550 βασιλίσσης
758 1488 971 1549 Ἀρσινόης
1003 1493 1060 1534 ab
1092 1491 1197 1550 ὑπὲρ
1229 1494 1439 1547 pendent,
1475 1496 1523 1535 ut
1554 1495 1651 1536 eius
1683 1496 1938 1549 Ptolemaei,
1970 1507 2054 1548 pro

69 1567 199 1608 cuius
231 1566 375 1608 salute
406 1566 628 1608 dedicatio
660 1566 722 1619 fit,
755 1577 844 1607 non
865 1567 1011 1607 mater
1042 1566 1121 1606 sed
1152 1578 1268 1607 uxor
1289 1567 1577 1618 significetur.
1630 1568 1807 1609 Etenim
1836 1568 1958 1621 quod
1991 1569 2056 1609 sic

69 1640 274 1680 materna
320 1639 448 1690 origo
497 1639 681 1679 omnino
723 1640 911 1691 tacetur,
960 1649 1050 1679 non
1090 1639 1186 1679 sine
1226 1639 1436 1691 exemplo
1471 1642 1539 1680 est
1586 1639 1651 1691 (cf.
1686 1652 1726 1680 n.
1751 1642 1818 1692 44,
1844 1644 1880 1680 3.
1924 1644 1990 1693 45,
2016 1644 2053 1680 4.

70 1715 137 1764 25,
164 1715 200 1752 2.
235 1714 302 1765 28,
326 1714 365 1753 2.
400 1714 468 1764 35,
492 1714 530 1751 2.
565 1714 633 1764 57,
660 1715 696 1751 4.
731 1715 797 1764 58,
822 1714 858 1751 4.
895 1714 990 1763 47ο,
1014 1715 1051 1751 4.
1098 1714 1193 1764 474,
1217 1714 1255 1752 2.
1291 1715 1385 1765 493,
1410 1716 1447 1752 8.
1488 1715 1584 1765 497,
1609 1715 1645 1752 2.
1687 1716 1782 1762 498,
1806 1711 1859 1763 2).
1922 1712 2056 1760 Quod

69 1794 177 1824 vero
210 1784 439 1825 Strackius
470 1784 593 1836 dicit,
633 1783 837 1824 ordinem
869 1783 1118 1824 verborum
1151 1783 1347 1837 obstare,
1389 1785 1634 1836 quominus
1667 1785 1850 1825 titulum
1888 1786 1953 1826 sic
1991 1786 2055 1825 in-

69 1858 385 1910 terpretemur,
418 1856 463 1897 id
486 1857 772 1908 redarguitur
793 1867 898 1896 cum
926 1856 980 1896 iis
1002 1867 1118 1908 quae
1139 1857 1268 1897 attuli
1290 1868 1331 1897 n.
1348 1860 1399 1897 92
1413 1856 1441 1909 1,
1475 1858 1574 1897 tum
1595 1858 1726 1898 titulo
1750 1869 1790 1898 n.
1811 1861 1934 1911 409,4
1957 1869 2053 1910 sqq.

81 1926 288 1985 βασιλεὺ]ς
322 1925 620 1983 Πτολεμα[ῖ]ος
651 1925 920 1982 Πτολεμαίου
953 1926 1024 1969 καὶ
1045 1923 1340 1986 Κλεοπάτρας,
1373 1926 1486 1970 θεῶν
1504 1922 1752 1986 Ἐπιφανῶν
1782 1929 1883 1982 κ[αὶ]
1913 1926 2056 1988 Εὐχα-

67 1999 228 2060 ρίστων,
270 1999 358 2054 [καὶ
397 1998 632 2055 βασ]ίλισσα
665 1995 924 2055 Κλεοπάτρα
964 1997 992 2055 ἡ
1025 2003 1098 2042 τοῦ
1133 1999 1339 2056 βασιλέως
1370 1999 1551 2057 ἀδελφή,
1592 2000 1686 2043 θεοὶ
1718 1998 2054 2060 Φιλ[ο]μήτορες.

65 2074 221 2128 Neque
251 2074 489 2115 offensioni
520 2077 601 2127 est,
641 2074 765 2126 quod
796 2073 879 2114 soli
911 2075 1074 2115 marito
1116 2076 1329 2127 paternae
1373 2075 1558 2127 originis
1591 2077 1696 2116 nota
1738 2076 1931 2129 additur,
1973 2077 2058 2117 etsi

66 2159 183 2189 uxor
213 2158 397 2200 quoque
427 2146 590 2187 eodem
621 2147 751 2199 patre
781 2147 886 2187 nata
917 2146 1013 2187 fuit.
1076 2146 1136 2187 Cf.
1171 2159 1211 2187 n.
1236 2150 1303 2200 28,
1329 2150 1344 2186 4
1372 2158 1469 2199 sqq.
1510 2145 1614 2202 ὑπὲρ
1658 2145 1866 2202 βασιλέως
1897 2145 2055 2190 Πτολε-

69 2217 193 2276 μαίου
224 2222 299 2260 τοῦ
331 2215 598 2273 Πτολεμαίου
628 2216 702 2259 καὶ
741 2216 988 2274 βασιλίσσης
1018 2213 1242 2275 Ἀρσινόης,
1283 2231 1421 2271 quem
1462 2220 1648 2260 titulum
1691 2221 1788 2273 ipse
1825 2221 2054 2262 Strackius

67 2292 370 2345 Philadelpho,
403 2303 493 2333 non
514 2291 759 2344 Euergetae
780 2291 992 2344 vindicat,
1025 2294 1070 2332 et
1095 2292 1204 2332 Bull.
1228 2303 1344 2332 corr.
1369 2292 1476 2332 Hell.
1500 2293 1601 2332 XIX
1634 2304 1676 2345 p.
1699 2296 1778 2333 379
1813 2305 1854 2333 n.
1874 2296 1940 2346 29,
1966 2297 2002 2334 2.
2029 2297 2050 2332 3

68 2361 265 2420 βασιλεὺς
297 2360 563 2420 Π[τολεμῆος
597 2361 812 2419 βασιλεῖος
844 2360 1103 2419 Πτο]λεμήω
1135 2362 1207 2404 καί
1239 2362 1459 2418 βασίλισσα
1489 2358 1714 2420 Ἀ[ρσινόα],
1759 2365 1839 2406 ubi
1871 2366 2054 2406 omnino

67 2436 189 2478 nulla
218 2438 287 2478 est
317 2436 604 2488 ambiguitas.
660 2435 807 2483 Quare
837 2435 991 2475 nullus
1024 2435 1198 2488 dubito,
1231 2436 1341 2488 quin
1372 2436 1459 2476 hoc
1490 2448 1673 2489 quoque
1705 2440 2054 2478 monumentum

67 2520 149 2563 per
178 2509 426 2551 Ptolemaei
446 2508 504 2549 IV
525 2508 825 2560 Philopatoris
847 2519 1038 2560 regnum
1062 2507 1320 2549 dedicatum
1344 2509 1415 2549 sit.
1563 2512 1587 2548 2
1620 2509 1871 2561 Utrumque
1892 2521 2055 2550 nomen

67 2580 342 2634 Aegyptium
372 2591 471 2622 esse
502 2591 648 2633 neque
690 2591 792 2621 raro
831 2580 876 2620 in
913 2581 1102 2632 papyris
1141 2582 1186 2620 et
1226 2580 1332 2621 alibi
1371 2591 1609 2621 occurrere
1647 2583 1802 2621 monet
1830 2582 2053 2623 Merriam.

72 2656 94 2694 3
132 2654 197 2695 De
235 2655 374 2695 huius
413 2653 726 2706 appellationis
767 2653 813 2694 vi
852 2664 959 2693 cum
997 2653 1175 2705 pridem
1207 2664 1482 2706 magnopere
1514 2654 1808 2695 dissenserint
1849 2655 2055 2696 homines

70 2726 204 2780 docti,
251 2737 371 2767 nunc
417 2727 508 2767 iam
553 2726 684 2779 plane
734 2727 923 2778 constat,
970 2725 1177 2766 homines
1216 2725 1367 2778 fuisse,
1415 2726 1494 2778 qui
1539 2727 1584 2766 in
1631 2738 1909 2779 unoquoque
1957 2728 2055 2768 loco

70 2798 262 2852 Aegypti
306 2799 536 2840 securitati
572 2798 785 2851 publicae
822 2799 1138 2850 prospicerent
1178 2800 1223 2838 et
1262 2799 1469 2839 homines
1508 2798 1740 2839 maleficos
1780 2801 2055 2853 coemerent,

70 2871 212 2924 probe
243 2870 582 2923 distinguendos
613 2871 712 2911 illos
744 2870 929 2922 quidem
962 2882 987 2911 a
1018 2869 1242 2911 militibus
1274 2872 1501 2911 exercitus
1533 2872 1655 2923 regii.
1708 2871 1767 2912 Cf.
1801 2871 2054 2912 Lumbroso

70 2942 348 2985 Becherches
378 2955 421 2997 p.
452 2946 534 2984 249
552 2954 650 2996 sqq.
700 2942 744 2984 U.
774 2942 979 2984 Wileken
1013 2943 1083 2983 Gr.
1115 2943 1305 2984 Ostraka
1336 2944 1354 2983 I
1384 2954 1427 2996 p.
1456 2946 1535 2983 402
1567 2943 1697 2984 Anm.
1721 2948 1759 2996 4,
1806 2944 1885 2996 qui
1927 2943 2056 2984 affert

0 3020 1 3025 ’
70 3015 268 3057 Flinders
299 3017 416 3056 Petri
441 3015 605 3068 Papyri
625 3015 663 3054 II
694 3026 737 3068 p.
755 3018 828 3056 444
868 3027 909 3056 44.
924 3015 1102 3068 XXXII,
1126 3015 1207 3068 2b,
1232 3018 1254 3054 3
1274 3026 1386 3068 sqq„
1419 3015 1500 3056 ubi
1521 3015 1750 3056 bubulcus
1772 3017 1850 3068 qui
1873 3027 2052 3067 gregem

71 3087 118 3128 in
147 3099 281 3140 agros
311 3089 499 3130 crotone
530 3088 730 3129 consitos
763 3088 1027 3142 immiserat,
1059 3089 1300 3141 propterea
1328 3089 1573 3140 phylacitis
1602 3088 1719 3128 tradi
1742 3088 1936 3128 iubetur.
1987 3087 2055 3128 Ad

73 3158 155 3201 hos
184 3160 394 3202 homines
423 3159 741 3201 sustentandos
772 3161 965 3213 vectigal
1005 3158 1307 3217 (φυλακιτικόν)
1347 3161 1464 3212 exigi
1507 3160 1691 3201 solitum
1734 3170 1832 3200 esse
1871 3159 2056 3200 adnotat

73 3231 205 3273 idem.
265 3232 517 3274 Praefectos
548 3243 710 3274 eorum
742 3230 1110 3290 (ἀρχιφυλακίτας)
1141 3233 1326 3285 quidem
1359 3233 1539 3273 Graecis
1571 3231 1830 3272 nominibus
1861 3232 1942 3283 uti,
1975 3231 2055 3272 sed

74 3303 189 3344 inter
218 3306 445 3357 gregarios
476 3305 612 3344 etiam
633 3304 882 3357 Aegyptios
914 3316 1178 3357 comparere
1209 3305 1423 3346 observat
1443 3305 1665 3345 Merriam.
1814 3305 1835 3343 4
1876 3303 2053 3344 Partem

0 3420 1 3426 χ
75 3375 211 3428 4404444,
256 3387 391 3428 quam
434 3377 529 3416 vim
569 3388 659 3417 vox
706 3377 802 3418 sine
841 3378 1153 3418 controversia
1198 3377 1345 3429 habet,
1393 3377 1466 3416 hie
1505 3385 1687 3427 quoque
1731 3375 2054 3427 interpretatur

5 3497 9 3509 ·
76 3446 294 3488 ΜΘΗ-444444.
356 3449 441 3489 Sed
485 3449 551 3489 sic
590 3448 712 3499 regio
757 3449 910 3501 plures
948 3450 1074 3490 vicos
1116 3449 1292 3502 (κώμας)
1331 3446 1718 3500 comprehendens
1759 3447 2053 3499 intellegenda

76 3521 206 3572 esset,
237 3532 342 3561 nam
377 3531 433 3561 ex
469 3521 540 3560 his
569 3517 704 3574 νόμου
736 3521 1035 3562 divisionibus
1070 3519 1200 3562 τόπον
1231 3521 1365 3560 latius
1394 3521 1548 3572 patere
1582 3530 1719 3571 quam
1751 3519 1902 3574 κώμην
1935 3531 2053 3560 4444440

78 3589 207 3641 plane
244 3593 431 3633 constat.
493 3590 622 3640 Quod
662 3602 767 3632 cum
805 3595 976 3646 pugnet
1015 3604 1119 3633 cum
1160 3593 1224 3633 eis
1263 3603 1379 3644 quae
1420 3591 1474 3632 de
1511 3591 1777 3632 Ammonieo
1821 3594 2053 3644 comperta

78 3658 298 3705 habemus
329 3664 433 3716 (not.
458 3664 511 3717 5),
543 3675 633 3705 vox
664 3665 737 3706 hic
759 3666 926 3718 volgari
958 3666 1016 3718 vi,
1049 3677 1139 3718 qua
1160 3663 1402 3706 cuiuslibet
1423 3665 1597 3716 generis
1628 3664 1778 3704 locum
1802 3663 2051 3716 significare
