2314 3970
136 175 238 246 v20⁴]
876 180 992 222 Silco
1023 179 1266 222 Nubadum
1298 193 1391 223 rex.
2016 189 2119 240 305

279 352 436 417 πων4,
484 348 644 418 ἦλθον
689 350 760 409 εἰς
798 347 1026 419 Τάλμιν5
1071 349 1157 403 καὶ
1202 349 1368 423 Τάφιν
1384 355 1418 404 6.
1467 353 1596 413 ἅπαξ
1645 354 1768 408 ὃύο7
1812 356 2118 429 ἐποίλέμησα

134 534 303 579 Attilae
344 534 502 578 minas
545 535 826 590 compescuit,
881 535 1086 580 Novades
1128 535 1436 593 Blemmesque
1479 537 1699 595 Ethiopian
1744 541 1984 599 prolapsos
2030 558 2117 600 per

130 605 325 650 Florum
342 605 686 650 Alemandrinae
714 606 843 650 urbis
865 602 1208 663 procuratorem
1237 608 1407 652 sedavit
1435 613 1475 653 et
1496 610 1674 666 pepulit
1701 626 1732 656 a
1754 611 1928 668 finibus
1947 614 2115 659 Roma-

129 691 312 722 norum.
370 680 660 732 Antiquiores
702 691 808 721 sane
849 681 964 722 duae
993 681 1194 733 reliquae
1226 683 1422 723 nominis
1462 683 1637 725 formae
1677 697 1702 726 a
1732 687 1959 739 Stephano
1990 699 2115 730 com-

131 752 423 804 memoratae,
455 762 510 792 ex
540 751 709 804 quibus
731 748 901 807 Νοῦβαι
929 752 1097 793 habent
1118 752 1278 793 Strabo
1299 753 1434 807 XVII,
1458 758 1498 807 4,
1522 758 1545 794 2
1577 766 1621 808 p.
1646 759 1727 797 786
1751 758 1847 799 Cas.
1880 757 1924 809 ἐξ
1953 757 2115 816 ἀριστε-

132 827 216 878 ρῶν
249 820 296 863 δὲ
335 826 412 878 τῆς
453 820 612 878 ῥύσεως
650 826 724 864 τοῦ
755 819 914 866 Νείλου
945 821 1114 878 Νοῠβαι
1151 827 1419 866 κατοικοῦσιν
1460 824 1505 867 ἐν
1542 825 1596 884 τῇ
1627 823 1782 888 Λιβύῃ,
1827 828 1938 888 μέγα
1975 829 2113 886 ἔθνος,

127 892 211 935 ἀπὸ
244 897 323 950 τῆς
345 889 520 952 Μερόης
544 892 770 951 ἀρξάμενοι
797 894 924 953 μέχρι
947 900 1032 937 τῶν
1056 893 1274 952 ἀγκώνων,
1310 894 1391 953 οὐχ
1422 893 1757 951 ὑποταττόμενοι
1786 904 1877 948 τοῖς
1906 899 2114 959 Αἰθίοψιν

128 958 221 1006 ἀλλ’
251 963 334 1021 ἰδίᾳ
371 964 482 1008 κατὰ
518 964 690 1013 πλείους
729 964 944 1021 βασιλείας
983 964 1286 1023 διειλημμένοι.
1346 970 1387 1021 ’1,
1411 971 1464 1009 53
1507 979 1551 1021 p.
1576 972 1657 1009 849
1700 967 2004 1028 Τρωγλοδύται
2041 974 2114 1016 καὶ

124 1033 354 1093 Βλέμμυες
384 1036 459 1078 ’καὶ
488 1033 669 1093 Νοῦβαι.
730 1038 1016 1080 Ptolemaeus
1045 1038 1116 1091 IV,
1141 1042 1180 1091 7,
1203 1040 1256 1079 40
1290 1050 1332 1092 p.
1360 1042 1455 1093 784,
1480 1043 1503 1079 2
1521 1051 1640 1093 sqq.:
1689 1039 1780 1083 εἶτα
1808 1039 1999 1100 Μολίβαι
2039 1046 2113 1088 καὶ

125 1105 413 1165 Μεγάβαρὸοι,
444 1108 516 1151 καὶ
536 1106 702 1166 Νοῦβαι
733 1108 1040 1166 δυσμικώτεροι
1061 1106 1307 1152 Αὐαλιτῶν·
1340 1108 1430 1153 εἶτα
1459 1108 1541 1152 ὑπὸ
1562 1111 1662 1159 τοὺς
1683 1109 1880 1169 Μολίβας
1900 1112 2111 1171 Βλὲμυες,

126 1177 309 1223 Nubaei
334 1192 445 1222 vero
475 1182 640 1234 legitur
670 1182 792 1234 apud
821 1182 1014 1223 Plinium
1044 1181 1096 1223 N.
1115 1182 1216 1223 hist.
1235 1182 1307 1235 VI,
1331 1186 1427 1224 ⁴92.
1488 1184 1553 1224 De
1585 1184 1771 1226 sedibus
1802 1197 1962 1228 eorum
1994 1200 2111 1241 quae

123 1253 309 1305 exponit
339 1253 513 1306 Strabo,
546 1264 599 1294 ea
629 1254 675 1294 in
706 1255 884 1294 sextum
917 1265 959 1306 p.
984 1253 1085 1294 Chr.
1117 1254 1350 1295 saeculum
1383 1255 1429 1295 in
1450 1256 1717 1297 universum
1740 1258 1978 1300 etiamtum
1999 1273 2110 1313 qua-

123 1324 253 1365 drare
283 1324 509 1378 videntur,
550 1326 636 1366 nisi
667 1325 791 1377 quod
819 1327 919 1365 tum
951 1336 1030 1366 eos
1060 1326 1196 1366 etiam
1229 1326 1434 1368 dextram
1465 1327 1554 1368 Nili
1591 1330 1738 1381 ripam
1770 1331 1971 1372 tenuisse
2004 1343 2110 1385 pro-

121 1395 271 1436 babile
310 1398 391 1437 est.
452 1396 488 1436 A
529 1396 917 1448 septentrionibus
957 1397 1174 1438 finitimos
1215 1398 1444 1439 habebant
1483 1399 1694 1452 Blemyas
1739 1403 1819 1454 qui
1863 1414 2010 1455 usque
2052 1404 2110 1445 ad

121 1468 330 1521 antiquos
367 1468 562 1520 Aegypti
600 1469 817 1510 terminos
855 1469 1155 1521 pertinebant.
1218 1469 1364 1522 Caput
1402 1471 1548 1523 gentis
1585 1472 1827 1513 Nubadum
1867 1476 1912 1514 et
1953 1475 2108 1516 sedem

119 1539 238 1591 regis
269 1539 384 1580 Silco
415 1540 507 1580 iam
539 1539 678 1581 fuisse
705 1540 910 1592 Dongola
941 1542 1126 1593 antiqua
1156 1538 1376 1596 (Donyola
1395 1540 1436 1584 el
1452 1537 1593 1596 adas),
1624 1543 1704 1584 ubi
1725 1555 1872 1596 usque
1894 1546 1949 1587 ad
1970 1546 2107 1587 finem

120 1611 288 1651 saeculi
319 1606 470 1664 quarti
505 1611 684 1665 decimi,
723 1623 813 1664 qua
843 1614 987 1653 aetate
1018 1612 1075 1653 ab
1106 1613 1334 1655 Arabibus
1372 1614 1507 1654 deleti
1548 1617 1667 1668 sunt,
1706 1626 1834 1668 reges
1866 1617 2107 1660 Christiani

118 1681 294 1724 Nubiae
324 1682 598 1736 residebant,
639 1683 734 1724 sine
766 1683 905 1725 dubio
937 1686 1060 1725 recte
1091 1686 1249 1725 statuit
1278 1686 1481 1738 Lepsius.
1540 1686 1854 1729 Meridionales
1884 1690 2107 1731 terminos

118 1753 210 1795 fere
240 1755 424 1795 eosdem
455 1755 594 1796 fuisse
624 1755 770 1796 videri
801 1757 938 1808 atque
968 1756 1212 1797 hodiernae
1242 1758 1504 1810 provinciae
1533 1755 1750 1813 Donyola,
1793 1771 1939 1812 prope
1977 1773 2106 1802 mon-

116 1827 210 1866 tem
241 1823 415 1869 Bartae
442 1828 487 1868 et
517 1829 766 1869 cataractas
796 1828 986 1869 vicinos.
1147 1830 1169 1868 4
1210 1829 1424 1870 Omnium
1454 1829 1729 1883 Aethiopum
1761 1832 2006 1884 imperium
2039 1834 2107 1874 in-

116 1899 235 1939 iuria
265 1909 317 1939 ac
346 1909 489 1951 paene
520 1899 711 1939 ridicule
743 1899 829 1940 sibi
859 1910 1070 1952 arrogare
1100 1900 1337 1954 Silconem,
1370 1902 1586 1953 quoniam
1609 1901 1845 1944 Abessinia
1875 1905 1920 1944 et
1939 1904 2104 1959 Axum,

117 1981 233 2022 quae
270 1970 502 2010 communi
540 1970 804 2023 Aethiopiae
842 1971 1208 2014 denominatione
1248 1974 1576 2027 contineantur,
1625 1976 1747 2015 certe
1787 1987 2020 2028 nunquam
2058 1978 2105 2018 in

115 2041 235 2082 illius
267 2041 444 2083 dicione
473 2042 652 2095 fuerint,
685 2042 873 2084 adnotat
900 2044 1051 2084 Franz.
1102 2044 1160 2085 At
1189 2045 1264 2085 hic
1294 2045 1560 2086 manifestus
1593 2057 1724 2086 error
1753 2049 1823 2088 est
1844 2047 1899 2088 de
1921 2049 2104 2090 nomine

113 2113 394 2167 Aethiopiae,
435 2126 524 2167 qua
555 2115 869 2157 Axomitarum
901 2118 1079 2157 montes
1109 2118 1408 2169 regionesque
1449 2115 1604 2172 (Time,
1634 2115 1858 2172 Amhara,
1896 2116 2102 2175 G‘odjam,

114 2181 273 2238 Schoa)
303 2197 413 2227 non
444 2188 770 2240 comprehendi
802 2189 1108 2229 certissimum
1141 2190 1222 2230 est.
1276 2189 1335 2230 Cf.
1369 2201 1410 2230 n.
1437 2189 1576 2230 49966.
1609 2194 1688 2230 200
1701 2189 1732 2232 5.
1785 2191 2104 2244 Exaggeratio-

112 2267 216 2297 nem
248 2258 476 2310 quandam
507 2260 554 2300 in
584 2260 671 2300 hoc
702 2256 814 2300 ὅλων
844 2265 929 2300 τῶν
961 2256 1183 2302 Αἰθιόπων
1222 2261 1371 2302 inesse
1411 2272 1502 2302 non
1541 2272 1667 2314 nego,
1708 2263 1924 2314 quoniam
1964 2275 2099 2305 nemo

111 2331 259 2370 totum
290 2329 554 2383 Aethiopiae
585 2331 807 2372 ambitum
840 2334 1042 2373 noverat.
1094 2331 1154 2373 Cf.
1186 2333 1476 2373 Ptolemaeus
1496 2333 1567 2385 IV,
1593 2336 1671 2386 7,4
1711 2345 1755 2386 p.
1779 2338 1875 2387 788,
1900 2338 1976 2376 ⁴3:
2015 2333 2101 2377 ἀπὸ

112 2399 158 2441 δὲ
190 2399 361 2457 δυσμῶν
391 2400 464 2443 καὶ
503 2400 770 2458 μεσημβρίας
801 2398 1020 2454 (Αἰθιοπία
1049 2401 1337 2461 περιορίζεται)
1370 2402 1572 2461 ἀγνώστῳ
1613 2403 1682 2460 γῇ.
1867 2410 1890 2446 5
1931 2406 2099 2448 Talmis

111 2471 259 2522 (hodie
290 2469 599 2526 Kalabscheh),
637 2474 761 2526 quod
793 2474 1014 2527 oppidum
1046 2475 1183 2516 etiam
1213 2487 1256 2519 n.
1279 2479 1324 2515 24
1340 2479 1376 2528 0,
1401 2479 1423 2516 5
1457 2478 1858 2530 commemoratur,
1899 2477 1978 2518 sed
2008 2478 2100 2518 illic

111 2542 296 2595 quidem
326 2544 458 2599 κώμη
490 2545 755 2599 appellatur,
788 2548 926 2598 caput
955 2546 1040 2587 fuit
1070 2547 1323 2599 Blemyum,
1356 2558 1496 2599 quare
1527 2548 1598 2588 his
1629 2547 1832 2589 subactis
1863 2548 1926 2588 ibi
1956 2550 2099 2601 potis-

111 2615 279 2656 simum
328 2617 417 2657 hoc
466 2620 815 2658 monumentum
864 2619 1162 2659 victoriarum
1213 2629 1401 2660 suarum
1463 2619 1728 2671 erigendum
1777 2622 1956 2662 curavit
2006 2633 2099 2662 rex.

113 2691 134 2726 6
174 2688 340 2740 Taphis
386 2690 473 2730 sita
512 2691 609 2730 erat
647 2692 750 2731 octo
788 2690 1091 2732 miliariorum
1133 2691 1448 2732 Romanorum
1487 2692 1727 2733 intervallo
1769 2692 1883 2733 infra
1922 2693 2098 2734 Talmin

110 2758 167 2799 ad
205 2760 353 2812 ripam
391 2760 480 2802 Nili
519 2761 632 2812 (ltin.
662 2761 824 2804 Anton.
854 2773 898 2814 p.
932 2763 1043 2814 464).
1104 2763 1460 2816 olympiodorus
1501 2764 1547 2804 in
1588 2764 1760 2816 Fragm.
1801 2765 1904 2805 hist.
1935 2765 2007 2805 Gr.
2037 2765 2096 2805 IV

109 2840 152 2882 p.
177 2833 228 2870 66
260 2831 312 2872 fr.
337 2836 387 2872 37
422 2843 527 2872 cum
558 2833 808 2875 rettulisset
828 2834 1026 2875 Primam
1057 2834 1163 2886 (not.
1189 2835 1272 2887 27),
1304 2836 1389 2876 etsi
1410 2836 1661 2877 Romanam
1685 2836 1907 2888 originem
1930 2848 2097 2877 nomen

108 2903 364 2956 testaretur,
403 2905 675 2957 iampridem
714 2905 1015 2947 barbarorum
1053 2917 1165 2960 esse,
1204 2907 1409 2959 adiungit
1446 2901 1538 2962 μεθ’
1572 2905 1727 2964 ἑτέρων
1764 2906 1977 2965 τεσσάρων
2018 2907 2096 2948 πό-

108 2970 232 3027 λεων,
264 2971 539 3029 Φοινικῶνος,
569 2973 758 3032 Χίριδος,
800 2974 999 3031 Θάπιὸος,
1030 2974 1263 3034 Τάλμιὸος.
1324 2978 1549 3020 Barbaros
1579 2979 1789 3031 Blemyas
1821 2990 1921 3020 esse
1951 2980 2095 3020 mani-

108 3043 274 3086 festum
305 3049 387 3100 est,
419 3049 688 3100 praesertim
719 3059 825 3090 cum
855 3050 1012 3102 paucis
1034 3050 1246 3091 versibus
1278 3052 1381 3092 ante
1411 3051 1586 3103 legatur
1614 3055 1698 3091 τῶν
1729 3049 1841 3091 κατὰ
1869 3050 1948 3106 τὴν
1981 3047 2094 3091 Τάλ-

110 3129 178 3170 μιν
211 3115 450 3174 βαρβάρων,
481 3117 576 3174 ’ἤτοι
605 3125 689 3161 τῶν
719 3117 978 3175 Βλεμμύων,
1013 3133 1180 3163 nomen
1213 3119 1348 3168 Θάπις
1379 3133 1490 3163 vero
1523 3134 1613 3163 non
1645 3123 1872 3174 discrepat
1903 3134 1928 3162 a
1957 3117 2094 3178 Τάφις

108 3187 194 3229 nisi
225 3189 592 3243 frequentissima
617 3191 693 3232 illa
723 3193 1010 3245 aspirationis
1037 3194 1316 3235 traiectione.
1466 3197 1488 3233 7
1529 3195 1559 3234 Ι.
1583 3205 1620 3234 e.
1646 3191 1719 3239 δίς.
1781 3193 1958 3233 Etenim
1980 3203 2093 3244 quo-

107 3260 223 3301 tiens
253 3263 366 3314 quid
395 3263 474 3304 fiat
505 3263 670 3316 Coptas
700 3276 793 3305 non
824 3265 1053 3318 adverbio,
1090 3269 1142 3306 ut
1173 3267 1367 3307 Graecos
1406 3268 1450 3305 et
1479 3266 1719 3317 Romanos,
1762 3264 1842 3305 sed
1879 3263 2092 3304 substan-

107 3332 201 3374 tivo
233 3336 374 3388 ΟΟΠ,
414 3336 538 3388 quod
568 3337 726 3376 nostro
757 3330 899 3390 ‘Mac’‚
938 3338 1271 3390 Francogallico
1302 3331 1417 3390 ‘fois'
1448 3337 1731 3389 respondeat,
1769 3335 1968 3376 indicare
1999 3336 2092 3376 ani-

109 3405 351 3447 madvertit
381 3408 583 3460 Lepsius.
646 3407 785 3456 Quale
822 3408 1160 3451 substantivum
1199 3421 1304 3450 cum
1341 3409 1414 3449 ille
1453 3409 1603 3449 scriba
1633 3408 1882 3460 Aegyptius
1921 3407 2026 3458 (not.
2054 3408 2090 3459 4)

107 3475 397 3532 desideraret,
439 3491 545 3520 eum
585 3479 854 3521 adverbium
893 3478 1003 3530 ἅπαξ
1042 3483 1089 3522 in
1127 3482 1226 3522 eius
1264 3481 1420 3521 locum
1463 3480 1754 3520 substituisse
1791 3490 1880 3520 non
1920 3479 2090 3519 mirum

110 3552 190 3591 est.
258 3551 371 3592 Cum
409 3553 570 3605 Lepsio
608 3553 696 3592 hoc
733 3552 790 3593 ad
835 3553 1077 3606 insequens
1124 3551 1373 3608 ἐπολέμησα
1409 3551 1576 3592 referre
1622 3551 1754 3604 malo,
1808 3562 1946 3603 quam
1983 3561 2089 3591 cum

108 3622 337 3674 prioribus
369 3625 425 3665 ad
457 3625 667 3677 superius
697 3621 849 3679 ἦλθον,
880 3625 965 3665 etsi
996 3627 1260 3678 argumento
1293 3635 1382 3666 non
1414 3624 1471 3665 ab
1498 3624 1622 3664 omni
1643 3624 1771 3676 parte
1801 3624 1901 3664 tuto
1931 3623 2089 3664 utitur.

193 3708 553 3752 Dittenberger,
577 3706 735 3741 Orientis
759 3707 817 3742 Gr.
839 3708 948 3742 inser.
984 3709 1014 3742 Ι.
1689 3712 1741 3748 20
