2314 3970
99 225 194 269 375}
737 218 1007 260 Mithridatis
1039 217 1280 271 Eupatoris
1310 216 1442 258 filius.
1974 219 2073 268 581

94 400 177 453 his,
200 396 467 453 priusquam
487 396 560 437 hic
583 396 696 449 lapis
718 395 1010 449 inveniretur,
1038 394 1228 435 Salletus
1250 394 1295 434 et
1315 393 1583 435 Reinachius
1606 394 1887 446 agnoverunt
1906 393 2078 434 Mithri-

14 475 15 519 }
94 472 244 513 datem
274 470 313 510 V
342 469 584 523 Eupatoris
624 470 815 522 patrem,
860 468 938 521 qui
978 478 1124 520 usque
1165 466 1221 508 ad
1263 478 1432 507 annum
1466 469 1544 507 ⁴20
1580 478 1616 507 a.
1651 466 1752 507 Chr.
1785 478 1828 507 n.
1860 467 2076 518 regnavit.

14 527 15 564 3
94 546 206 586 Sane
236 545 274 585 is
305 542 428 597 apud
458 543 704 596 scriptores
736 543 780 582 et
811 542 856 581 in
879 540 1010 582 titulo
1043 536 1281 598 Εὐεργέτης
1313 539 1566 592 appellatur
1599 537 1837 593 (n.366,2);
1870 539 1949 581 sed
1971 550 2076 580 cum

12 623 15 691 ὲ
91 618 179 659 hoc
209 626 459 669 cognomen
489 626 716 668 nusquam
747 615 794 654 in
834 614 1016 654 moneta
1046 612 1229 653 Pontica
1261 613 1522 664 compareat
1551 622 1699 664 neque
1730 613 1882 652 tamen
1912 611 2077 664 proba-

10 692 36 743 ’,ξ
90 690 179 731 bile
211 689 269 730 sit
299 688 568 732 Mithridatis
600 686 845 740 Eupatoris
876 687 1050 739 patrem
1084 696 1109 725 a
1142 684 1343 725 nummis
1374 682 1595 724 cudendis
1626 684 1757 737 plane
1789 683 2076 737 abstinuisse,

13 764 15 773 ’
89 761 283 804 eundem
300 760 558 801 habendum
577 770 677 800 esse
693 759 980 811 Philopatora
994 756 1336 809 Philadelphum
1354 758 1490 809 atque
1506 756 1788 809 Euergetam.
1821 756 1954 806 Quod
1971 768 2076 798 cum

90 836 187 876 iure
217 834 471 886 meritoque
493 833 752 886 displiceret
773 830 983 872 Eduardo
1005 830 1203 883 Meyero,
1226 829 1264 870 is
1286 831 1392 882 post
1412 829 1688 870 Pharnacem
1713 830 1767 882 (n.
1789 829 1909 882 3651)
1931 829 2076 871 filium

12 908 13 916 ¹
86 909 195 949 natu
237 907 456 948 maiorem
497 904 802 946 Mithridatem
843 903 1132 956 Philopatora
1167 901 1510 955 Philadelphum
1543 912 1755 954 regnasse
1791 903 1962 956 statuit,
2003 903 2077 944 cui

87 979 248 1022 deinde
265 979 561 1021 successisset
577 978 729 1019 minor
745 976 1027 1018 Mithridates
1043 975 1286 1027 Euergetes
1305 974 1476 1026 (Gesch.
1498 974 1576 1015 des
1592 975 1886 1027 Konigreichs
1903 976 2076 1016 Pontus

85 1065 128 1108 p.
149 1057 200 1095 55
220 1052 314 1105 sq.).
368 1051 551 1104 Utrique
594 1050 837 1091 oblocutus
869 1050 937 1090 est
966 1047 1015 1089 A.
1039 1059 1130 1089 von
1152 1047 1419 1089 Gutschmid
1451 1047 1497 1088 in
1536 1058 1726 1089 censura
1764 1047 1869 1089 libri
1906 1049 2076 1101 Meyeri

87 1126 164 1179 (Kl.
196 1124 416 1166 Schriften
446 1124 504 1164 III
534 1134 577 1176 p.
601 1122 698 1174 564)
731 1124 776 1163 et
812 1122 990 1175 primus
1021 1121 1227 1161 omnium
1270 1130 1483 1161 nummos
1521 1120 1793 1162 Mithridatis
1830 1121 2075 1174 Eupatoris

83 1199 173 1240 filio
205 1197 466 1251 cognomini
497 1195 753 1238 vindicavit.
806 1194 929 1243 Quae
961 1193 1186 1235 sententia
1217 1193 1307 1234 hoc
1333 1192 1469 1233 titulo
1504 1194 1683 1246 reperto
1716 1193 2075 1235 luculentissime

86 1270 381 1326 comprobata
412 1271 492 1311 est.
554 1268 670 1311 Nam
713 1268 790 1321 qui
830 1269 876 1308 in
915 1267 1006 1308 hoc
1048 1268 1117 1308 est
1146 1266 1427 1308 Mithridates
1458 1266 1724 1319 Philopator
1754 1266 2074 1320 Philadelphus

85 1356 230 1398 neque
261 1345 381 1386 idem
413 1354 519 1384 cum
553 1342 771 1394 Euergeta
803 1339 943 1382 fuisse
974 1341 1126 1393 potest
1156 1350 1304 1392 neque
1340 1338 1476 1381 frater
1507 1339 1617 1392 eius,
1661 1339 1876 1392 quoniam
1907 1340 2072 1381 horum

83 1418 324 1470 utriusque
344 1417 596 1458 Pharnaces
628 1415 757 1468 pater
787 1415 904 1466 erat3
937 1412 990 1454 cf.
1015 1413 1168 1454 lustin.
1192 1412 1431 1466 XXXVIII,
1457 1415 1492 1465 6,
1517 1415 1566 1454 2:
1604 1409 1673 1454 sic
1702 1414 1741 1454 et
1769 1424 1908 1454 avum
1935 1424 2074 1454 suum

83 1490 364 1544 (Mithridatis
386 1487 640 1542 Eupatoris)
672 1484 950 1530 Phasrnacen
979 1508 1036 1515 -
1063 1498 1146 1540 per
1175 1481 1488 1540 coynitionum
1517 1481 1717 1527 arbitria
1746 1482 2073 1527 succidaneum

82 1561 182 1619 reyi
208 1560 487 1618 Peryameno
517 1557 724 1603 Eumeni
750 1558 920 1602 datum.
981 1558 1108 1600 Adde
1147 1558 1271 1611 quod
1310 1558 1510 1610 reliquos
1551 1557 1757 1599 eiusdem
1789 1559 2073 1599 monumenti

81 1637 238 1678 titulos
277 1635 579 1677 dedicatorios
619 1635 727 1687 (not.
760 1633 798 1685 6)
841 1633 1150 1674 Mommsenus
1191 1631 1551 1672 luculentissime
1594 1630 1925 1673 demonstravit
1969 1633 2072 1684 post

79 1709 387 1752 Mithridatem
408 1708 446 1748 V
478 1708 707 1761 Eupatora
747 1718 773 1748 a
804 1705 924 1747 Sulla
965 1704 1195 1746 devictum
1228 1714 1480 1757 pacemque
1512 1714 1617 1745 cum
1650 1715 1702 1744 eo
1735 1703 1898 1745 factam
1931 1703 1997 1755 (84
2032 1716 2070 1744 a.

81 1783 181 1824 Chr.
212 1782 269 1834 n.)
302 1782 485 1823 demum
517 1781 684 1822 incisos
723 1789 835 1820 esse.
898 1779 1139 1820 Maximam
1179 1778 1224 1817 in
1264 1788 1315 1818 ea
1354 1788 1403 1818 re
1435 1777 1529 1818 vim
1570 1776 1707 1817 habet
1744 1776 1905 1817 titulus
1948 1787 2072 1818 com-

81 1856 231 1897 munis
263 1855 506 1907 Lyciorum
540 1854 583 1905 (1.
608 1853 654 1894 G.
678 1853 762 1893 Sic.
795 1854 840 1892 et
870 1852 919 1891 It.
955 1850 1065 1903 986),
1098 1850 1177 1902 qui
1207 1850 1254 1890 in
1286 1849 1427 1890 altero
1462 1849 1599 1890 huius
1631 1849 1910 1890 collectionis
1942 1849 2071 1890 volu-

81 1929 201 1969 mine
232 1928 475 1980 repetetur,
513 1937 603 1979 quo
637 1937 685 1966 se
716 1924 936 1966 libertatis
969 1935 994 1964 a
1024 1922 1240 1964 Romanis
1272 1932 1514 1963 concessae
1545 1922 1735 1974 gratiam
1767 1921 1934 1962 referre
1966 1932 2070 1974 pro-

80 2001 263 2042 fitentur
314 1995 547 2052 (restitutei
588 1995 643 2039 in
691 1994 925 2039 maiorum
966 1992 1252 2047 leibert[atem
1296 1991 1457 2047 Lucci]
1504 2017 1560 2024 -
1601 1991 1801 2047 [Λ]υκίων
1840 1992 1887 2036 τὸ
1925 1992 2070 2035 κοινὸν

78 2071 365 2129 κομισάμενον
405 2070 482 2128 τὴν
514 2068 688 2127 πάτριον
722 2066 1070 2126 δημ[ο]κρατίαν).
1131 2068 1177 2108 Id
1219 2067 1339 2108 enim
1379 2069 1479 2108 tum
1521 2066 1691 2109 factum
1731 2077 1831 2108 esse
1877 2067 2071 2108 testatur

79 2146 311 2199 Appianus
342 2144 488 2186 Mithr.
525 2146 591 2184 6⁴:
634 2140 764 2199 αὐτὴν
808 2139 961 2197 δὲτὴν
991 2134 1123 2183 Ἀσίαν
1165 2137 1493 2196 καθιστάμενος,
1520 2133 1676 2186 Ἰλιέας
1716 2137 1793 2194 μὲν
1834 2136 1907 2181 καὶ
1937 2136 2070 2186 Χίους

34 2251 36 2254 ,
77 2216 152 2260 καὶ
182 2214 364 2264 Λυκίους
395 2215 468 2258 καὶ
493 2208 681 2261 Ῥοδίους
711 2211 784 2256 καὶ
814 2209 1066 2271 Μαγνησίαν
1096 2209 1169 2254 καί
1197 2225 1314 2259 τινας
1345 2209 1517 2266 ἄλλους,
1560 2208 1589 2268 ἢ
1622 2208 1866 2270 συμμαχίας
1896 2208 2070 2267 ἀμειβό-

36 2318 37 2321 =
79 2304 205 2347 μενος
235 2287 263 2346 ἢ
297 2286 355 2332 ὧν
383 2286 451 2330 διὰ
481 2285 724 2344 προθυμίαν
757 2282 1043 2328 ἐπεπόνθεσαν
1067 2282 1117 2327 οὗ
1141 2281 1278 2339 ἕνεκα,
1310 2281 1566 2340 ἐλευθέρους
1597 2281 1716 2342 ἠφίει
1746 2282 1819 2325 καὶ
1839 2277 2069 2340 Ῥωμαίων

80 2361 291 2420 ἀνέγραφε
325 2358 487 2418 φίλους,
529 2358 572 2408 ἐς
603 2358 650 2402 δὲ
679 2357 733 2401 τὰ
760 2356 891 2401 λοιπὰ
927 2356 1066 2400 πάντα
1096 2355 1291 2415 στρατιὰν
1330 2355 1632 2416 περιέπεμπεν.
1693 2356 1863 2398 Eodem
1896 2359 2071 2410 spectat

80 2436 199 2489 regis
227 2433 546 2476 Ariobarzanis
577 2433 595 2473 I
626 2433 798 2486 titulus,
831 2431 1027 2473 instituti
1058 2442 1083 2472 a
1113 2430 1246 2484 Sulla,
1278 2430 1456 2484 expulsi
1487 2441 1513 2471 a
1543 2429 1800 2471 Mithridate
1827 2430 2068 2484 Eupatore,

81 2520 172 2562 quo
203 2508 382 2550 devicto
414 2519 439 2548 a
468 2506 681 2547 Romanis
713 2505 775 2546 illi
806 2515 996 2557 regnum
1029 2503 1342 2557 Cappadociae
1381 2502 1610 2544 redditum
1650 2504 1731 2543 est.
1794 2501 1925 2551 Quod
1963 2513 2067 2543 cum

79 2582 143 2623 ita
173 2582 244 2635 sit,
276 2582 322 2622 et
351 2591 456 2622 oum
487 2578 767 2621 Mithridates
799 2578 1000 2631 Eupator
1029 2578 1128 2630 ipse
1158 2577 1347 2630 propter
1378 2576 1649 2628 cognomina
1680 2576 1727 2615 in
1758 2586 1947 2616 censum
1979 2587 2069 2616 non

80 2655 244 2708 veniat,
285 2653 395 2695 nihil
426 2652 620 2705 relinqui
651 2651 737 2692 nisi
775 2652 827 2691 ut
856 2650 998 2691 filium
1031 2650 1129 2691 eius
1161 2659 1512 2702 agnosceremus
1551 2647 1771 2689 intellexit
1800 2649 2067 2691 Mommsen.

80 2727 136 2769 Et
165 2738 213 2768 re
245 2738 352 2768 vera
382 2726 522 2767 fuisse
553 2724 866 2777 cognominem
898 2723 1018 2764 illius
1056 2722 1200 2763 filium
1232 2723 1460 2774 constare;
1504 2720 1558 2762 cf.
1590 2720 1779 2775 Appian.
1811 2720 1958 2762 Mithr.
1993 2723 2066 2762 64:

80 2795 350 2857 Μιθριδάτης
381 2796 416 2839 δ’
438 2795 482 2844 ἐς
512 2796 583 2839 τὸν
614 2793 776 2840 Πόντον
817 2793 1050 2842 ἐσπλεύσας
1082 2791 1275 2853 Κόλχοις
1311 2789 1726 2850 καὶΒοσποριανοῖς
1765 2790 2068 2851 ἀφισταμένοις

82 2869 295 2928 ἐπολέμει.
335 2869 394 2914 ὧν
438 2865 603 2928 Κόλχοι
639 2868 709 2912 τὸν
747 2867 835 2912 υἱὸν
877 2862 969 2925 παρ’
1003 2866 1130 2911 αὐτοῦ
1169 2863 1440 2924 Μιθριδάτην
1491 2864 1668 2923 βασιλέα
1709 2863 1847 2923 σφίσιν
1886 2859 2067 2924 ᾐτοῦντο

81 2942 261 3002 δοθῆναι
290 2943 362 2986 καὶ
393 2941 592 3000 λαβόντες
623 2938 774 2984 αὐτίκα
805 2938 1052 2998 ὑπήκουσαν
1075 2972 1086 2984 .
1109 2937 1376 2987 ὑποπτεύσας
1409 2933 1439 2980 δ’
1466 2938 1487 2982 ὁ
1514 2936 1709 2995 βασιλεὺς
1738 2935 1835 2980 τόδε
1856 2936 1962 2994 πρὸς
1991 2940 2066 2980 τοῦ

8 3062 9 3069 ¹
80 3016 229 3064 παιδὸς
269 3014 397 3059 αὐτοῦ
437 3012 651 3072 βασιλείας
682 3011 992 3070 ἐπιθυμοῦντος
1030 3010 1238 3071 γενέσθαι,
1278 3010 1463 3059 καλέσας
1501 3009 1626 3054 αὐτὸν
1659 3009 1810 3067 ἔδησεν
1844 3007 1888 3052 ἐν
1920 3008 2067 3058 πέδαις

8 3074 9 3113 3
79 3092 259 3149 χρυσαῖς
287 3087 360 3130 καὶ
392 3082 481 3144 μετ’
504 3085 552 3129 οὐ
583 3084 691 3129 πολὺ
723 3084 957 3141 ἀπέκτεινε,
995 3083 1135 3128 πολλὰ
1173 3083 1388 3144 χρήσιμόν
1421 3082 1461 3126 οἱ
1491 3083 1587 3143 περὶ
1628 3082 1705 3140 τὴν
1736 3077 1869 3126 Ἀσίαν
1901 3080 1945 3125 ἐν
1976 3086 2066 3130 τοῖς

8 3170 9 3206 3
38 3167 40 3170 ’
81 3162 184 3221 πρὸς
215 3158 426 3218 Φιμβρίαν
457 3157 590 3218 ἀγῶσι
620 3158 858 3216 γενόμενον.
919 3160 969 3201 In
1000 3158 1136 3200 rebus
1169 3159 1325 3200 contra
1347 3157 1592 3199 Fimbriam
1624 3156 1761 3210 gestis
1788 3167 2066 3197 commemo-

8 3247 9 3268 ÷
81 3237 210 3278 ratur
240 3247 266 3276 a
295 3234 532 3275 Memnone
562 3232 684 3286 apud
716 3232 923 3274 Photium
954 3231 1062 3273 bibl.
1096 3231 1197 3272 cod.
1230 3233 1312 3271 224
1345 3242 1388 3284 p.
1413 3233 1486 3270 234
1513 3230 1556 3283 b,
1590 3231 1633 3269 44
1674 3228 1847 3270 Bekker
1879 3229 2064 3282 (Fragm.

81 3308 184 3351 hist.
208 3307 278 3348 Gr.
301 3307 357 3346 111
388 3316 429 3359 p.
453 3307 534 3347 543
554 3316 591 3345 c.
616 3306 682 3358 34,
701 3307 738 3346 2.
759 3304 810 3356 3).
861 3303 958 3353 Quo
986 3305 1118 3358 pacto
1141 3315 1251 3345 vero
1275 3303 1313 3344 is
1334 3303 1380 3344 in
1402 3302 1534 3343 titulo
1558 3313 1637 3343 rex
1659 3301 1923 3356 appelletur,
1957 3303 2065 3344 satis

84 3380 260 3421 difficile
309 3380 379 3420 est
428 3378 678 3431 explicatu;
729 3388 874 3430 neque
924 3377 1043 3418 enim
1095 3375 1150 3416 de
1186 3374 1411 3416 Colchidis
1456 3385 1608 3427 regno,
1660 3373 1783 3426 quod
1832 3373 2065 3428 Appianus

84 3452 424 3504 commemorat,
470 3450 656 3503 cogitari
687 3449 791 3491 licet
836 3461 940 3491 cum
987 3447 1313 3501 Gutschmidio,
1358 3446 1726 3500 quandoquidem
1765 3446 1853 3488 hoc
1894 3447 2065 3500 aliquot

85 3525 210 3566 annis
240 3526 346 3578 post
381 3534 541 3578 pacem
583 3522 767 3564 demum
807 3522 864 3564 ad
894 3522 1198 3565 Mithridatem
1239 3522 1348 3562 natu
1388 3520 1610 3565 minorem
1652 3518 1851 3560 delatum
1890 3521 1959 3561 est
1987 3531 2063 3561 ne-

85 3608 172 3649 que
214 3597 260 3637 in
304 3596 391 3637 illis
442 3595 698 3648 longinquis
743 3593 1005 3648 regionibus
1050 3595 1219 3635 tantam
1272 3592 1411 3633 fuisse
1455 3592 1761 3634 Romanorum
1813 3593 2062 3646 potentiam

85 3668 298 3710 credibile
352 3670 440 3721 est,
500 3669 553 3708 ut
611 3678 770 3709 eorum
832 3667 1049 3708 beneficio
1115 3667 1354 3719 acceptum
1409 3664 1576 3706 referre
1626 3664 1810 3706 deberet
1858 3676 2061 3718 regnum.

83 3741 139 3782 At
181 3743 493 3784 Mommsenus
541 3740 830 3793 sagacissime
873 3739 1222 3793 Paphlagoniam
1267 3737 1500 3793 intellexit,
1546 3738 1573 3779 i.
1607 3749 1644 3779 e.
1686 3738 2062 3780 mediterraneam
