2314 3970
73 247 142 300 83]
485 245 768 285 Ptolemaeus
799 244 854 284 IV
887 245 1147 298 Philopator
1179 246 1418 297 (224-205
1443 258 1479 287 a.
1504 246 1633 297 Chr.).
1953 249 2054 297 133

69 427 152 464 τῶν
181 425 335 478 χωρῶν
366 416 525 461 τούτων
557 417 795 476 ἐθήρευσαν
825 417 900 461 καὶ
929 418 1241 477 καταγαγόντες
1274 417 1333 468 εἰς
1355 417 1572 477 Αἴγυπτον
1602 417 1916 462 κατεσκεύασαν
1949 420 2053 477 πρὸς

67 493 143 549 τὴν
185 489 422 548 πολεμικὴν
468 489 628 549 χρείαν.
699 493 763 534 De
801 492 1079 546 Philadelphi
1119 493 1440 535 venationibus
1480 494 1684 535 Wiloken
1730 495 1953 546 provocat
1997 494 2054 535 ad

69 565 318 607 Diodorum
349 565 419 617 111,
444 568 510 618 36,
536 568 580 606 3:
623 562 644 606 ὁ
682 563 761 622 γὰρ
801 562 992 620 δεύτερος
1031 561 1313 619 Πτολεμαῖος,
1355 564 1448 624 περί
1487 580 1532 607 τε
1572 565 1650 623 τὴν
1689 571 1772 607 τῶν
1805 563 2051 622 ἐλεφάντων

67 633 265 694 κυνηγίαν
297 633 593 693 φιλοτιμηθεὶς
636 635 707 677 καὶ
747 640 836 683 τοῖς
876 633 950 682 τὰς
982 634 1241 692 παραδόξους
1280 634 1418 692 θήρας
1460 643 1543 679 τῶν
1577 635 1887 694 ἀλκιμωτάτων
1921 624 2050 694 ζῴων

69 706 335 763 ποιουμένοις
366 706 554 765 μεγάλας
585 705 811 764 ἀπονέμων
844 706 1017 764 δωρεάς,
1050 706 1190 749 πολλὰ
1221 706 1267 749 δὲ
1296 707 1500 766 χρήματα
1522 708 1770 766 δαπανήσας
1802 708 1862 755 εἰς
1892 707 2050 765 ταύτην

66 781 143 836 τὴν
185 777 411 836 ἐπιθυμίαν
452 777 684 835 ἐλέφαντάς
714 794 759 820 τε
801 778 980 838 συχνοὺς
1020 777 1279 834 πολεμιστὰς
1326 780 1652 838 περιεποιήσατο
1690 780 1874 824 καὶτῶν
1906 779 2049 824 ἄλλων

66 846 190 912 ζῴων
221 850 494 907 ἀθεωρήτους
524 850 597 893 καὶ
627 849 890 907 παραδόξους
913 849 1056 906 φύσεις
1087 849 1285 906 ἐποίησεν
1309 850 1368 898 εἰς
1389 857 1540 909 γνῶσιν
1574 851 1717 895 ἐλθεῖν
1738 857 1830 900 τοῖς
1852 845 2048 909 (Έλλησι.

65 929 114 968 In
154 926 333 978 regione
364 924 728 977 Trogodytarum
768 924 858 965 iam
900 922 1178 975 Philadelphi
1220 925 1365 964 aetate
1408 936 1433 964 a
1465 925 1625 977 Satyro
1664 925 1719 966 ad
1761 927 2048 967 venationem

65 999 406 1052 elephantorum
437 997 576 1038 misso
621 996 800 1038 condita
831 998 899 1036 est
931 996 1152 1036 Philotera
1192 995 1366 1044 (Strabo
1399 996 1513 1050 XVI,
1538 999 1575 1049 4,
1602 1001 1624 1037 5
1657 1008 1700 1049 p.
1728 1001 1806 1038 769
1840 998 1951 1051 Cas.‚
1993 999 2047 1039 of.

65 1083 106 1114 n.
132 1069 223 1122 352)
267 1069 323 1110 ab
354 1068 554 1109 Eumede
594 1068 740 1109 eidem
778 1068 957 1120 negotio
1008 1066 1233 1120 praefecto
1276 1067 1515 1108 Ptolemais
1556 1064 1812 1124 (Πτολεμαῒς
1854 1069 1958 1126 πρὸς
1995 1070 2050 1128 τῇ

65 1141 179 1200 θήρᾳ
214 1147 298 1184 τῶν
341 1139 582 1198 ἐλεφάντων
628 1141 787 1182 Strabo
818 1139 931 1193 XVI,
963 1141 1001 1192 4,
1026 1143 1048 1179 7
1082 1150 1124 1192 p.
1149 1142 1229 1179 770
1264 1139 1360 1180 Cas.
1410 1136 1650 1195 Πτολεμαῒς
1695 1139 1723 1195 ἡ
1771 1146 1854 1182 τῶν
1902 1139 2047 1198 θηρῶν

64 1213 271 1271 λεγομένη
302 1212 511 1267 Periplus
541 1225 651 1254 mar.
675 1213 912 1266 Erythraei
935 1216 956 1251 3
991 1222 1034 1264 p.
1053 1215 1150 1264 258,
1171 1215 1237 1253 Η.
1263 1214 1284 1252 4
1317 1223 1360 1264 p.
1380 1215 1477 1265 259,
1502 1212 1553 1264 6).
1602 1213 1888 1254 Ptolemaeus
1910 1214 2048 1255 Euer-

66 1290 188 1341 getes
219 1299 326 1329 vero
358 1287 404 1327 in
435 1287 591 1327 eadem
631 1297 710 1327 ora
744 1286 928 1325 ulterius
959 1296 1096 1337 quam
1138 1286 1266 1337 pater
1297 1295 1565 1337 progressus
1608 1288 1677 1327 est
1707 1286 1762 1327 ad
1794 1287 2045 1328 meridiem.

66 1359 126 1402 Cf.
158 1360 358 1401 Flinders
389 1359 534 1400 Petrie
565 1359 726 1411 papyri
759 1359 796 1397 II
827 1369 870 1410 p.
894 1360 975 1398 435
1010 1369 1050 1397 n.
1073 1357 1161 1410 XL,
1185 1360 1253 1398 22.
1277 1359 1328 1396 23
1367 1355 1440 1398 καὶ
1478 1356 1507 1412 ἡ
1551 1355 1807 1415 ἐλεφάντω[ν
1846 1356 1974 1415 θήρα]
2016 1357 2044 1415 ἡ

63 1426 106 1471 ἐν
137 1425 363 1485 Βερενίκηι
391 1424 512 1474 τέλος
544 1425 647 1485 ἔχει.
698 1438 740 1467 v.
765 1428 831 1466 27.
857 1429 908 1466 28
942 1419 1008 1481 ἀφ’
1036 1422 1083 1466 οὗ
1115 1422 1144 1479 ὴ
1170 1421 1455 1481 ἐλεφαντηγὸς
1487 1425 1562 1478 (sc.
1585 1426 1699 1478 ναῦς)
1731 1425 2044 1483 κατεποντίσθη

64 1502 108 1542 et
137 1511 252 1554 quae
282 1501 375 1541 not.
396 1504 419 1538 2
454 1499 509 1540 de
540 1500 844 1551 strategorum
875 1497 1182 1539 monumentis
1214 1497 1346 1539 allata
1377 1499 1495 1538 sunt.
1557 1497 1617 1538 Cf.
1650 1498 1699 1539 H.
1724 1499 1770 1539 R.
1794 1499 1891 1540 Hall
1923 1499 2043 1540 Clas-

64 1573 172 1615 sical
201 1573 383 1614 Review
413 1573 493 1612 XII
526 1575 634 1614 4898
667 1583 710 1624 p.
734 1574 816 1612 278
835 1581 932 1623 sqq.
984 1570 1194 1611 Ceterum
1225 1570 1307 1610 hos
1336 1581 1493 1610 omnes
1515 1581 1624 1611 cave
1647 1571 1875 1624 simplices
1909 1584 2042 1613 vena-

61 1647 186 1686 tores
217 1646 296 1686 aut
323 1646 592 1686 venatorum
622 1643 873 1697 praefectos
906 1640 1244 1699 (ἀρχικυνήγους)
1277 1643 1621 1696 existimaveris,
1664 1644 1708 1684 in
1741 1644 1868 1696 quod
1898 1645 2043 1685 homi-

63 1729 171 1759 num
210 1728 348 1770 genus
380 1716 618 1769 appellatio
659 1717 891 1771 στρατηγοῦ
930 1726 1019 1756 non
1060 1714 1200 1766 cadit3
1241 1715 1381 1755 immo
1414 1725 1621 1755 summos
1654 1716 1858 1756 omnium
1889 1727 2042 1756 rerum

63 1789 266 1830 civilium
297 1790 341 1830 et
370 1789 634 1830 militarium
665 1799 747 1841 per
767 1788 891 1828 littus
916 1788 1054 1827 maris
1071 1785 1312 1838 ‘Erythraei
1335 1786 1661 1838 gubernatores
1684 1787 1916 1829 habendos
1943 1799 2043 1829 esse

62 1863 183 1903 recte
215 1862 375 1902 statuit
404 1862 447 1901 P.
471 1861 623 1914 Meyer
652 1861 678 1901 l.
702 1860 727 1900 l.
876 1861 898 1899 4
940 1860 1011 1899 Sic
1038 1858 1256 1910 Wiloken‚
1290 1869 1393 1899 cum
1425 1858 1620 1911 Mahaffy
1653 1859 1792 1911 (Bull.)
1821 1858 1918 1901 τόδε
1950 1858 2042 1901 δεύ-

61 1947 180 1992 τερον
223 1933 446 1974 exhibeat.
505 1932 562 1973 At
600 1932 722 1973 idem
762 1931 852 1972 The
892 1932 1065 1983 empire
1104 1930 1151 1971 of
1184 1931 1260 1971 the
1301 1931 1542 1972 Ptolemies
1584 1942 1626 1984 p.
1651 1934 1725 1972 274
1765 1934 1855 1974 not.
1883 1935 1920 1986 4,
1962 1933 2040 1974 ubi

61 2005 243 2047 titulum
266 2005 532 2046 minusculis
563 2004 722 2045 litteris
745 2004 920 2056 repetit,
951 2002 999 2045 τὸ
1031 2001 1225 2058 δεύτερον
1257 2003 1375 2056 legit,
1407 2005 1458 2043 ut
1489 2004 1532 2044 in
1557 2004 1763 2057 exemplo
1787 2005 2040 2046 maiusculo

3 2062 5 2122 Ι
62 2079 335 2120 ΤΟΔΘΔΘΥ
372 2088 455 2130 pro
493 2078 686 2118 ΤΟΔΘΥ
727 2076 781 2118 ad
822 2076 982 2117 calami
1023 2075 1201 2128 lapsum
1242 2075 1388 2116 redire
1426 2076 1646 2117 videatur.
1717 2076 1814 2124 Qua
1851 2088 1899 2118 re
1940 2089 2040 2131 per-

64 2151 217 2203 specta
246 2149 420 2190 tollitur
451 2149 722 2201 ambiguitas
754 2160 779 2189 a
809 2147 1034 2200 Mahaffyo
1068 2147 1322 2200 observata,
1365 2148 1443 2200 qui
1481 2150 1558 2189 aut
1587 2146 1684 2189 τόδε
1717 2147 1909 2206 δεύτερον
1942 2148 2040 2198 (ἐστὶ

6 2215 10 2292 Ι
62 2219 354 2279 προσκύνημα)
386 2223 537 2262 mente
567 2221 781 2274 suppleri,
821 2222 898 2262 aut
930 2220 1159 2261 numerale
1190 2220 1246 2260 ad
1277 2217 1529 2266 ἀποσταλείς
1568 2221 1761 2262 relatum
1803 2221 1856 2261 de
1900 2222 2038 2263 altera

8 2298 11 2339 Ι
61 2293 220 2334 Lichae
252 2294 463 2347 strategia
493 2294 688 2345 intellegi
718 2303 853 2345 posse
886 2293 1013 2344 dicit3
1054 2304 1158 2332 nam
1190 2292 1305 2333 hanc
1336 2303 1472 2332 unam
1511 2293 1929 2345 interpretationem
1962 2294 2037 2334 ad-

10 2342 13 2407 Ι
59 2365 197 2406 mittit
225 2365 358 2407 lectio
387 2364 436 2407 τὸ
468 2362 677 2420 δεύτερον.

10 2412 15 2543 Ι

15 2573 79 2670 Ι
163 2594 236 2650 83
291 2599 435 2648 Basis
473 2598 692 2648 rotunda
729 2598 1000 2647 marmoris
1038 2598 1155 2663 albi,
1203 2597 1550 2647 Alexandriae.
1629 2598 1750 2647 Edd.
1796 2598 2034 2665 Comptes

17 2676 22 2759 Ι
59 2685 242 2734 rendus
269 2684 330 2734 de
355 2681 463 2734 I'ac.
494 2685 619 2734 des
607 2699 755 2734 1nscr.
791 2682 923 2733 1873
964 2700 1014 2750 p.
1040 2685 1157 2734 328.
1224 2686 1276 2733 Ε.
1307 2685 1463 2733 Miller
1500 2685 1672 2734 Revue
1699 2684 1835 2734 arch.
1867 2686 2029 2735 Nouv.

19 2771 23 2828 Ι
60 2771 184 2820 serie
220 2771 400 2821 XXVII
438 2767 612 2837 (4874)
649 2787 699 2836 p.
731 2771 812 2821 49.
888 2771 1132 2820 Nerutsos
1170 2771 1277 2836 Bey
1319 2765 1583 2838 Ἀθήναιον
1623 2772 1688 2819 ΙΙΙ
1733 2788 1784 2837 p.
1815 2773 1871 2820 84
1922 2788 1969 2821 n.
2004 2773 2021 2820 l

19 2838 26 2937 Ι
60 2851 137 2924 (Μ.
165 2858 219 2908 L.
249 2857 428 2907 Strack
465 2858 555 2907 Die
592 2858 834 2923 Dynastie
873 2858 963 2907 der
1000 2859 1284 2907 Ptolemaer
1320 2873 1370 2923 p
1402 2855 1504 2907 237
1544 2873 1592 2907 n.
1624 2856 1725 2922 54).

188 2995 348 3069 Υπὲρ
390 2999 636 3070 βασιλέως
675 2998 993 3068 Πτολεμαίου
1035 3000 1040 3068 Ι
1081 2998 1166 3051 καὶ
1209 2998 1504 3070 βασιλίσσης
1533 2995 1810 3070 Ἀρσινόης,
1852 2998 1857 3068 Ι
1899 2999 2029 3050 θεῶν

141 3097 164 3137 5
199 3084 555 3156 Φιλοπατόρων
572 3088 605 3153 1,
649 3084 654 3155 Ι
690 3081 1050 3156 Ἀπολ(λ)ώνιος
1071 3081 1350 3156 Ἀμμωνίου
1375 3084 1461 3138 καὶ
1498 3084 1514 3156 ΙΙ
1549 3083 1819 3155 Ἰἰμόκιον2
1852 3082 2031 3155 Κρισι-

197 3169 325 3224 λάου
362 3171 447 3224 καὶ
484 3169 547 3224 τὰ
585 3173 763 3225 παιδία
803 3172 808 3242 Ι
851 3172 1078 3244 Δήμητρι
1115 3172 1202 3226 καὶ
1239 3170 1384 3243 Κόρῃ
1425 3192 1512 3225 και
1551 3171 1855 3241 Δικαιοσύνη
1870 3174 1903 3224 3.

34 3359 35 3370 ,
170 3330 359 3381 Litterae
388 3332 594 3384 volgares
620 3334 797 3384 praeter
827 3334 966 3375 ΘΠΣ.
1117 3336 1134 3373 4
1179 3333 1240 3374 Cf.
1272 3344 1313 3373 n.
1338 3332 1430 3373 841.
1579 3334 1603 3370 2
1643 3330 1818 3372 Nomen
1849 3342 2027 3383 rarum;

35 3394 112 3462 les
143 3401 282 3442 Greek
318 3404 450 3444 inscr.
483 3405 528 3444 in
569 3404 645 3443 the
684 3404 851 3445 British
881 3405 1087 3446 Museum
1117 3404 1187 3458 1v,
1213 3408 1228 3444 4
1269 3415 1310 3456 p.
1336 3407 1388 3443 76
1429 3415 1470 3443 n.
1493 3402 1728 3454 DCCCCb,
1758 3406 1782 3442 2
1817 3402 2027 3453 (Halicar-

35 3442 189 3521 Yiliassi)
226 3470 430 3527 Τιμόκιον
462 3471 663 3532 Παμφίλο
668 3472 734 3530 [υ].
882 3480 904 3516 3
946 3477 1040 3518 Hoc
1071 3477 1291 3517 Graecum
1323 3485 1487 3515 nomen
1525 3474 1765 3525 aliquando
1804 3474 1910 3515 Isidi
1949 3476 2026 3516 tri—

39 3539 212 3587 'buitur
242 3545 307 3596 (cf.
340 3545 467 3599 Syll.2
487 3549 586 3599 763,
610 3546 663 3599 3),
694 3558 778 3588 nec
808 3559 909 3589 raro
941 3549 986 3589 in
1018 3546 1376 3589 dedicationibus
1408 3545 1684 3586 Graecorum
1717 3546 1787 3586 dei
1817 3546 2027 3600 Aegyptii

40 3598 196 3664 llatent
223 3616 308 3658 sub
338 3618 713 3671 appellationibus
745 3619 925 3662 Graecis
958 3620 1024 3672 (cf.
1056 3618 1182 3673 Syll.2
1204 3618 1339 3670 7621)
1391 3617 1443 3658 Cf
1469 3617 1604 3658 etiam
1638 3629 1677 3658 n.
1703 3621 1782 3659 407
1793 3617 1813 3648 3
