2314 3970
172 184 269 237 204]
908 185 1024 226 Silco
1055 185 1298 227 Nubadum
1331 198 1422 227 rex·
2048 189 2147 241 307

312 354 534 423 λίσκ(ος),
591 354 595 423 Ι
647 354 737 406 οὐκ
793 354 1021 424 ἀπῆλθον
1079 357 1208 416 ὅλως
1259 358 1416 410 ὀπίσω
1466 362 1562 411 τῶν
1615 356 1778 411 ἄλλων
1832 360 2095 430 βασιλέων,
2142 360 2147 429 Ι

314 437 446 492 ἀλλὰ
531 439 751 510 ἀκμὴνῖθ
828 439 1110 511 ἔμπροσθεν
1200 443 1377 496 αὐτῶν.
1447 442 1452 513 Ι
1522 442 1570 496 οἳ
1637 440 1736 515 γὰρ
1810 448 2149 516 φιλονικοῦσιν

315 523 417 595 μετ’
482 526 678 594 ἐμοῦῖῙ,
750 527 840 579 οὐκ
912 528 1084 598 οἰερῶῖ2
1141 527 1317 588 αὐτοὺς
1379 530 1782 600 κοιθεζόβμενοιῖ3
1843 533 1914 590 εἰς
1974 533 2148 603 χώραν

230 625 281 666 15
314 612 490 678 αὐτῶν,
566 613 610 663 εἰ
674 612 740 683 μὴ
815 611 1125 683 κατηξίωσάν
1200 634 1260 682 με
1331 613 1417 666 καὶ
1489 618 1937 685 παρακαλοῦσιν24.
1986 617 2002 689 ΙΙ
2049 619 2148 688 ἐγὼ

309 694 408 767 γὰρ
490 697 559 756 εἰς
634 696 770 750 κάτω
848 700 1033 770 μέρη25
1105 699 1232 763 λέων
1309 699 1433 768 εἰμί,
1510 699 1596 753 καὶ
1678 704 1748 762 εἰς
1831 703 1935 756 ἄνω
2022 705 2145 775 μέρη

163 897 432 958 (χωρισθείς).
472 900 769 954 Archeepigr.
790 901 932 942 Mitth.
949 912 1033 942 aus
1056 901 1336 942 Oesterreich
1355 902 1414 941 XI
1435 913 1477 954 p.
1493 904 1542 942 43
1561 915 1602 943 n.
1618 907 1684 956 55,
1698 907 1744 944 8:
1771 903 1999 962 χωρισθείς
2020 920 2065 947 τε
2087 905 2148 952 εἰς

162 969 384 1029 π[ατρί]ὃα,
407 973 713 1014 revocandum
738 974 819 1014 est.
861 973 1007 1014 Etiam
1030 973 1259 1014 vocalium
1285 975 1595 1025 pronuntiatio
1618 975 1931 1018 contnstonem
1955 979 2147 1019 aoristo-

162 1056 265 1085 rum
297 1042 538 1102 ἐχωρίσθην
571 1046 616 1085 et
638 1041 869 1103 ἐχωρήθην
901 1044 1158 1086 adiuvabat.
1295 1048 1346 1085 49
1385 1045 1626 1086 Letronnio
1648 1047 1735 1087 hoc
1758 1059 1841 1100 pro
1877 1047 2146 1106 ἐγεγωνόμην

161 1116 202 1167 (a
245 1113 423 1173 γέγωνα,
466 1113 676 1172 γεγωνέω)
716 1110 1012 1157 ‘renuntiatus
1061 1109 1177 1156 sum'
1218 1116 1458 1168 accipienti
1506 1128 1638 1159 nemo
1687 1118 1821 1159 hodie
1862 1122 2145 1162 assentietur.

160 1188 374 1229 Franzius
394 1188 662 1241 simpliciter
683 1199 768 1241 pro
801 1185 1008 1244 ἐγενόμην
1039 1187 1234 1228 incisum
1259 1187 1440 1228 iudicat.
1493 1188 1571 1229 Cui
1597 1190 1719 1241 quod
1742 1191 1931 1243 Lepsius
1958 1194 2147 1244 opponit

161 1271 250 1301 non
288 1254 407 1300 ‘cum
447 1255 614 1300 fierem'
645 1260 726 1301 sed
754 1253 875 1300 ‘cum
906 1259 1051 1300 factus
1089 1254 1252 1300 essem'
1281 1260 1530 1301 sententiae
1566 1262 1711 1302 tenori
1750 1264 2144 1305 accommodatum

155 1342 258 1372 esse
279 1331 473 1384 ideoque
505 1331 1001 1384 plusquamperfectum
1035 1331 1292 1385 desiderarI,
1325 1332 1590 1374 manifestus
1612 1344 1742 1374 error
1770 1336 1852 1375 est.
1912 1334 2026 1376 Nam
2059 1337 2147 1377 hoc

157 1403 311 1456 ipsum
350 1403 571 1455 significat
611 1403 670 1449 ὡς
708 1401 928 1460 ἐγενόμην,
967 1414 1113 1456 neque
1154 1404 1272 1444 inter
1302 1404 1523 1445 aoristum
1563 1408 1607 1445 et
1645 1406 2143 1460 plusquamperfectum

157 1476 302 1516 ullum
341 1475 579 1517 intercedit
614 1476 660 1516 in
702 1475 927 1517 eiusmodi
966 1476 1198 1517 enuntiato
1236 1477 1433 1517 notionis
1472 1477 1729 1519 discrimen.
1797 1479 1853 1519 At
1890 1479 2000 1520 illud
2046 1480 2144 1520 iure

153 1549 315 1589 contra
346 1548 582 1588 Franzium
621 1548 868 1601 monueris,
912 1548 948 1588 si
981 1548 1089 1588 nihil
1127 1548 1248 1589 aliud
1279 1548 1499 1590 voluisset
1538 1550 1737 1602 scriptor
1776 1551 1909 1604 tituli,
1949 1563 2038 1592 non
2077 1553 2143 1592 in-

157 1619 305 1671 tellegi
336 1619 568 1671 quomodo
603 1619 659 1660 ad
690 1619 812 1660 illam
843 1620 1006 1660 miram
1035 1619 1226 1660 formam
1250 1621 1547 1672 pervenisset.
1598 1622 1787 1674 Lepsius
1818 1623 1915 1674 ipse
1947 1623 2142 1664 scribam

156 1690 654 1744 plusquamperfectum
687 1691 871 1743 quidem
905 1691 1186 1732 desiderasse
1228 1693 1456 1744 opinatur,
1498 1693 1576 1733 sed
1616 1693 1662 1733 id
1700 1694 2056 1746 reduplicatione
2087 1696 2144 1736 ad

154 1762 379 1803 aoristum
411 1761 619 1819 ἐγενόμην
652 1762 824 1804 adiecta
855 1763 1050 1804 formare
1080 1774 1216 1816 posse
1247 1763 1334 1804 sibi
1355 1765 1507 1804 visum
1540 1775 1652 1805 esse.
1702 1765 1759 1805 At
1790 1776 1879 1806 non
1911 1767 2052 1807 sensit
2073 1769 2145 1807 vir

155 1834 460 1885 doctissimus,
494 1835 579 1876 hac
609 1835 684 1876 via
711 1834 919 1876 futurum
946 1834 1085 1875 fuisse
1116 1837 1167 1875 ut
1196 1832 1450 1892 ἐγεγενόμην
1482 1838 1756 1888 nasceretur,
1786 1847 1892 1878 cum
1923 1840 1967 1878 et
1998 1839 2142 1891 ipsius

154 1909 199 1946 et
238 1907 441 1958 priorum
483 1906 711 1947 editorum
753 1907 1012 1948 testimonio
1052 1908 1230 1948 constet
1267 1904 1524 1963 ἐγεγονέμην
1566 1909 1718 1960 potius
1758 1909 1802 1949 in
1841 1909 1999 1962 lapide
2028 1921 2140 1951 esse.

153 1978 260 2019 Mihi
294 1978 419 2029 origo
451 1979 619 2019 erroris
650 1979 695 2018 in
727 1978 966 2030 propatulo
999 1989 1098 2019 esse
1130 1978 1328 2019 videtur:
1362 1990 1467 2019 cum
1501 1978 1592 2020 duo
1616 1981 1767 2020 essent
1788 1980 2144 2035 plusquamper-

154 2049 268 2091 fecta
298 2049 503 2091 eiusdem
531 2049 662 2102 plane
693 2049 1046 2103 significationis,
1079 2051 1279 2090 activum
1312 2047 1519 2107 ἐγεγόνειν
1553 2053 1598 2091 et
1628 2051 1830 2093 medium
1862 2051 2139 2110 ἐγεγενήμην,

149 2131 208 2162 ex
253 2121 439 2162 confusa
482 2122 649 2163 horum
688 2122 911 2162 memoria
949 2124 1109 2162 natum
1149 2123 1215 2162 est
1259 2121 1460 2162 medium
1505 2119 1776 2179 ἐγεγονέμην,
1926 2128 1978 2164 20
2018 2126 2140 2167 Duas

150 2193 364 2234 novimus
395 2193 531 2233 huius
563 2192 766 2234 adverbii
788 2192 1157 2245 significationes;
1190 2195 1268 2235 aut
1298 2194 1419 2234 enim
1450 2194 1569 2234 idem
1592 2195 1806 2248 estquod
1836 2193 1945 2252 ἄρτι,
1977 2190 2143 2239 ‘modo'

153 2264 277 2315 (Xen.
308 2264 437 2305 anab.
467 2264 538 2318 IV,
572 2267 610 2318 3,
641 2267 694 2304 26
734 2262 806 2306 καὶ
836 2263 889 2306 τὰ
920 2262 997 2319 μὲν
1030 2263 1270 2321 σκευοφόρα
1306 2270 1390 2306 τῶν
1416 2259 1642 2321 Ἑλλήνων
1673 2264 1747 2308 καὶ
1779 2264 1800 2307 ὁ
1832 2265 1963 2325 ὄχλος
1994 2266 2138 2323 ἀκμὴν

153 2334 345 2391 διέβαινε)
376 2338 454 2378 aut
484 2336 603 2377 idem
635 2336 760 2389 quod
790 2333 850 2378 ἔτι
879 2331 1160 2390 ζθιίειῐιοῑιιιῐΰ,
1201 2348 1291 2391 qua
1322 2338 1595 2378 recentiores
1627 2338 1810 2379 demum
1844 2341 2039 2380 utuntur
2070 2340 2138 2393 (cf.

152 2407 329 2449 Lobeck
352 2408 407 2449 ad
430 2408 738 2460 Phrynichum
761 2407 929 2461 p.423),
961 2410 1168 2449 neutram
1191 2408 1280 2449 huc
1302 2409 1526 2460 quadrare
1548 2412 1749 2462 apparet.
1791 2411 1980 2463 Lepsius
2003 2413 2140 2453 inter-

152 2482 357 2532 pretatur
386 2475 561 2532 ‘immo,
600 2481 768 2532 potius,
810 2491 834 2520 e
865 2474 1118 2521 contrario’.
1171 2480 1255 2520 Sed
1286 2481 1326 2520 ei
1358 2482 1437 2532 qui
1468 2493 1492 2521 a
1523 2482 1717 2522 nominis
1748 2479 1867 2537 ἀκμή
1899 2484 1945 2524 vi
1977 2495 2030 2524 ac
2060 2496 2139 2525 no-

150 2553 272 2592 tione
303 2552 633 2607 proficiscetur,
671 2553 768 2592 veri
799 2551 994 2592 similius
1025 2551 1256 2593 videbitur
1286 2547 1450 2605 ‘valde,
1483 2564 1769 2606 magnopere,
1810 2550 1951 2607 longe'
1985 2557 2138 2608 potius

150 2624 223 2665 hic
254 2625 348 2664 vim
389 2624 592 2665 adverbii
623 2634 735 2676 esse,
777 2635 867 2676 qua
908 2623 1132 2664 indicetur
1171 2635 1276 2665 eum
1315 2635 1406 2665 non
1445 2625 1585 2665 modo
1627 2626 1897 2677 praecedere
1936 2628 2136 2680 reliquis,

150 2696 227 2737 sed
260 2697 392 2747 longo
425 2695 661 2737 intervallo
703 2706 781 2737 eos
822 2697 926 2748 post
956 2706 1004 2736 se
1036 2696 1302 2748 relinquere.
1451 2700 1496 2735 21
1548 2696 1608 2737 Cf.
1642 2698 1732 2738 not.
1757 2701 1794 2738 8.
1944 2701 1996 2738 22
2037 2699 2135 2740 Non

145 2768 468 2809 coniunctivus
513 2767 683 2820 aoristi,
736 2767 815 2808 sed
856 2766 1130 2809 indicativus
1170 2768 1420 2820 praesentis
1461 2779 1545 2820 pro
1583 2765 1743 2824 ἀφίημι
1780 2770 1836 2810 ad
1874 2771 2132 2823 exemplum

149 2839 398 2880 verborum
429 2840 766 2880 contractorum
798 2838 1032 2881 formatus.
1181 2842 1233 2879 23
1273 2839 1618 2881 Nominativum
1656 2841 1711 2882 ad
1744 2838 1787 2882 οἳ
1818 2853 1859 2882 v.
1885 2845 1936 2882 43
1970 2842 2136 2883 referre

147 2913 341 2952 conatur
369 2911 572 2963 Lepsius,
614 2910 955 2952 contortissima
992 2912 1211 2952 enuntiati
1251 2911 1608 2953 conformatione
1647 2914 1691 2953 et
1721 2915 1942 2954 sententia
1984 2915 2135 2955 minus

149 2983 325 3023 idonea.
379 2982 526 3030 Quare
547 2983 749 3034 praestat
774 2983 900 3034 gravi
921 2982 1191 3024 soloecismo
1222 2980 1505 3038 καθεζόμενοι
1534 2995 1617 3036 pro
1648 2979 1962 3039 καθεζομένους
1993 2987 2134 3038 scrip-

147 3057 248 3094 tum
280 3056 492 3104 statuere,
523 3065 613 3106 quo
645 3053 812 3095 iudicio
843 3054 1046 3107 profecto
1079 3055 1185 3095 huic
1204 3056 1378 3096 homini
1399 3056 1567 3096 nullam
1599 3055 1758 3097 feceris
1790 3057 2016 3097 iniuriam.
2066 3057 2134 3097 Ad

147 3125 270 3166 idem
291 3127 429 3178 igitur
449 3125 579 3177 redit,
611 3125 656 3165 id
680 3125 803 3177 quod
823 3125 1012 3179 Lepsius
1035 3127 1227 3180 negavit,
1261 3138 1314 3168 ac
1343 3139 1385 3168 v.
1406 3130 1457 3167 20
1492 3125 1571 3168 οὐκ
1601 3124 1698 3183 ἀφῶ
1731 3125 1882 3173 αὐτοὺς
1913 3125 2133 3184 καθεσθῆ-

147 3210 227 3238 ναι.
375 3199 428 3238 24
473 3196 765 3237 Enuntiatum
796 3199 1041 3250 praeterito
1073 3201 1280 3251 tempore
1311 3199 1573 3239 incohatum
1607 3200 1832 3252 praesenti
1864 3200 2131 3253 continuari,

148 3271 200 3309 ut
240 3269 382 3310 multa
429 3269 513 3310 alia
558 3270 605 3309 in
648 3269 735 3310 hoc
778 3270 925 3323 titulo,
971 3270 1183 3324 Copticae
1229 3271 1569 3312 consuetudinis
1614 3282 1714 3312 esse
1759 3272 1885 3311 notat
1931 3271 2131 3324 Lepsius.

149 3342 202 3380 25
239 3340 340 3382 Non
379 3341 583 3393 corporis
625 3342 777 3393 partes
817 3341 1049 3384 inferiores
1090 3345 1135 3383 et
1172 3344 1447 3396 superiores,
1488 3345 1540 3382 ut
1581 3342 1635 3383 de
1674 3342 1817 3394 figura
1853 3353 1907 3383 ex
1939 3343 2132 3384 diversis

146 3412 420 3453 animalibus
461 3411 647 3453 confusa
684 3412 830 3464 qualis
859 3414 927 3454 est
957 3415 1213 3455 chimaerae
1250 3413 1538 3465 cogitandum
1581 3414 1650 3466 sit,
1691 3413 1768 3454 sed
1800 3415 1947 3455 terrae
1978 3416 2131 3467 partes

148 3483 222 3523 hic
253 3483 482 3536 distingui,
514 3494 634 3524 nunc
655 3495 811 3525 omnes
832 3487 1133 3527 consentiunt.
1186 3486 1246 3526 Cf.
1278 3498 1319 3526 v.
1346 3489 1367 3525 9
1401 3482 1693 3543 ἀναχωρήθην
1725 3483 1785 3532 εἰς
1815 3483 1868 3526 τὰ
1897 3482 1986 3527 ἄνω
2020 3484 2129 3542 μέρη

147 3567 246 3607 μου.
305 3555 362 3596 At
407 3567 510 3596 cum
557 3555 769 3596 Franzius
812 3556 1034 3609 probante
1084 3557 1396 3598 Gutschmidio
1445 3557 1727 3609 superiorem
1772 3558 1939 3598 terram
1985 3558 2129 3611 ipsius

147 3626 279 3680 regis,
329 3626 586 3668 inferiorem
626 3637 735 3667 vero
776 3628 974 3670 hostium
1022 3629 1259 3681 Blemyum
1307 3629 1629 3681 interpretatus
1677 3630 1810 3682 esset,
1861 3629 2129 3670 Letronnius

1699 3712 1782 3754 20*
