2314 3970
159 179 263 228 654

841 176 1055 218 Addenda
1087 178 1132 217 et
1161 174 1447 229 Corrigenda.

274 351 330 392 ad
361 352 620 392 institutum
654 349 836 402 aliquod
867 350 912 389 in
943 348 1148 402 Aegypto
1179 349 1397 390 latissime
1428 351 1745 402 propagatum,
1785 349 1913 389 extra
1942 358 2042 389 eam
2074 348 2140 388 in-

276 424 496 475 auditum,
530 422 585 462 de
616 433 706 474 quo
739 433 885 474 nuper
916 421 1178 462 doctissime
1210 421 1421 475 exposuit
1450 422 1505 462 M.
1528 421 1573 462 L.
1596 421 1754 462 Strack
1785 419 2038 462 zeitschrift
2068 418 2141 461 fiir

274 495 344 535 die
376 493 826 535 neutestamentliche
859 493 1184 534 Wissenschaft
1222 493 1316 534 und
1356 493 1427 534 die
1457 493 1617 534 Kunde
1649 492 1728 534 des
1758 492 2141 534 Urchristentums

274 570 382 607 4903
426 577 468 618 p.
494 569 574 605 230
594 565 636 607 ff.
701 565 874 618 Nempe
916 576 1078 617 genera
1119 565 1343 618 quaedam
1385 565 1636 618 hominum,
1685 576 1801 618 quae
1838 565 2139 617 negotiorum,

273 638 503 691 domicilii,
537 637 815 679 condicionis
837 638 983 678 civilis
1006 638 1327 679 communione
1353 637 1716 691 continebantur,
1749 648 1805 678 ex
1835 648 1918 678 suo
1951 647 2139 677 numero

273 710 517 750 concilium
539 710 770 762 quoddam
791 721 1044 763 paucorum
1066 710 1291 751 sodalium
1322 710 1486 762 eligere
1516 709 1734 762 solebant,
1767 709 1845 762 qui
1875 718 2142 750 communes

272 793 345 822 res
390 782 780 835 administrarent;
829 783 874 822 hi
922 779 1196 839 πρεσβύτεροι
1242 781 1540 835 appellantur.
1612 783 1661 822 In
1706 781 1850 822 titulis
1896 781 2143 822 occurrunt

272 853 528 906 presbyteri
563 854 864 906 agricolarum
897 853 952 906 (οἱ
983 852 1261 909 πρεσβύτεροι
1291 859 1376 895 τῶν
1407 859 1604 910 γεωργῶν
1637 853 1708 894 vel
1737 856 1815 908 τῆς
1845 852 2029 908 κώμης),
2063 851 2142 904 qui

274 927 489 977 magistro
522 927 611 967 vici
647 925 890 984 (κωμάρχῃ)
921 926 1098 979 adsunt,
1132 926 1436 980 sacerdotum,
1479 926 1692 980 opificum
1727 923 1934 977 (τέκτονες
1964 922 2143 980 πρεσβύ-

271 1012 397 1056 τεροι,
437 996 476 1039 οἱ
514 995 790 1056 πρεσβύτεροι
827 1003 912 1040 τῶν
953 995 1246 1054 ὀλυροκόπων,
1287 996 1565 1054 πρεσβύτεροι
1605 995 1791 1055 γέρδιοι),
1834 999 2142 1039 mercatorum

275 1068 316 1124 (ἡ
348 1067 521 1116 σύνοδος
551 1074 636 1111 τῶν
669 1068 712 1111 ἐν
743 1064 1028 1126 Ἀλεξανδρείᾳ
1069 1068 1362 1126 πρεσβυτέρων
1401 1068 1615 1129 ἐγὸοχέων
1657 1081 1699 1123 p.
1725 1073 1798 1110 224
1839 1081 1880 1110 n.
1907 1070 2016 1122 ⁴40).
2077 1069 2143 1110 Ex

272 1143 360 1183 hoc
387 1142 717 1195 Aegyptiorum
751 1154 878 1183 more
908 1144 1066 1184 natum
1098 1153 1197 1184 esse
1227 1143 1489 1184 institutum
1519 1142 1897 1195 presbyterorum
1927 1141 2143 1183 ecclesiae

271 1214 549 1255 Christianae
581 1225 762 1256 summa
793 1226 899 1255 cum
929 1215 1027 1256 veri
1059 1215 1209 1268 specie
1240 1215 1434 1256 coniecit
1464 1214 1633 1256 Strack.

157 1288 200 1326 P.
227 1289 299 1326 304
339 1298 368 1326 n
404 1289 485 1327 200
520 1288 609 1328 not.
634 1290 700 1328 47.
763 1286 900 1328 Vocis
929 1286 1154 1344 νωτοφόρα
1185 1287 1605 1341 interpretationem
1635 1286 1906 1328 confirmant
1926 1286 2143 1328 Tebtunis

272 1360 437 1412 papyri
467 1361 484 1399 Ι
516 1370 558 1412 p.
585 1362 665 1400 482
698 1371 738 1400 n.
765 1362 859 1412 445,
883 1363 920 1400 7.
946 1362 998 1399 22
1029 1357 1292 1416 νωτοφόροις
1322 1362 1456 1415 πυροῦ
1486 1351 1537 1416 γ’;
1569 1371 1672 1401 nam
1695 1360 1771 1400 hic
1790 1370 1975 1412 quoque
1995 1359 2144 1400 active

273 1430 328 1471 de
359 1432 423 1471 eis
455 1432 534 1484 qui
566 1443 703 1472 onera
735 1431 870 1473 dorso
903 1431 1047 1473 ferant
1076 1434 1327 1485 usurpatur
1357 1443 1460 1485 vox,
1501 1442 1608 1473 sane
1640 1432 1695 1473 de
1734 1431 2013 1485 hominibus,
2053 1442 2144 1472 non

272 1503 557 1557 animalibus,
603 1504 683 1545 sed
720 1503 767 1545 id
811 1505 857 1544 in
903 1504 1229 1556 significatione
1274 1504 1491 1545 vocabuli
1535 1503 1789 1546 definienda
1833 1504 2001 1545 nullius
2046 1515 2143 1544 mo-

272 1577 412 1616 menti
444 1577 525 1616 est.

76 1631 83 1637 ’
158 1647 200 1688 Ρ.
224 1650 304 1687 343
338 1659 380 1688 n.
404 1651 500 1688 242.
546 1659 589 1701 p.
616 1651 696 1689 335
730 1660 771 1689 n.
795 1651 891 1689 249.
953 1648 1043 1689 Hos
1075 1649 1231 1690 titulos
1260 1647 1309 1689 A.
1331 1648 1564 1690 Briickner
1584 1648 1716 1690 Troia
1735 1648 1831 1690 und
1851 1648 1966 1689 Ilion
1996 1658 2041 1700 p.
2061 1649 2140 1688 464

271 1720 319 1760 in
348 1720 718 1773 ephemeridibus
748 1720 1098 1762 Atheniensibus
1139 1721 1336 1762 instItuti
1380 1722 1707 1774 archaeologici
1738 1720 1993 1762 Germanici
2024 1720 2142 1760 eIus-

272 1792 375 1833 dem
418 1794 522 1834 anni
564 1793 703 1845 (4904)
751 1804 800 1835 se
843 1794 1012 1834 iterum
1059 1805 1384 1847 expressarum
1423 1794 1653 1835 indicavit.
1715 1793 1802 1835 Sed
1847 1793 1894 1834 id
1939 1791 2141 1833 nondum

272 1864 440 1905 factum
472 1867 554 1906 est.

158 1937 198 1977 Ρ.
225 1939 305 1978 356
344 1949 384 1978 n.
410 1940 507 1979 225.
577 1938 763 1979 Gaetani
805 1938 860 1979 de
904 1939 1077 1979 Sanctis
1109 1938 1476 1980 observationem
1520 1938 1575 1979 de
1605 1949 1715 1979 vera
1753 1948 1974 1979 versuum
2014 1941 2052 1978 9.
2087 1939 2137 1976 40

271 2009 561 2050 distinctione
591 2012 636 2051 et
665 2011 897 2051 structura
929 2011 1033 2063 (not.
1057 2011 1094 2063 8)
1128 2011 1330 2063 primum
1360 2010 1532 2063 publici
1563 2011 1676 2051 iuris
1709 2010 1816 2051 fecit
1835 2009 2144 2051 Haussoullier

269 2081 419 2122 Revue
451 2082 505 2122 de
535 2082 782 2134 philologie
801 2082 944 2123 XXVI
969 2086 1078 2123 4902
1111 2094 1153 2135 p.
1178 2086 1275 2136 235,
1308 2082 1470 2123 deinde
1497 2094 1596 2124 eam
1629 2083 1814 2123 secutus
1835 2084 1906 2123 est
1934 2083 1980 2122 in
2002 2081 2143 2122 altera

269 2153 390 2193 tituli
421 2153 616 2195 editione
658 2142 840 2206 (Etudes
873 2165 953 2195 sur
983 2154 1131 2206 Milet).
1195 2154 1337 2195 Simul
1367 2159 1536 2207 monet,
1578 2165 1694 2207 quae
1730 2155 2012 2196 Rostowzew
2044 2154 2143 2194 Bei-

270 2227 394 2278 trage
440 2237 520 2266 zur
565 2226 684 2267 alten
730 2227 999 2268 Geschichte
1039 2228 1057 2266 Ι
1091 2230 1115 2266 2
1155 2238 1197 2280 p.
1231 2230 1312 2267 295
1332 2238 1429 2280 sqq.
1476 2228 1522 2267 et
1565 2227 1610 2268 Ρ.
1638 2227 1693 2267 Μ.
1724 2227 1876 2279 Meyer
1920 2226 2028 2267 ibid.
2067 2227 2086 2265 I
2118 2229 2140 2265 3

268 2309 310 2350 p.
335 2300 417 2338 424
435 2309 534 2351 sqq.
576 2310 631 2339 ex
661 2299 752 2340 hoc
789 2299 889 2340 loco
922 2299 1042 2339 tituli
1085 2299 1363 2352 collegerint,
1408 2300 1500 2340 iam
1539 2310 1595 2340 ex
1629 2300 1759 2352 parte
1794 2298 1987 2352 infringi,
2035 2298 2142 2351 quia

270 2381 412 2423 prava
452 2371 644 2412 lectione
686 2373 731 2412 et
772 2371 1143 2424 interpretatione
1183 2371 1349 2424 prioris
1391 2371 1602 2412 editionis
1652 2371 1867 2412 nitantur.
1926 2371 1992 2411 De
2030 2370 2142 2411 locis

270 2453 467 2494 quorum
509 2444 681 2485 mentio
721 2443 771 2484 fit
808 2444 855 2485 in
892 2445 1125 2496 postrema
1163 2444 1283 2484 tituli
1323 2445 1452 2497 parte
1483 2443 1615 2485 docte
1655 2445 1700 2484 et
1730 2444 1862 2484 acute
1892 2442 2143 2496 disputavit

269 2516 419 2557 Bruno
449 2516 546 2556 Keil
576 2516 730 2557 Revue
760 2516 815 2556 de
846 2516 1090 2569 philologie
1118 2516 1242 2557 XXV
1268 2519 1367 2557 4904
1408 2527 1452 2569 p.
1476 2519 1572 2569 423,
1605 2516 1683 2568 qui
1715 2515 1848 2557 docet
1876 2512 2010 2570 Βᾶριν
2042 2515 2142 2568 qui-

271 2587 374 2628 dem
406 2588 461 2640 (v.
487 2591 553 2629 36.
578 2590 643 2628 42.
671 2588 736 2640 47)
769 2599 1037 2642 comparere
1067 2589 1114 2629 in
1145 2588 1482 2642 subscriptione
1512 2599 1629 2641 quae
1659 2588 1705 2628 in
1727 2588 1913 2641 optimis
1933 2586 2143 2628 Aristidis

269 2660 468 2701 rhetoris
513 2660 748 2701 codicibus
793 2661 990 2702 orationi
1029 2661 1238 2702 XXXVII
1275 2673 1318 2714 p.
1352 2664 1446 2715 342,
1482 2664 1534 2702 25
1576 2659 1672 2701 Keil
1711 2660 1998 2701 subiceretur
2033 2654 2142 2714 Ἀρι-

269 2729 461 2784 σ[τείὸου]
481 2726 692 2787 Ἀθηνᾶ<ι>
723 2730 766 2773 ἐν
799 2729 931 2788 Βάρει
963 2731 1032 2774 ἐπὶ
1063 2729 1254 2791 Σευήρου
1286 2731 1511 2790 ἡγεμόνος.
1562 2733 1658 2773 Illic
1677 2732 1815 2784 igitur
1837 2732 2004 2774 Severo
2037 2743 2142 2784 pro-

270 2804 558 2844 consulatum
579 2803 711 2845 Asiae
736 2806 918 2857 gerente
939 2804 1184 2846 Aristidem
1215 2806 1333 2846 hanc
1363 2805 1612 2846 orationem
1637 2804 1976 2857 conscripsisse.
2026 2803 2140 2845 Nam

270 2876 393 2928 quod
424 2877 522 2929 ipse
553 2877 784 2930 quondam
816 2877 1006 2918 Hermae
1035 2877 1159 2917 XXV
1191 2889 1233 2931 p.
1260 2880 1339 2917 343
1373 2877 1428 2918 de
1459 2877 1719 2929 cognomini
1748 2877 1940 2918 Pisidiae
1971 2876 2140 2930 oppido

269 2948 594 3001 interpretatus
611 2951 743 3003 esset,
766 2950 811 2990 id
834 2949 1003 2991 factum
1020 2960 1132 3003 esse,
1156 2950 1262 3002 quia
1281 2949 1504 3002 oppidum
1526 2950 1643 2990 inter
1659 2949 1876 3002 Cyzicum
1899 2950 1944 2990 et
1959 2949 2140 2990 Parium

271 3020 409 3061 situm
441 3020 499 3062 ad
527 3021 574 3062 id
604 3023 787 3074 tempus
812 3033 902 3063 non
924 3023 1087 3063 notum
1109 3021 1269 3063 fuisset
1289 3022 1375 3063 nisi
1397 3033 1452 3062 ex
1473 3022 1747 3075 Byzantinae
1767 3021 1926 3062 aetatis
1948 3021 2140 3074 scripto-

270 3092 411 3145 ribus,
443 3094 506 3134 ita
536 3095 587 3134 ut
615 3093 824 3136 Aristidis
855 3096 1062 3148 tempore
1093 3094 1295 3135 nondum
1326 3093 1467 3135 fuisse
1497 3093 1744 3135 videretur.
1796 3094 1882 3134 Sed
1912 3104 2019 3134 cum
2049 3093 2138 3134 iam

270 3165 584 3206 testimonium
614 3165 811 3207 Aristide
842 3166 933 3207 fere
964 3168 1181 3220 quattuor
1211 3166 1404 3207 saeculis
1442 3166 1674 3218 antiquius
1705 3167 1977 3219 teneremus,
2017 3165 2139 3206 illam

271 3237 544 3291 opinionem,
577 3238 668 3279 iam
699 3251 725 3279 a
755 3238 824 3280 W.
848 3239 1078 3280 Schmidio
1109 3239 1222 3280 Mus.
1244 3239 1382 3279 Rhen.
1405 3239 1437 3279 L
1469 3250 1511 3292 p.
1538 3241 1618 3279 309
1650 3239 1977 3291 impugnatam,
2018 3248 2141 3278 nunc

270 3308 401 3361 plane
439 3309 678 3351 refutatam
717 3322 829 3352 esse.
890 3311 1098 3364 Namque
1137 3312 1284 3364 ipsam
1324 3311 1447 3351 illam
1489 3322 1579 3352 non
1609 3311 1769 3364 procul
1810 3322 1836 3351 a
1865 3309 2140 3363 Propontide

270 3381 405 3422 sitam
435 3382 568 3423 Barin
603 3383 846 3434 significari
887 3395 1105 3437 apparere
1150 3394 1205 3425 ex
1245 3383 1407 3436 Aesepi
1452 3385 1497 3424 et
1541 3383 1720 3424 delubri
1758 3383 1878 3424 Iovis
1909 3382 2139 3423 mentione

271 3453 466 3504 (Aristid.
491 3455 610 3496 Sacr.
633 3456 773 3496 Serm.
796 3455 865 3509 IV,
893 3459 959 3510 74,
992 3456 1088 3497 Vol.
1110 3457 1148 3497 II
1180 3467 1223 3509 p.
1244 3458 1338 3509 443,
1363 3459 1413 3496 40
1435 3467 1533 3509 sqq.
1567 3453 1588 3496 ὁ
1622 3452 1814 3511 Σεβῆρος
1845 3453 1867 3496 ὁ
1896 3458 1974 3511 τῆς
2004 3449 2138 3499 Ἀσίας

268 3520 440 3580 ἡγεμὼν
477 3524 614 3583 ἦρξεν,
653 3523 787 3582 οἶμαι,
828 3524 1006 3585 ἐνιαυτῷ
1044 3526 1248 3585 πρότερον
1279 3530 1354 3569 τοῦ
1396 3525 1610 3583 ἡμετέρου
1643 3525 1824 3585 ἑταίρου.
1865 3524 1918 3582 ῆν
1951 3524 1998 3568 δὲ
2028 3523 2137 3582 ἀνὴρ

272 3591 438 3651 ὑψηλὸς
476 3596 574 3645 τοὺς
614 3597 798 3656 τρόπους
835 3597 909 3642 ’καὶ
948 3597 1011 3641 ὅτι
1047 3598 1169 3657 γνοίη
1206 3599 1280 3641 ’καὶ
1319 3598 1544 3655 προέλοιτο
1585 3596 1663 3641 οὐκ
1705 3596 1754 3640 ἂν
1797 3596 1946 3655 ὑφεῖτο
1985 3594 2136 3639 οὐδενί.

271 3664 554 3723 διατρίβοντος
586 3669 631 3712 δέ
664 3685 745 3726 μου
777 3669 871 3729 περὶ
899 3671 971 3713 τὸν
1005 3668 1201 3729 Αἴσηπον
1238 3669 1332 3713 τότε
1362 3671 1435 3714 καὶ
1474 3669 1527 3713 αὖ
1558 3669 1654 3727 περὶ
1691 3669 1738 3712 τὸ
1779 3669 1890 3727 ἱερὸν
1927 3671 2003 3712 τοῦ
2035 3665 2136 3716 Διὸς
