2314 3970
151 182 251 235 244]
590 182 716 222 Dona
747 193 771 222 a
803 183 988 224 Seleuco
1020 184 1037 223 l
1067 181 1262 234 Apollini
1294 181 1519 234 Didymeo
1553 182 1705 222 missa.
2029 182 2130 232 327

295 355 453 421 ται,11
489 354 727 424 λαβόντες
768 350 896 406 αὐτὰ
938 353 1131 424 ἀγαθῆι
1163 353 1316 425 τύχηι
1357 352 1362 420 Ι
1405 352 1620 406 ἀπόδοτε
1659 353 1730 412 εἰς
1767 351 1821 405 τὸ
1865 352 2011 422 ἱερόν,
2052 350 2135 404 ἵνα

292 439 446 510 ἔχητε
486 439 709 492 σπένδειν
752 439 757 510 Ι
798 437 882 492 καὶ
918 440 1147 511 χρᾶσθαι
1187 439 1506 510 ὑγιαινόντων
1545 441 1689 510 ἡμῶν
1728 437 1814 491 καὶ
1853 436 2137 508 εὐτυχούνΙΙ-

205 539 258 588 20
289 546 385 578 των
403 528 445 561 ¹2
481 524 566 578 καὶ
604 531 693 596 τῆς
729 528 925 585 πόλεως
976 526 1309 596 διαμενούσης
1351 526 1485 584 σώας
1501 528 1542 561 13
1579 527 1647 585 ὡς
1696 524 1795 596 ἐγὼ
1836 523 1842 595 Ι
1890 524 2136 595 βούλομαι

294 611 380 665 καὶ
411 611 550 681 ὑμεῖς
573 611 898 683 (εὔΙχεσθεῙ4.
947 608 1115 682 (κατὰ)
1135 608 1235 680 τΙά)
1257 612 1650 681 ἐντεταλμένα15
1673 611 1678 682 Ι
1703 611 1757 664 δὲ
1789 609 2139 680 Πολιοίνῦηι16

293 698 380 750 καὶ
424 698 513 769 τὴν
565 697 806 752 ἀνάθεσιν
855 698 1148 768 ποιούμενοι
1189 696 1195 768 Ι
1236 700 1333 750 τῶν
1375 697 1763 767 ἀπεσταλμένων
1811 698 2137 751 συντελέσατε

206 798 260 838 25
291 784 379 854 τὴν
418 783 597 837 θυσίαν
640 790 647 854 Ι
688 786 748 855 ἣν
791 782 1164 854 συντετάχαμεν
1205 782 1470 853 αὐτ(ῶ)ι17.
1530 785 1962 854 συνεπιμελήθητε
1997 782 2014 853 ΙΙ
2053 782 2138 835 οὖν

294 869 377 923 ἵνα
414 870 620 941 γένηται
666 868 797 924 κατὰ
843 871 1038 941 τρόπον.
1103 873 1200 922 τῶν
1247 868 1302 922 δὲ
1355 868 1760 941 ἀφεσΙταλμένων
1777 873 1819 906 1⁸
1864 867 2141 942 χρυσωμά-

296 977 392 1010 των
450 955 533 1010 καὶ
601 955 990 1029 ἀργυρωμάτΙων
1048 957 1118 1015 εἰς
1183 954 1237 1007 τὸ
1299 955 1429 1026 ἱερὸν
1497 956 1825 1027 ὑπογέγραφα
1883 956 1995 1026 ὑμῖν
2052 956 2140 1026 τὴν

297 1045 513 1115 γραφήν,
559 1042 565 1113 Ι
604 1041 687 1097 ἵνα
734 1045 902 1113 εἰδῆτε
948 1041 1034 1095 καὶ
1080 1039 1142 1095 τὰ
1195 1041 1311 1113 γένη
1352 1040 1437 1094 καὶ
1476 1041 1557 1095 τὸν
1598 1041 1820 1112 σταθμὸν
1863 1041 1869 1112 Ι
1912 1041 2137 1094 ἑκάστου.

299 1128 576 1201 ἔρρωσσθε.

154 1333 297 1375 fusius
329 1333 559 1386 disputavi
591 1334 636 1373 in
668 1332 929 1385 pro‘ecdosi;
972 1343 1088 1385 quae
1120 1344 1239 1373 nunc
1281 1334 1485 1385 repetere
1517 1333 1626 1374 nihil
1665 1333 1837 1374 attinet.
1888 1332 2146 1374 Verborum

154 1406 266 1447 ordo
298 1406 450 1458 paullo
484 1406 755 1458 inusitatior,
786 1416 923 1458 quem
956 1407 1053 1446 tum
1087 1407 1261 1446 tutatus
1293 1416 1396 1446 sum
1428 1406 1561 1447 allato
1583 1405 1789 1459 Xenoph.
1813 1405 1952 1447 Anah.
1976 1407 2006 1458 Ι,
2029 1409 2068 1459 2,
2091 1409 2137 1446 24

152 1476 225 1520 καὶ
247 1475 311 1519 ὅτι
339 1477 523 1537 τριήρεις
547 1475 680 1533 ἤκουε
703 1475 1011 1534 περιπλεούσας
1038 1472 1105 1518 ἀπ’
1126 1472 1292 1523 Ἰωνίας
1316 1475 1376 1524 εἰς
1400 1473 1600 1520 Κιλικίαν
1623 1475 1817 1534 Ταμὼν
1851 1476 2040 1536 ἔχοντα
2069 1476 2146 1523 τὰς

155 1547 507 1606 Λακεδαιμονίων
537 1549 610 1591 καὶ
643 1548 770 1591 αὐτοῦ
803 1546 963 1609 Κύρου,
1003 1561 1124 1591 nunc
1154 1551 1292 1591 etiam
1331 1551 1607 1592 luculentius
1646 1551 1901 1592 defenditur
1939 1551 2146 1603 exemplo

155 1623 288 1676 plane
319 1624 497 1675 gemino
530 1623 650 1664 tituli
680 1634 722 1663 n.
748 1625 814 1676 42,
839 1626 1001 1676 sssqq.:
1045 1620 1149 1681 ὑπὲρ
1190 1625 1266 1669 τᾶς
1304 1620 1483 1676 {luciam
1522 1620 1571 1670 ἇς
1604 1620 1974 1676 [ἐξ]απὲσταλκε[ν]
2005 1623 2065 1680 τῷ
2103 1637 2149 1663 τε

155 1689 394 1752 Ἀσκλαπιῷ
431 1693 504 1737 καὶ
548 1698 640 1742 τοῖς
688 1692 836 1741 ἄλλοις
883 1692 1003 1741 θεοῖς
1048 1692 1266 1752 ἀπάγοντα
1306 1691 1638 1752 Καφισοφῶντα.
1710 1695 1965 1737 Polianthes
2014 1696 2149 1746 igitur

157 1778 323 1809 nomen
361 1767 445 1808 fuit
485 1768 631 1819 legato
663 1768 742 1820 qui
774 1767 891 1808 dona
931 1768 1049 1819 regis
1081 1768 1283 1808 Miletum
1324 1767 1592 1820 perferebat.
1742 1771 1788 1808 44
1829 1768 1900 1808 Sic
1931 1767 2149 1820 Cyriacus

157 1840 311 1891 (Riem.
343 1839 486 1891 Targ.)
520 1840 887 1882 ΠΑΡΑΓΙΝΗΤΑΙ
922 1839 1175 1880 Boeckhius
1198 1841 1294 1880 sine
1314 1839 1521 1880 lectionis
1543 1839 1775 1880 varietate.
1924 1843 1978 1880 42
2017 1837 2150 1894 εὐτυΙ-

156 1910 375 1969 χεστάτων
415 1911 633 1963 Cyriacus
674 1923 729 1952 ex
768 1912 1029 1952 testimonio
1068 1911 1309 1964 Targionii.
1476 1914 1526 1951 43
1567 1911 1690 1952 Hanc
1730 1922 1892 1952 vocem
1935 1912 2151 1952 omittunt

157 1984 307 2024 Chish.
339 1983 479 2036 Sher.‚
510 1994 657 2036 neque
688 1984 934 2036 quicquam
957 1985 1108 2024 variae
1138 1984 1347 2025 lectionis
1374 1995 1428 2024 ex
1452 1983 1643 2037 Cyriaco
1666 1984 1851 2025 adnotat
1871 1983 2149 2035 Targionius.

159 2055 243 2097 Sed
290 2056 563 2097 Riemannus
615 2055 728 2102 σώας
775 2057 820 2096 in
873 2066 957 2097 suo
1012 2056 1221 2110 exemplo
1269 2057 1517 2109 apographi
1564 2056 1740 2109 Cyriaci
1789 2067 1888 2097 esse
1941 2058 2149 2097 testatur.

161 2130 211 2169 44
255 2128 517 2170 Emendavi.
579 2129 750 2181 Locus,
809 2127 887 2169 ubi
943 2139 1088 2181 neque
1140 2129 1318 2182 Cyriaci
1369 2140 1515 2182 neque
1566 2128 1892 2170 Haussoullieri
1943 2128 2150 2180 exempla

158 2202 339 2253 praesto
380 2202 498 2252 sunt,
539 2202 591 2242 ut
621 2200 841 2242 Chishulli
872 2202 917 2241 et
948 2201 1159 2243 Sherardi
1197 2201 1333 2242 modo
1366 2201 1452 2242 fide
1485 2202 1657 2242 nitatur
1695 2201 1840 2254 lectio,
1884 2201 2152 2252 gravissime

161 2275 409 2326 corruptus
439 2275 509 2314 est
539 2274 583 2313 et
613 2274 801 2326 propter
833 2274 946 2313 mira
978 2273 1240 2314 discrimina
1271 2285 1389 2326 quae
1428 2274 1545 2314 inter
1577 2273 1837 2326 apographa
1868 2273 2153 2313 intercedunt

163 2345 331 2386 leniore
358 2345 532 2386 medela
564 2356 653 2385 non
677 2346 830 2397 potest
857 2345 1018 2386 sanari.
1067 2344 1274 2397 Namque
1308 2347 1397 2387 ΚΑΙ
1438 2346 1615 2386 ΥΜΕΙΣ
1647 2346 2154 2387 ΧΡΙΕΣΘΙΞΕΝΤΕΤΑΛ

164 2418 424 2459 ΜΕΝΗΙΤΗΙ
469 2416 606 2457 habet
645 2416 864 2467 Chishull,
914 2417 1907 2459 ΚΑΙΥΜΕΙΣΕΙΣΔΕΧΕΤΕΕΠΕΣΤΑΛΜΕΝΑ
1947 2417 2152 2458 Sherard.

161 2489 304 2530 Aliam
337 2490 459 2530 viam
490 2490 676 2530 secutus
707 2490 776 2530 est
798 2488 1107 2530 Haussoullier
1139 2490 1183 2530 in
1216 2489 1411 2530 editione
1442 2490 1707 2542 novissima,
1738 2489 1816 2542 qui
1849 2490 1938 2529 hoc
1968 2489 2153 2541 quidem

162 2561 260 2601 loco
283 2561 551 2613 simpliciter
572 2559 732 2602 scribit
763 2560 821 2607 ὡς
854 2557 939 2618 ἐγὼ
972 2558 1184 2616 βούλομαι
1213 2559 1287 2603 ’καὶ
1316 2558 1459 2616 ὑμεῖς·
1493 2557 1767 2619 εἰσδέχε(σθε)
1793 2558 1798 2616 Ι
1825 2558 1870 2601 δὲ
1894 2556 2154 2614 Πολιάνθην,

165 2633 238 2673 illa
269 2644 379 2673 vero
412 2643 529 2685 quae
560 2633 606 2673 in
648 2632 735 2674 fine
766 2644 928 2675 versus
967 2633 1135 2674 habent
1165 2633 1417 2674 Sherardus
1448 2635 1493 2674 et
1523 2633 1798 2686 Chishullus,
1838 2643 1893 2673 ex
1924 2644 1966 2674 v.
1991 2636 2042 2674 47
2086 2645 2156 2673 er-

166 2716 271 2746 rore
302 2706 490 2746 traiecta
529 2706 681 2758 sumit,
720 2705 801 2746 ubi
833 2705 1123 2747 scribendum
1156 2706 1216 2747 sit
1245 2703 1446 2761 λαβόντες
1478 2703 1584 2747 αὐτὰ
1614 2700 1775 2762 ἀγαθῆι
1803 2702 1933 2761 τύχηι
1964 2701 2156 2760 [ἀφ]εσ-

167 2774 483 2832 [σ]ταλμένα.
536 2776 669 2825 Quod
689 2776 875 2830 perfecti
907 2778 1198 2831 participium
1223 2778 1313 2818 illic
1333 2777 1517 2830 quidem
1539 2778 1768 2818 neminem
1791 2776 2154 2818 desideraturum

166 2847 314 2902 fuisse,
347 2850 433 2890 nisi
465 2849 544 2901 qui
574 2850 620 2889 in
651 2848 737 2889 fine
767 2861 810 2891 v.
835 2853 879 2890 24
920 2850 966 2890 id
998 2850 1218 2903 reperiret
1248 2852 1293 2891 et
1323 2851 1414 2890 iam
1444 2850 1820 2903 circumspiceret
1844 2861 2044 2902 quonam
2077 2860 2157 2901 po-

166 2921 395 2962 tissimum
426 2922 659 2973 transponi
681 2923 848 2975 posset,
881 2923 1045 2974 quovis
1070 2923 1260 2975 pignore
1292 2922 1508 2975 sponderi
1542 2922 1658 2963 licet.
1706 2921 1853 2970 Quare
1879 2922 1966 2962 hoc
1988 2921 2157 2962 violen-

165 2994 395 3034 tissimum
442 2994 719 3034 traiectionis
765 2994 1008 3036 artificium
1058 2994 1254 3048 probare
1308 3006 1501 3048 nequeo,
1549 2995 1634 3035 etsi
1682 2994 1852 3046 reliqua
1898 3004 2059 3034 versus
2102 2996 2147 3033 24

167 3065 420 3107 emendatio
454 3065 630 3106 facilior
661 3066 858 3119 cuipiam
882 3067 1092 3108 videatur
1121 3079 1259 3120 quam
1282 3078 1395 3108 mea.
1446 3068 1595 3108 Manet
1624 3068 1776 3108 tamen
1807 3065 1993 3107 offensio
2023 3077 2158 3118 quae-

168 3137 270 3178 dam
301 3138 346 3178 in
377 3134 679 3195 εἰσὸέχεσθαι,
721 3139 829 3190 quia
859 3138 1050 3180 verbum
1086 3151 1192 3180 cum
1223 3140 1309 3181 hac
1340 3139 1630 3192 potissimum
1666 3138 2005 3191 praepositione
2035 3148 2158 3178 com-

170 3210 370 3262 positum
403 3210 459 3250 de
490 3210 646 3262 legatis
678 3210 948 3263 recipiendis
980 3212 1202 3253 usitatum
1235 3223 1324 3253 non
1356 3213 1438 3252 est.
1588 3214 1640 3251 45
1682 3210 1900 3263 Supplevi
1932 3211 1978 3251 et
2007 3221 2159 3250 emen-

171 3281 286 3323 davi.
328 3282 388 3323 Cf.
412 3284 506 3323 not.
523 3286 537 3322 4
553 3284 589 3323 4.
718 3286 769 3322 46
810 3283 880 3324 Sic
902 3283 1119 3337 Chishull,
1143 3286 1299 3326 ΑΝΘΗ
1325 3284 1421 3325 sine
1443 3284 1536 3324 iota
1559 3283 1765 3324 Sherard.
1901 3285 1953 3322 47
1986 3283 2156 3324 ΑΥΤΟΙ

174 3353 301 3406 lapis,
333 3354 455 3407 quod
487 3354 819 3395 emendandum
841 3355 1054 3409 iudicavi,
1085 3356 1193 3409 quia
1223 3357 1358 3397 etiarn
1392 3367 1447 3396 ex
1469 3355 1725 3408 composito
1759 3351 2159 3411 συνεπιμελήθητε

173 3428 370 3479 apparet,
412 3426 467 3466 de
499 3427 563 3466 eis
594 3437 710 3478 quae
742 3426 960 3468 Polianthi
993 3427 1205 3469 mandata
1237 3428 1327 3469 sint
1365 3428 1438 3468 hic
1470 3427 1572 3468 dici.
1625 3427 1833 3467 Ceterum
1866 3437 1948 3479 per
1979 3425 2159 3467 inferio-

175 3507 270 3538 rem
299 3498 461 3551 lapidis
493 3500 670 3551 partem
703 3509 810 3539 cum
843 3500 1236 3541 accuratissimum
1271 3501 1505 3540 teneamus
1527 3498 1851 3540 Haussoullieri
1883 3499 2159 3551 exemplum,

176 3567 390 3611 Chishulli
412 3572 457 3611 et
478 3570 687 3611 Sherardi
719 3581 895 3612 errores
916 3572 1159 3625 plerosque
1182 3572 1359 3613 silentio
1380 3582 1588 3624 premere
1610 3571 1761 3612 visum
1793 3572 1875 3612 est.
2013 3575 2063 3612 48
2098 3571 2158 3611 Cf.

176 3642 265 3681 not.
289 3645 326 3682 7.
