<?xml version="1.0" encoding="UTF-8"?>
<!DOCTYPE html PUBLIC "-//W3C//DTD XHTML 1.0 Transitional//EN"
    "http://www.w3.org/TR/xhtml1/DTD/xhtml1-transitional.dtd">
<html xmlns="http://www.w3.org/1999/xhtml" xml:lang="en" lang="en">
 <head>
  <title>
</title>
<meta http-equiv="Content-Type" content="text/html;charset=utf-8" />
  <meta name='ocr-system' content='tesseract 3.04.00' />
  <meta name='ocr-capabilities' content='ocr_page ocr_carea ocr_par ocr_line ocrx_word'/>
</head>
<body>
  <div class='ocr_page' id='page_1' title='image "./orientisgraeciin01dittuoft_0607.png"; bbox 0 0 2314 3970; ppageno 0'>
   <div class='ocr_carea' id='block_1_1' title="bbox 76 217 2055 272">
    <p class='ocr_par' dir='ltr' id='par_1_1' title="bbox 76 217 2055 272">
     <span class='ocr_line' id='line_1_1' title="bbox 76 217 2055 272; baseline -0.002 -11"><span class='ocrx_word' id='word_1_1' title='bbox 76 221 172 272; x_wconf 68' lang='lat'><strong>383]</strong></span> <span class='ocrx_word' id='word_1_2' title='bbox 906 217 1156 259; x_wconf 84' lang='lat' dir='ltr'><strong>Antiochus</strong></span> <span class='ocrx_word' id='word_1_3' title='bbox 1188 219 1218 257; x_wconf 92' lang='grc' dir='ltr'>Ι.</span> <span class='ocrx_word' id='word_1_4' title='bbox 1951 217 2055 268; x_wconf 83' lang='grc'><strong>593</strong></span> 
     </span>
    </p>
   </div>
   <div class='ocr_carea' id='block_1_2' title="bbox 216 384 2059 548">
    <p class='ocr_par' dir='ltr' id='par_1_2' title="bbox 216 384 2059 548">
     <span class='ocr_line' id='line_1_2' title="bbox 216 384 2058 461; baseline -0.002 -19"><span class='ocrx_word' id='word_1_5' title='bbox 216 388 485 461; x_wconf 83' lang='grc' dir='ltr'>[Βασιλεὺς</span> <span class='ocrx_word' id='word_1_6' title='bbox 533 391 706 460; x_wconf 82' lang='grc' dir='ltr'>μέ]γας</span> <span class='ocrx_word' id='word_1_7' title='bbox 744 386 996 460; x_wconf 86' lang='grc' dir='ltr'>Ἀντίοχος</span> <span class='ocrx_word' id='word_1_8' title='bbox 1044 387 1164 448; x_wconf 80' lang='grc' dir='ltr'>θεὸς</span> <span class='ocrx_word' id='word_1_9' title='bbox 1205 388 1210 458; x_wconf 78' lang='grc' dir='ltr'>Ι</span> <span class='ocrx_word' id='word_1_10' title='bbox 1252 387 1458 448; x_wconf 83' lang='grc' dir='ltr'>Δίκαιος</span> <span class='ocrx_word' id='word_1_11' title='bbox 1502 384 1854 459; x_wconf 82' lang='grc' dir='ltr'>[Ἐπιφ]αν[ὴς]</span> <span class='ocrx_word' id='word_1_12' title='bbox 1903 387 2058 439; x_wconf 82' lang='grc' dir='ltr'>Φιλο-</span> 
     </span>
     <span class='ocr_line' id='line_1_3' title="bbox 219 470 2059 548; baseline -0.002 -20"><span class='ocrx_word' id='word_1_13' title='bbox 219 477 438 548; x_wconf 83' lang='grc' dir='ltr'>ρωμαῖος</span> <span class='ocrx_word' id='word_1_14' title='bbox 476 475 561 529; x_wconf 81' lang='grc' dir='ltr'><strong>καὶ</strong></span> <span class='ocrx_word' id='word_1_15' title='bbox 602 475 608 547; x_wconf 89' lang='grc' dir='ltr'>Ι</span> <span class='ocrx_word' id='word_1_16' title='bbox 651 477 940 546; x_wconf 84' lang='grc' dir='ltr'>Φιλέ[λλ]ην</span> <span class='ocrx_word' id='word_1_17' title='bbox 956 478 988 543; x_wconf 83' lang='lat'><strong>¹,</strong></span> <span class='ocrx_word' id='word_1_18' title='bbox 1031 477 1055 527; x_wconf 88' lang='grc' dir='ltr'>ὁ</span> <span class='ocrx_word' id='word_1_19' title='bbox 1097 478 1153 528; x_wconf 81' lang='grc' dir='ltr'><strong>ἐκ</strong></span> <span class='ocrx_word' id='word_1_20' title='bbox 1192 476 1437 546; x_wconf 84' lang='grc' dir='ltr'>βασιλέως</span> <span class='ocrx_word' id='word_1_21' title='bbox 1476 472 1826 545; x_wconf 81' lang='grc' dir='ltr'>ΜιθραὸάΙτου</span> <span class='ocrx_word' id='word_1_22' title='bbox 1866 470 2059 525; x_wconf 82' lang='grc' dir='ltr'>Καλλι-</span> 
     </span>
    </p>
   </div>
   <div class='ocr_carea' id='block_1_3' title="bbox 0 648 2080 2723">
    <p class='ocr_par' dir='ltr' id='par_1_3' title="bbox 0 648 2080 2723">
     <span class='ocr_line' id='line_1_4' title="bbox 187 648 2060 708; baseline -0.001 -17"><span class='ocrx_word' id='word_1_23' title='bbox 187 652 380 692; x_wconf 89' lang='lat' dir='ltr'><strong>Litterae</strong></span> <span class='ocrx_word' id='word_1_24' title='bbox 410 652 656 692; x_wconf 72' lang='grc' dir='ltr'>ΑΘΞΠΡΙΞ.</span> <span class='ocrx_word' id='word_1_25' title='bbox 717 649 824 708; x_wconf 80' lang='grc' dir='ltr'>ζῆτα</span> <span class='ocrx_word' id='word_1_26' title='bbox 861 650 1096 702; x_wconf 90' lang='lat' dir='ltr'><strong>antiquam</strong></span> <span class='ocrx_word' id='word_1_27' title='bbox 1135 649 1327 690; x_wconf 86' lang='lat' dir='ltr'><strong>formam</strong></span> <span class='ocrx_word' id='word_1_28' title='bbox 1363 650 1397 690; x_wconf 81' lang='lat'>1</span> <span class='ocrx_word' id='word_1_29' title='bbox 1438 648 1587 690; x_wconf 86' lang='lat' dir='ltr'><strong>habet.</strong></span> <span class='ocrx_word' id='word_1_30' title='bbox 1648 649 1785 690; x_wconf 81' lang='lat' dir='ltr'><strong>Tituli</strong></span> <span class='ocrx_word' id='word_1_31' title='bbox 1822 648 1959 689; x_wconf 89' lang='lat' dir='ltr'><strong>huius</strong></span> <span class='ocrx_word' id='word_1_32' title='bbox 2000 648 2060 688; x_wconf 88' lang='lat' dir='ltr'><strong>si·</strong></span> 
     </span>
     <span class='ocr_line' id='line_1_5' title="bbox 0 710 2062 794; baseline -0.002 -30"><span class='ocrx_word' id='word_1_33' title='bbox 0 710 1 794; x_wconf 43' lang='lat' dir='ltr'><strong>l</strong></span> <span class='ocrx_word' id='word_1_34' title='bbox 74 723 250 764; x_wconf 90' lang='lat' dir='ltr'><strong>millimi</strong></span> <span class='ocrx_word' id='word_1_35' title='bbox 281 724 326 763; x_wconf 91' lang='lat' dir='ltr'><strong>et</strong></span> <span class='ocrx_word' id='word_1_36' title='bbox 355 724 621 775; x_wconf 87' lang='lat' dir='ltr'><strong>argumento</strong></span> <span class='ocrx_word' id='word_1_37' title='bbox 653 724 698 763; x_wconf 93' lang='lat' dir='ltr'><strong>et</strong></span> <span class='ocrx_word' id='word_1_38' title='bbox 728 722 953 763; x_wconf 87' lang='lat' dir='ltr'><strong>sermonis</strong></span> <span class='ocrx_word' id='word_1_39' title='bbox 974 721 1150 762; x_wconf 90' lang='lat' dir='ltr'><strong>tumida</strong></span> <span class='ocrx_word' id='word_1_40' title='bbox 1170 720 1449 761; x_wconf 79' lang='lat' dir='ltr'><strong>verbositate</strong></span> <span class='ocrx_word' id='word_1_41' title='bbox 1471 720 1675 761; x_wconf 87' lang='lat' dir='ltr'><strong>eiusdem</strong></span> <span class='ocrx_word' id='word_1_42' title='bbox 1707 722 1826 773; x_wconf 90' lang='lat' dir='ltr'><strong>regis</strong></span> <span class='ocrx_word' id='word_1_43' title='bbox 1852 720 2062 761; x_wconf 85' lang='lat' dir='ltr'><strong>Antiochi</strong></span> 
     </span>
     <span class='ocr_line' id='line_1_6' title="bbox 0 792 2060 847; baseline -0 -13"><span class='ocrx_word' id='word_1_44' title='bbox 0 797 1 834; x_wconf 67' lang='lat' dir='ltr'><strong>l</strong></span> <span class='ocrx_word' id='word_1_45' title='bbox 71 796 202 836; x_wconf 87' lang='lat' dir='ltr'><strong>iussu</strong></span> <span class='ocrx_word' id='word_1_46' title='bbox 230 795 362 836; x_wconf 90' lang='lat' dir='ltr'><strong>incisi</strong></span> <span class='ocrx_word' id='word_1_47' title='bbox 392 796 499 836; x_wconf 90' lang='lat' dir='ltr'><strong>sunt</strong></span> <span class='ocrx_word' id='word_1_48' title='bbox 529 795 788 847; x_wconf 87' lang='lat' dir='ltr'><strong>Samosatis,</strong></span> <span class='ocrx_word' id='word_1_49' title='bbox 821 793 944 847; x_wconf 89' lang='lat' dir='ltr'><strong>quod</strong></span> <span class='ocrx_word' id='word_1_50' title='bbox 975 795 1113 845; x_wconf 88' lang='lat' dir='ltr'><strong>caput</strong></span> <span class='ocrx_word' id='word_1_51' title='bbox 1143 793 1268 845; x_wconf 87' lang='lat' dir='ltr'><strong>regni</strong></span> <span class='ocrx_word' id='word_1_52' title='bbox 1299 794 1408 846; x_wconf 91' lang='lat' dir='ltr'><strong>erat,</strong></span> <span class='ocrx_word' id='word_1_53' title='bbox 1442 792 1570 844; x_wconf 89' lang='lat' dir='ltr'><strong>(infra</strong></span> <span class='ocrx_word' id='word_1_54' title='bbox 1600 804 1644 833; x_wconf 91' lang='lat' dir='ltr'><strong>n.</strong></span> <span class='ocrx_word' id='word_1_55' title='bbox 1666 794 1763 844; x_wconf 90' lang='grc'>404)</span> <span class='ocrx_word' id='word_1_56' title='bbox 1806 794 1851 833; x_wconf 90' lang='lat' dir='ltr'><strong>et</strong></span> <span class='ocrx_word' id='word_1_57' title='bbox 1882 793 1927 832; x_wconf 93' lang='lat' dir='ltr'><strong>in</strong></span> <span class='ocrx_word' id='word_1_58' title='bbox 1957 793 2060 833; x_wconf 89' lang='lat' dir='ltr'><strong>vico</strong></span> 
     </span>
     <span class='ocr_line' id='line_1_7' title="bbox 75 862 2062 924; baseline -0.001 -16"><span class='ocrx_word' id='word_1_59' title='bbox 75 863 196 909; x_wconf 73' lang='lat' dir='ltr'><strong>Selik</strong></span> <span class='ocrx_word' id='word_1_60' title='bbox 224 878 371 920; x_wconf 89' lang='lat' dir='ltr'><strong>prope</strong></span> <span class='ocrx_word' id='word_1_61' title='bbox 391 868 625 908; x_wconf 85' lang='lat' dir='ltr'><strong>Samosata</strong></span> <span class='ocrx_word' id='word_1_62' title='bbox 647 866 871 918; x_wconf 89' lang='lat' dir='ltr'><strong>(Humann</strong></span> <span class='ocrx_word' id='word_1_63' title='bbox 891 868 937 906; x_wconf 93' lang='lat' dir='ltr'><strong>et</strong></span> <span class='ocrx_word' id='word_1_64' title='bbox 957 865 1200 906; x_wconf 89' lang='lat' dir='ltr'><strong>Puchstein</strong></span> <span class='ocrx_word' id='word_1_65' title='bbox 1221 875 1265 917; x_wconf 90' lang='lat' dir='ltr'><strong>p.</strong></span> <span class='ocrx_word' id='word_1_66' title='bbox 1289 868 1368 904; x_wconf 83' lang='lat'><strong>370</strong></span> <span class='ocrx_word' id='word_1_67' title='bbox 1389 864 1501 917; x_wconf 89' lang='lat' dir='ltr'><strong>sqq.)</strong></span> <span class='ocrx_word' id='word_1_68' title='bbox 1533 865 1578 905; x_wconf 90' lang='lat' dir='ltr'><strong>et</strong></span> <span class='ocrx_word' id='word_1_69' title='bbox 1597 864 1829 924; x_wconf 87' lang='lat' dir='ltr'><strong>Arsamiae</strong></span> <span class='ocrx_word' id='word_1_70' title='bbox 1851 862 2062 920; x_wconf 72' lang='lat' dir='ltr'><strong>(Gerqer),</strong></span> 
     </span>
     <span class='ocr_line' id='line_1_8' title="bbox 74 936 2064 992; baseline -0.001 -12"><span class='ocrx_word' id='word_1_71' title='bbox 74 939 127 980; x_wconf 79' lang='lat' dir='ltr'><strong>cf.</strong></span> <span class='ocrx_word' id='word_1_72' title='bbox 160 939 368 980; x_wconf 89' lang='lat' dir='ltr'><strong>Humann</strong></span> <span class='ocrx_word' id='word_1_73' title='bbox 400 941 445 980; x_wconf 92' lang='lat' dir='ltr'><strong>et</strong></span> <span class='ocrx_word' id='word_1_74' title='bbox 474 939 716 980; x_wconf 91' lang='lat' dir='ltr'><strong>Puchstein</strong></span> <span class='ocrx_word' id='word_1_75' title='bbox 747 950 790 992; x_wconf 92' lang='lat' dir='ltr'><strong>p.</strong></span> <span class='ocrx_word' id='word_1_76' title='bbox 815 942 894 980; x_wconf 87' lang='lat'><strong>360</strong></span> <span class='ocrx_word' id='word_1_77' title='bbox 913 949 1028 990; x_wconf 90' lang='lat' dir='ltr'><strong>sqq.‚</strong></span> <span class='ocrx_word' id='word_1_78' title='bbox 1060 938 1107 977; x_wconf 90' lang='lat' dir='ltr'><strong>in</strong></span> <span class='ocrx_word' id='word_1_79' title='bbox 1137 936 1306 989; x_wconf 91' lang='lat' dir='ltr'><strong>quibus</strong></span> <span class='ocrx_word' id='word_1_80' title='bbox 1337 937 1482 978; x_wconf 90' lang='lat' dir='ltr'><strong>multa</strong></span> <span class='ocrx_word' id='word_1_81' title='bbox 1511 948 1630 989; x_wconf 88' lang='lat' dir='ltr'><strong>quae</strong></span> <span class='ocrx_word' id='word_1_82' title='bbox 1661 938 1735 978; x_wconf 89' lang='lat' dir='ltr'><strong>hic</strong></span> <span class='ocrx_word' id='word_1_83' title='bbox 1765 938 1978 989; x_wconf 90' lang='lat' dir='ltr'><strong>leguntur</strong></span> <span class='ocrx_word' id='word_1_84' title='bbox 2007 937 2064 978; x_wconf 89' lang='lat' dir='ltr'><strong>ad</strong></span> 
     </span>
     <span class='ocr_line' id='line_1_9' title="bbox 73 1010 2065 1062; baseline -0.001 -10"><span class='ocrx_word' id='word_1_85' title='bbox 73 1011 268 1052; x_wconf 90' lang='lat' dir='ltr'><strong>verbum</strong></span> <span class='ocrx_word' id='word_1_86' title='bbox 300 1011 502 1052; x_wconf 88' lang='lat' dir='ltr'><strong>redeunt.</strong></span> <span class='ocrx_word' id='word_1_87' title='bbox 681 1015 697 1051; x_wconf 88' lang='grc'>4</span> <span class='ocrx_word' id='word_1_88' title='bbox 735 1011 986 1052; x_wconf 89' lang='lat' dir='ltr'><strong>Antiochus</strong></span> <span class='ocrx_word' id='word_1_89' title='bbox 1018 1011 1035 1050; x_wconf 95' lang='lat' dir='ltr'>I</span> <span class='ocrx_word' id='word_1_90' title='bbox 1068 1010 1394 1062; x_wconf 82' lang='lat' dir='ltr'><strong>Commagenes</strong></span> <span class='ocrx_word' id='word_1_91' title='bbox 1435 1020 1515 1050; x_wconf 82' lang='lat' dir='ltr'><strong>rex</strong></span> <span class='ocrx_word' id='word_1_92' title='bbox 1549 1010 1751 1062; x_wconf 92' lang='lat' dir='ltr'><strong>primum</strong></span> <span class='ocrx_word' id='word_1_93' title='bbox 1784 1021 2065 1051; x_wconf 87' lang='lat' dir='ltr'><strong>commemo-</strong></span> 
     </span>
     <span class='ocr_line' id='line_1_10' title="bbox 75 1074 2065 1124; baseline -0.001 -1"><span class='ocrx_word' id='word_1_94' title='bbox 75 1084 202 1124; x_wconf 84' lang='lat' dir='ltr'><strong>ratur</strong></span> <span class='ocrx_word' id='word_1_95' title='bbox 241 1083 287 1123; x_wconf 88' lang='lat' dir='ltr'><strong>in</strong></span> <span class='ocrx_word' id='word_1_96' title='bbox 329 1083 588 1124; x_wconf 86' lang='lat' dir='ltr'><strong>narratione</strong></span> <span class='ocrx_word' id='word_1_97' title='bbox 629 1093 784 1123; x_wconf 88' lang='lat' dir='ltr'><strong>rerum</strong></span> <span class='ocrx_word' id='word_1_98' title='bbox 824 1093 942 1123; x_wconf 91' lang='lat' dir='ltr'><strong>anno</strong></span> <span class='ocrx_word' id='word_1_99' title='bbox 983 1085 1034 1123; x_wconf 88' lang='grc'><strong>69</strong></span> <span class='ocrx_word' id='word_1_100' title='bbox 1067 1093 1105 1122; x_wconf 91' lang='lat' dir='ltr'><strong>a.</strong></span> <span class='ocrx_word' id='word_1_101' title='bbox 1139 1082 1240 1122; x_wconf 90' lang='lat' dir='ltr'><strong>Chr.</strong></span> <span class='ocrx_word' id='word_1_102' title='bbox 1285 1093 1311 1123; x_wconf 93' lang='lat' dir='ltr'><strong>a</strong></span> <span class='ocrx_word' id='word_1_103' title='bbox 1340 1081 1525 1122; x_wconf 89' lang='lat' dir='ltr'><strong>Lucullo</strong></span> <span class='ocrx_word' id='word_1_104' title='bbox 1569 1074 1729 1123; x_wconf 80' lang='lat' dir='ltr'><strong>contra</strong></span> <span class='ocrx_word' id='word_1_105' title='bbox 1759 1082 2065 1123; x_wconf 86' lang='lat' dir='ltr'><strong>Mithridatem</strong></span> 
     </span>
     <span class='ocr_line' id='line_1_11' title="bbox 75 1153 2066 1207; baseline -0.001 -12"><span class='ocrx_word' id='word_1_106' title='bbox 75 1154 305 1207; x_wconf 91' lang='lat' dir='ltr'><strong>Eupatora</strong></span> <span class='ocrx_word' id='word_1_107' title='bbox 336 1157 381 1196; x_wconf 91' lang='lat' dir='ltr'><strong>et</strong></span> <span class='ocrx_word' id='word_1_108' title='bbox 412 1155 648 1207; x_wconf 83' lang='lat' dir='ltr'><strong>Tigranem</strong></span> <span class='ocrx_word' id='word_1_109' title='bbox 680 1156 911 1206; x_wconf 89' lang='lat' dir='ltr'><strong>gestarum</strong></span> <span class='ocrx_word' id='word_1_110' title='bbox 942 1153 1063 1207; x_wconf 90' lang='lat' dir='ltr'><strong>apud</strong></span> <span class='ocrx_word' id='word_1_111' title='bbox 1096 1153 1300 1195; x_wconf 87' lang='lat' dir='ltr'><strong>Cassium</strong></span> <span class='ocrx_word' id='word_1_112' title='bbox 1332 1154 1525 1194; x_wconf 91' lang='lat' dir='ltr'><strong>Dionem</strong></span> <span class='ocrx_word' id='word_1_113' title='bbox 1546 1153 1745 1207; x_wconf 90' lang='lat' dir='ltr'><strong>XXXVI,</strong></span> <span class='ocrx_word' id='word_1_114' title='bbox 1767 1157 1807 1207; x_wconf 95' lang='grc'>2,</span> <span class='ocrx_word' id='word_1_115' title='bbox 1831 1158 1855 1195; x_wconf 83' lang='grc'><strong>5</strong></span> <span class='ocrx_word' id='word_1_116' title='bbox 1887 1155 2066 1195; x_wconf 90' lang='lat' dir='ltr'><strong>Boisse-</strong></span> 
     </span>
     <span class='ocr_line' id='line_1_12' title="bbox 75 1220 2067 1284; baseline -0.001 -16"><span class='ocrx_word' id='word_1_117' title='bbox 75 1227 204 1268; x_wconf 83' lang='lat' dir='ltr'><strong>vain:</strong></span> <span class='ocrx_word' id='word_1_118' title='bbox 243 1224 314 1268; x_wconf 91' lang='grc' dir='ltr'><strong>τόν</strong></span> <span class='ocrx_word' id='word_1_119' title='bbox 344 1240 390 1267; x_wconf 84' lang='grc' dir='ltr'>τε</span> <span class='ocrx_word' id='word_1_120' title='bbox 419 1230 497 1282; x_wconf 86' lang='grc' dir='ltr'>τῆς</span> <span class='ocrx_word' id='word_1_121' title='bbox 529 1222 830 1283; x_wconf 76' lang='grc' dir='ltr'>Κομμαγηνῆς</span> <span class='ocrx_word' id='word_1_122' title='bbox 874 1223 1051 1281; x_wconf 81' lang='grc' dir='ltr'>βασιλέα</span> <span class='ocrx_word' id='word_1_123' title='bbox 1079 1220 1289 1284; x_wconf 86' lang='grc' dir='ltr'>Ἀντίοχον</span> <span class='ocrx_word' id='word_1_124' title='bbox 1330 1223 1372 1281; x_wconf 79' lang='grc' dir='ltr'><strong>(ἡ</strong></span> <span class='ocrx_word' id='word_1_125' title='bbox 1414 1223 1462 1266; x_wconf 82' lang='grc' dir='ltr'><strong>δὲ</strong></span> <span class='ocrx_word' id='word_1_126' title='bbox 1497 1225 1622 1282; x_wconf 85' lang='grc' dir='ltr'>χώρα</span> <span class='ocrx_word' id='word_1_127' title='bbox 1663 1222 1771 1281; x_wconf 81' lang='grc' dir='ltr'>αὕτη</span> <span class='ocrx_word' id='word_1_128' title='bbox 1803 1231 1878 1283; x_wconf 84' lang='grc' dir='ltr'>τῆς</span> <span class='ocrx_word' id='word_1_129' title='bbox 1911 1222 2067 1281; x_wconf 82' lang='grc' dir='ltr'>Συρίας</span> 
     </span>
     <span class='ocr_line' id='line_1_13' title="bbox 75 1292 2066 1358; baseline -0.002 -18"><span class='ocrx_word' id='word_1_130' title='bbox 75 1296 181 1355; x_wconf 86' lang='grc' dir='ltr'>πρός</span> <span class='ocrx_word' id='word_1_131' title='bbox 208 1312 254 1340; x_wconf 91' lang='grc' dir='ltr'>τε</span> <span class='ocrx_word' id='word_1_132' title='bbox 285 1298 344 1355; x_wconf 83' lang='grc' dir='ltr'>τῷ</span> <span class='ocrx_word' id='word_1_133' title='bbox 369 1294 574 1358; x_wconf 81' lang='grc' dir='ltr'>Εὐφράτῃ</span> <span class='ocrx_word' id='word_1_134' title='bbox 605 1297 678 1340; x_wconf 69' lang='grc' dir='ltr'><strong>καὶ</strong></span> <span class='ocrx_word' id='word_1_135' title='bbox 719 1297 822 1353; x_wconf 83' lang='grc' dir='ltr'>πρὸς</span> <span class='ocrx_word' id='word_1_136' title='bbox 852 1298 914 1355; x_wconf 79' lang='grc' dir='ltr'>τῷ</span> <span class='ocrx_word' id='word_1_137' title='bbox 948 1294 1103 1353; x_wconf 82' lang='grc' dir='ltr'>Ταύρῳ</span> <span class='ocrx_word' id='word_1_138' title='bbox 1136 1295 1237 1350; x_wconf 88' lang='grc' dir='ltr'>ἐστί)</span> <span class='ocrx_word' id='word_1_139' title='bbox 1278 1295 1350 1339; x_wconf 75' lang='grc' dir='ltr'><strong>καί</strong></span> <span class='ocrx_word' id='word_1_140' title='bbox 1386 1311 1478 1339; x_wconf 88' lang='grc' dir='ltr'>τινα</span> <span class='ocrx_word' id='word_1_141' title='bbox 1507 1292 1694 1354; x_wconf 83' lang='grc' dir='ltr'>Ἀροίβιον</span> <span class='ocrx_word' id='word_1_142' title='bbox 1738 1295 1946 1353; x_wconf 76' lang='grc' dir='ltr'>δυνάστην</span> <span class='ocrx_word' id='word_1_143' title='bbox 1978 1292 2066 1340; x_wconf 90' lang='grc' dir='ltr'><strong>Ἀλ-</strong></span> 
     </span>
     <span class='ocr_line' id='line_1_14' title="bbox 75 1367 2067 1429; baseline -0.001 -17"><span class='ocrx_word' id='word_1_144' title='bbox 75 1368 303 1429; x_wconf 80' lang='grc' dir='ltr'>χαυὸόνιον</span> <span class='ocrx_word' id='word_1_145' title='bbox 333 1367 493 1417; x_wconf 82' lang='grc' dir='ltr'>ἄλλους</span> <span class='ocrx_word' id='word_1_146' title='bbox 522 1384 567 1411; x_wconf 90' lang='grc' dir='ltr'>τε</span> <span class='ocrx_word' id='word_1_147' title='bbox 599 1368 1074 1429; x_wconf 71' lang='grc' dir='ltr'>ἐπικηρυκευσαμένους</span> <span class='ocrx_word' id='word_1_148' title='bbox 1105 1367 1145 1412; x_wconf 84' lang='grc' dir='ltr'><strong>οἱ</strong></span> <span class='ocrx_word' id='word_1_149' title='bbox 1175 1367 1356 1418; x_wconf 76' lang='grc' dir='ltr'>ἐδέξατο.</span> <span class='ocrx_word' id='word_1_150' title='bbox 1407 1371 1535 1411; x_wconf 92' lang='lat' dir='ltr'><strong>Anno</strong></span> <span class='ocrx_word' id='word_1_151' title='bbox 1564 1372 1615 1410; x_wconf 89' lang='lat'><strong>64</strong></span> <span class='ocrx_word' id='word_1_152' title='bbox 1640 1382 1678 1411; x_wconf 90' lang='lat' dir='ltr'><strong>a.</strong></span> <span class='ocrx_word' id='word_1_153' title='bbox 1701 1370 1803 1411; x_wconf 89' lang='lat' dir='ltr'><strong>Chr.</strong></span> <span class='ocrx_word' id='word_1_154' title='bbox 1823 1371 2067 1423; x_wconf 89' lang='lat' dir='ltr'><strong>Pompeius</strong></span> 
     </span>
     <span class='ocr_line' id='line_1_15' title="bbox 78 1442 2068 1496; baseline -0.001 -12"><span class='ocrx_word' id='word_1_155' title='bbox 78 1443 298 1484; x_wconf 88' lang='lat' dir='ltr'><strong>adversus</strong></span> <span class='ocrx_word' id='word_1_156' title='bbox 329 1453 436 1484; x_wconf 92' lang='lat' dir='ltr'><strong>eum</strong></span> <span class='ocrx_word' id='word_1_157' title='bbox 466 1442 638 1484; x_wconf 91' lang='lat' dir='ltr'><strong>bellum</strong></span> <span class='ocrx_word' id='word_1_158' title='bbox 670 1442 867 1496; x_wconf 85' lang='lat' dir='ltr'><strong>gerebat,</strong></span> <span class='ocrx_word' id='word_1_159' title='bbox 909 1443 1020 1484; x_wconf 91' lang='lat' dir='ltr'><strong>dum</strong></span> <span class='ocrx_word' id='word_1_160' title='bbox 1061 1443 1135 1483; x_wconf 89' lang='lat' dir='ltr'><strong>ille</strong></span> <span class='ocrx_word' id='word_1_161' title='bbox 1175 1454 1335 1496; x_wconf 89' lang='lat' dir='ltr'><strong>pacem</strong></span> <span class='ocrx_word' id='word_1_162' title='bbox 1367 1444 1412 1484; x_wconf 91' lang='lat' dir='ltr'><strong>et</strong></span> <span class='ocrx_word' id='word_1_163' title='bbox 1441 1442 1600 1484; x_wconf 88' lang='lat' dir='ltr'><strong>foedus</strong></span> <span class='ocrx_word' id='word_1_164' title='bbox 1632 1453 1739 1483; x_wconf 89' lang='lat' dir='ltr'><strong>cum</strong></span> <span class='ocrx_word' id='word_1_165' title='bbox 1776 1443 1952 1495; x_wconf 91' lang='lat' dir='ltr'><strong>populo</strong></span> <span class='ocrx_word' id='word_1_166' title='bbox 1984 1443 2068 1483; x_wconf 87' lang='lat' dir='ltr'><strong>Ro-</strong></span> 
     </span>
     <span class='ocr_line' id='line_1_16' title="bbox 78 1511 2068 1571; baseline -0.001 -15"><span class='ocrx_word' id='word_1_167' title='bbox 78 1526 211 1557; x_wconf 84' lang='lat' dir='ltr'><strong>mano</strong></span> <span class='ocrx_word' id='word_1_168' title='bbox 243 1514 423 1556; x_wconf 78' lang='lat' dir='ltr'><strong>faceret.</strong></span> <span class='ocrx_word' id='word_1_169' title='bbox 470 1514 532 1556; x_wconf 83' lang='lat' dir='ltr'><strong>Cf.</strong></span> <span class='ocrx_word' id='word_1_170' title='bbox 563 1515 754 1568; x_wconf 89' lang='lat' dir='ltr'><strong>Appian.</strong></span> <span class='ocrx_word' id='word_1_171' title='bbox 778 1516 925 1557; x_wconf 85' lang='lat' dir='ltr'><strong>Mithr.</strong></span> <span class='ocrx_word' id='word_1_172' title='bbox 951 1513 1054 1557; x_wconf 76' lang='lat'>⁴06:</span> <span class='ocrx_word' id='word_1_173' title='bbox 1095 1513 1118 1556; x_wconf 83' lang='grc' dir='ltr'>ὁ</span> <span class='ocrx_word' id='word_1_174' title='bbox 1150 1513 1197 1556; x_wconf 82' lang='grc' dir='ltr'><strong>δὲ</strong></span> <span class='ocrx_word' id='word_1_175' title='bbox 1228 1512 1457 1571; x_wconf 84' lang='grc' dir='ltr'>Πομπήιος</span> <span class='ocrx_word' id='word_1_176' title='bbox 1486 1514 1559 1556; x_wconf 76' lang='grc' dir='ltr'>’καὶ</span> <span class='ocrx_word' id='word_1_177' title='bbox 1588 1513 1660 1556; x_wconf 86' lang='grc' dir='ltr'><strong>τὸν</strong></span> <span class='ocrx_word' id='word_1_178' title='bbox 1692 1511 1859 1570; x_wconf 80' lang='grc' dir='ltr'>Ταῦρον</span> <span class='ocrx_word' id='word_1_179' title='bbox 1894 1511 2068 1570; x_wconf 77' lang='grc' dir='ltr'>ὑπερελ-</span> 
     </span>
     <span class='ocr_line' id='line_1_17' title="bbox 77 1581 2072 1646; baseline -0.002 -16"><span class='ocrx_word' id='word_1_180' title='bbox 77 1584 166 1630; x_wconf 80' lang='grc' dir='ltr'>θὼν</span> <span class='ocrx_word' id='word_1_181' title='bbox 200 1584 442 1643; x_wconf 80' lang='grc' dir='ltr'>ἐπολέμησε</span> <span class='ocrx_word' id='word_1_182' title='bbox 473 1584 583 1642; x_wconf 84' lang='grc' dir='ltr'>(μὲν)</span> <span class='ocrx_word' id='word_1_183' title='bbox 609 1582 811 1646; x_wconf 88' lang='grc' dir='ltr'>Ἀντιόχῳ</span> <span class='ocrx_word' id='word_1_184' title='bbox 849 1587 911 1644; x_wconf 82' lang='grc' dir='ltr'>τῷ</span> <span class='ocrx_word' id='word_1_185' title='bbox 941 1582 1240 1645; x_wconf 77' lang='grc' dir='ltr'>Κομμαγηνῷ,</span> <span class='ocrx_word' id='word_1_186' title='bbox 1281 1584 1363 1634; x_wconf 83' lang='grc' dir='ltr'><strong>ἕως</strong></span> <span class='ocrx_word' id='word_1_187' title='bbox 1402 1585 1445 1633; x_wconf 81' lang='grc' dir='ltr'><strong>ἐς</strong></span> <span class='ocrx_word' id='word_1_188' title='bbox 1487 1584 1627 1643; x_wconf 77' lang='grc' dir='ltr'>φιλίαν</span> <span class='ocrx_word' id='word_1_189' title='bbox 1660 1585 1682 1629; x_wconf 83' lang='grc' dir='ltr'><strong>ὁ</strong></span> <span class='ocrx_word' id='word_1_190' title='bbox 1714 1581 1924 1645; x_wconf 85' lang='grc' dir='ltr'>Ἀντίοχος</span> <span class='ocrx_word' id='word_1_191' title='bbox 1956 1584 2072 1642; x_wconf 77' lang='grc' dir='ltr'>αὐτῷ</span> 
     </span>
     <span class='ocr_line' id='line_1_18' title="bbox 78 1653 2071 1718; baseline -0.001 -18"><span class='ocrx_word' id='word_1_192' title='bbox 78 1657 302 1715; x_wconf 82' lang='grc' dir='ltr'>συνῆλθεν,</span> <span class='ocrx_word' id='word_1_193' title='bbox 334 1657 578 1716; x_wconf 79' lang='grc' dir='ltr'>ἐπολέμησε</span> <span class='ocrx_word' id='word_1_194' title='bbox 610 1658 658 1701; x_wconf 85' lang='grc' dir='ltr'><strong>δὲ</strong></span> <span class='ocrx_word' id='word_1_195' title='bbox 686 1658 761 1702; x_wconf 79' lang='grc' dir='ltr'>’καὶ</span> <span class='ocrx_word' id='word_1_196' title='bbox 790 1656 956 1718; x_wconf 85' lang='grc' dir='ltr'>Δαρείῳ</span> <span class='ocrx_word' id='word_1_197' title='bbox 987 1660 1050 1717; x_wconf 81' lang='grc' dir='ltr'>τῷ</span> <span class='ocrx_word' id='word_1_198' title='bbox 1077 1655 1233 1716; x_wconf 77' lang='grc' dir='ltr'>Μήδῳ,</span> <span class='ocrx_word' id='word_1_199' title='bbox 1267 1657 1396 1717; x_wconf 78' lang='grc' dir='ltr'>μέχρι</span> <span class='ocrx_word' id='word_1_200' title='bbox 1427 1657 1595 1715; x_wconf 75' lang='grc' dir='ltr'>ἔφυγεν,</span> <span class='ocrx_word' id='word_1_201' title='bbox 1627 1656 1713 1700; x_wconf 80' lang='grc' dir='ltr'>εἴτε</span> <span class='ocrx_word' id='word_1_202' title='bbox 1733 1653 1931 1716; x_wconf 84' lang='grc' dir='ltr'>Ἀντιόχῳ</span> <span class='ocrx_word' id='word_1_203' title='bbox 1965 1672 2071 1713; x_wconf 90' lang='grc' dir='ltr'>συμ-</span> 
     </span>
     <span class='ocr_line' id='line_1_19' title="bbox 0 1726 2070 1789; baseline 0.001 -16"><span class='ocrx_word' id='word_1_204' title='bbox 0 1774 1 1781; x_wconf 58' lang='grc'>,</span> <span class='ocrx_word' id='word_1_205' title='bbox 81 1736 232 1789; x_wconf 82' lang='grc' dir='ltr'>μαχῶν</span> <span class='ocrx_word' id='word_1_206' title='bbox 265 1729 352 1773; x_wconf 76' lang='grc' dir='ltr'>εἴτε</span> <span class='ocrx_word' id='word_1_207' title='bbox 384 1728 567 1789; x_wconf 81' lang='grc' dir='ltr'>Τιγράνῃ</span> <span class='ocrx_word' id='word_1_208' title='bbox 607 1730 827 1788; x_wconf 88' lang='grc' dir='ltr'>πρότερον.</span> <span class='ocrx_word' id='word_1_209' title='bbox 877 1735 981 1773; x_wconf 69' lang='grc'>4443</span> <span class='ocrx_word' id='word_1_210' title='bbox 1026 1727 1224 1788; x_wconf 86' lang='grc' dir='ltr'>Ἀντιόχῳ</span> <span class='ocrx_word' id='word_1_211' title='bbox 1265 1730 1312 1773; x_wconf 82' lang='grc' dir='ltr'><strong>δὲ</strong></span> <span class='ocrx_word' id='word_1_212' title='bbox 1341 1730 1404 1788; x_wconf 78' lang='grc' dir='ltr'>τῷ</span> <span class='ocrx_word' id='word_1_213' title='bbox 1440 1726 1727 1788; x_wconf 81' lang='grc' dir='ltr'>Κομμαγηνῷ</span> <span class='ocrx_word' id='word_1_214' title='bbox 1758 1729 1794 1783; x_wconf 87' lang='grc' dir='ltr'><strong>(ὁ</strong></span> <span class='ocrx_word' id='word_1_215' title='bbox 1828 1727 2070 1786; x_wconf 81' lang='grc' dir='ltr'>Πομπήιος)</span> 
     </span>
     <span class='ocr_line' id='line_1_20' title="bbox 81 1799 2069 1861; baseline -0.002 -15"><span class='ocrx_word' id='word_1_216' title='bbox 81 1799 336 1846; x_wconf 73' lang='grc' dir='ltr'>Σελεύκειαν</span> <span class='ocrx_word' id='word_1_217' title='bbox 384 1801 591 1861; x_wconf 80' lang='grc' dir='ltr'>ἐπέτρεψε</span> <span class='ocrx_word' id='word_1_218' title='bbox 635 1803 708 1845; x_wconf 70' lang='grc' dir='ltr'><strong>καὶ</strong></span> <span class='ocrx_word' id='word_1_219' title='bbox 753 1802 830 1846; x_wconf 83' lang='grc' dir='ltr'><strong>ὅσα</strong></span> <span class='ocrx_word' id='word_1_220' title='bbox 885 1807 964 1860; x_wconf 84' lang='grc' dir='ltr'>τῆς</span> <span class='ocrx_word' id='word_1_221' title='bbox 1009 1800 1344 1859; x_wconf 82' lang='grc' dir='ltr'>Μεσοποταμίας</span> <span class='ocrx_word' id='word_1_222' title='bbox 1395 1801 1509 1846; x_wconf 85' lang='grc' dir='ltr'>ἄλλα</span> <span class='ocrx_word' id='word_1_223' title='bbox 1553 1801 1834 1858; x_wconf 71' lang='grc' dir='ltr'>κατέδραμεν.</span> <span class='ocrx_word' id='word_1_224' title='bbox 1909 1802 2069 1844; x_wconf 89' lang='lat' dir='ltr'><strong>Strabo</strong></span> 
     </span>
     <span class='ocr_line' id='line_1_21' title="bbox 79 1873 2070 1930; baseline -0.001 -12"><span class='ocrx_word' id='word_1_225' title='bbox 79 1876 197 1929; x_wconf 85' lang='lat' dir='ltr'><strong>XVI,</strong></span> <span class='ocrx_word' id='word_1_226' title='bbox 218 1880 257 1929; x_wconf 83' lang='lat'><strong>2,</strong></span> <span class='ocrx_word' id='word_1_227' title='bbox 281 1879 304 1916; x_wconf 86' lang='lat'><strong>3</strong></span> <span class='ocrx_word' id='word_1_228' title='bbox 345 1887 389 1929; x_wconf 90' lang='lat' dir='ltr'><strong>p.</strong></span> <span class='ocrx_word' id='word_1_229' title='bbox 413 1877 494 1916; x_wconf 84' lang='lat'><strong>749</strong></span> <span class='ocrx_word' id='word_1_230' title='bbox 518 1875 642 1918; x_wconf 66' lang='lat' dir='ltr'><strong>Cas:</strong></span> <span class='ocrx_word' id='word_1_231' title='bbox 685 1873 871 1919; x_wconf 78' lang='grc' dir='ltr'>ἐνταῦθα</span> <span class='ocrx_word' id='word_1_232' title='bbox 910 1877 970 1928; x_wconf 92' lang='lat' dir='ltr'><strong>(in</strong></span> <span class='ocrx_word' id='word_1_233' title='bbox 1008 1888 1170 1930; x_wconf 90' lang='lat' dir='ltr'><strong>campo</strong></span> <span class='ocrx_word' id='word_1_234' title='bbox 1210 1877 1403 1928; x_wconf 87' lang='lat' dir='ltr'><strong>angusto</strong></span> <span class='ocrx_word' id='word_1_235' title='bbox 1437 1876 1638 1929; x_wconf 89' lang='lat' dir='ltr'><strong>quidem,</strong></span> <span class='ocrx_word' id='word_1_236' title='bbox 1679 1875 1759 1917; x_wconf 91' lang='lat' dir='ltr'><strong>sed</strong></span> <span class='ocrx_word' id='word_1_237' title='bbox 1793 1875 2070 1917; x_wconf 86' lang='lat' dir='ltr'><strong>fertilissimo</strong></span> 
     </span>
     <span class='ocr_line' id='line_1_22' title="bbox 79 1943 2073 2007; baseline -0.001 -18"><span class='ocrx_word' id='word_1_238' title='bbox 79 1959 224 2002; x_wconf 86' lang='lat' dir='ltr'><strong>prope</strong></span> <span class='ocrx_word' id='word_1_239' title='bbox 255 1947 502 2000; x_wconf 87' lang='lat' dir='ltr'><strong>Samosata)</strong></span> <span class='ocrx_word' id='word_1_240' title='bbox 545 1946 594 1989; x_wconf 83' lang='grc' dir='ltr'><strong>δὲ</strong></span> <span class='ocrx_word' id='word_1_241' title='bbox 622 1950 695 1990; x_wconf 81' lang='grc' dir='ltr'><strong>νῦν</strong></span> <span class='ocrx_word' id='word_1_242' title='bbox 728 1945 816 1988; x_wconf 82' lang='grc' dir='ltr'>ἐστι</span> <span class='ocrx_word' id='word_1_243' title='bbox 845 1947 893 1990; x_wconf 88' lang='grc' dir='ltr'>τὸ</span> <span class='ocrx_word' id='word_1_244' title='bbox 927 1947 1089 2006; x_wconf 77' lang='grc' dir='ltr'>ζεῦγμα</span> <span class='ocrx_word' id='word_1_245' title='bbox 1124 1950 1199 1989; x_wconf 83' lang='grc' dir='ltr'>τοῦ</span> <span class='ocrx_word' id='word_1_246' title='bbox 1231 1944 1486 2007; x_wconf 84' lang='grc' dir='ltr'>Εὐφράτου·</span> <span class='ocrx_word' id='word_1_247' title='bbox 1525 1946 1635 1990; x_wconf 73' lang='grc' dir='ltr'>κατὰ</span> <span class='ocrx_word' id='word_1_248' title='bbox 1674 1949 1799 1990; x_wconf 81' lang='grc' dir='ltr'>τοῦτο</span> <span class='ocrx_word' id='word_1_249' title='bbox 1842 1946 1889 1989; x_wconf 82' lang='grc' dir='ltr'><strong>δὲ</strong></span> <span class='ocrx_word' id='word_1_250' title='bbox 1921 1943 2073 1989; x_wconf 75' lang='grc' dir='ltr'>Σελεύ-</span> 
     </span>
     <span class='ocr_line' id='line_1_23' title="bbox 81 2015 2074 2078; baseline -0.001 -16"><span class='ocrx_word' id='word_1_251' title='bbox 81 2034 177 2062; x_wconf 70' lang='grc' dir='ltr'>κεια</span> <span class='ocrx_word' id='word_1_252' title='bbox 204 2017 385 2074; x_wconf 78' lang='grc' dir='ltr'>ἵδρυται,</span> <span class='ocrx_word' id='word_1_253' title='bbox 417 2018 615 2078; x_wconf 82' lang='grc' dir='ltr'>φρούριον</span> <span class='ocrx_word' id='word_1_254' title='bbox 646 2023 724 2077; x_wconf 76' lang='grc' dir='ltr'><strong>τῆς</strong></span> <span class='ocrx_word' id='word_1_255' title='bbox 749 2016 1100 2075; x_wconf 86' lang='grc' dir='ltr'>Μεσοποταμίας,</span> <span class='ocrx_word' id='word_1_256' title='bbox 1130 2017 1476 2076; x_wconf 80' lang='grc' dir='ltr'>προσωρισμὲνον</span> <span class='ocrx_word' id='word_1_257' title='bbox 1509 2016 1589 2062; x_wconf 77' lang='grc' dir='ltr'><strong>ὑπὸ</strong></span> <span class='ocrx_word' id='word_1_258' title='bbox 1611 2016 1843 2076; x_wconf 85' lang='grc' dir='ltr'>Πομπηΐου</span> <span class='ocrx_word' id='word_1_259' title='bbox 1866 2020 1928 2077; x_wconf 81' lang='grc' dir='ltr'>τῷ</span> <span class='ocrx_word' id='word_1_260' title='bbox 1950 2015 2074 2074; x_wconf 86' lang='grc' dir='ltr'>Κομ-</span> 
     </span>
     <span class='ocr_line' id='line_1_24' title="bbox 83 2091 2074 2150; baseline 0 -17"><span class='ocrx_word' id='word_1_261' title='bbox 83 2091 273 2150; x_wconf 72' lang='grc' dir='ltr'>μαγηνῷ.</span> <span class='ocrx_word' id='word_1_262' title='bbox 333 2092 446 2134; x_wconf 92' lang='lat' dir='ltr'><strong>Cum</strong></span> <span class='ocrx_word' id='word_1_263' title='bbox 477 2093 633 2134; x_wconf 87' lang='lat' dir='ltr'><strong>Cicero</strong></span> <span class='ocrx_word' id='word_1_264' title='bbox 665 2094 948 2146; x_wconf 88' lang='lat' dir='ltr'><strong>provinciam</strong></span> <span class='ocrx_word' id='word_1_265' title='bbox 981 2092 1183 2134; x_wconf 91' lang='lat' dir='ltr'><strong>Ciliciam</strong></span> <span class='ocrx_word' id='word_1_266' title='bbox 1215 2093 1565 2145; x_wconf 88' lang='lat' dir='ltr'><strong>administraret,</strong></span> <span class='ocrx_word' id='word_1_267' title='bbox 1598 2104 1716 2134; x_wconf 90' lang='lat' dir='ltr'><strong>anno</strong></span> <span class='ocrx_word' id='word_1_268' title='bbox 1751 2096 1795 2133; x_wconf 88' lang='grc'>54</span> <span class='ocrx_word' id='word_1_269' title='bbox 1827 2104 1865 2134; x_wconf 89' lang='lat' dir='ltr'><strong>a.</strong></span> <span class='ocrx_word' id='word_1_270' title='bbox 1889 2093 1990 2134; x_wconf 90' lang='lat' dir='ltr'><strong>Chr.</strong></span> <span class='ocrx_word' id='word_1_271' title='bbox 2017 2104 2074 2145; x_wconf 92' lang='lat' dir='ltr'><strong>n.,</strong></span> 
     </span>
     <span class='ocr_line' id='line_1_25' title="bbox 83 2164 2075 2217; baseline -0.001 -11"><span class='ocrx_word' id='word_1_272' title='bbox 83 2164 140 2206; x_wconf 92' lang='lat' dir='ltr'><strong>ab</strong></span> <span class='ocrx_word' id='word_1_273' title='bbox 174 2165 250 2206; x_wconf 91' lang='lat' dir='ltr'><strong>illo</strong></span> <span class='ocrx_word' id='word_1_274' title='bbox 293 2165 503 2206; x_wconf 90' lang='lat' dir='ltr'><strong>nuntium</strong></span> <span class='ocrx_word' id='word_1_275' title='bbox 542 2165 597 2206; x_wconf 93' lang='lat' dir='ltr'><strong>de</strong></span> <span class='ocrx_word' id='word_1_276' title='bbox 636 2166 900 2206; x_wconf 89' lang='lat' dir='ltr'><strong>imminente</strong></span> <span class='ocrx_word' id='word_1_277' title='bbox 940 2166 1212 2206; x_wconf 89' lang='lat' dir='ltr'><strong>Parthorum</strong></span> <span class='ocrx_word' id='word_1_278' title='bbox 1251 2166 1511 2207; x_wconf 87' lang='lat' dir='ltr'><strong>incursione</strong></span> <span class='ocrx_word' id='word_1_279' title='bbox 1550 2165 1738 2217; x_wconf 90' lang='lat' dir='ltr'><strong>accepit.</strong></span> <span class='ocrx_word' id='word_1_280' title='bbox 1800 2164 1864 2206; x_wconf 82' lang='lat' dir='ltr'><strong>Cf.</strong></span> <span class='ocrx_word' id='word_1_281' title='bbox 1895 2165 1985 2205; x_wconf 90' lang='lat' dir='ltr'><strong>Cic.</strong></span> <span class='ocrx_word' id='word_1_282' title='bbox 2018 2165 2075 2205; x_wconf 92' lang='lat' dir='ltr'><strong>ad</strong></span> 
     </span>
     <span class='ocr_line' id='line_1_26' title="bbox 85 2234 2076 2292; baseline 0 -14"><span class='ocrx_word' id='word_1_283' title='bbox 85 2237 190 2278; x_wconf 80' lang='lat' dir='ltr'><strong>fam.</strong></span> <span class='ocrx_word' id='word_1_284' title='bbox 219 2236 315 2290; x_wconf 88' lang='lat' dir='ltr'><strong>XV,</strong></span> <span class='ocrx_word' id='word_1_285' title='bbox 345 2239 384 2290; x_wconf 91' lang='grc'><strong>4,</strong></span> <span class='ocrx_word' id='word_1_286' title='bbox 418 2240 464 2278; x_wconf 87' lang='grc'><strong>2;</strong></span> <span class='ocrx_word' id='word_1_287' title='bbox 510 2234 645 2291; x_wconf 63' lang='lat' dir='ltr'><strong>Regis</strong></span> <span class='ocrx_word' id='word_1_288' title='bbox 675 2234 896 2280; x_wconf 73' lang='lat' dir='ltr'><strong>Antiochi</strong></span> <span class='ocrx_word' id='word_1_289' title='bbox 929 2234 1226 2292; x_wconf 73' lang='lat' dir='ltr'><strong>Oommayeni</strong></span> <span class='ocrx_word' id='word_1_290' title='bbox 1262 2235 1399 2292; x_wconf 75' lang='lat' dir='ltr'><strong>leqati</strong></span> <span class='ocrx_word' id='word_1_291' title='bbox 1434 2234 1588 2291; x_wconf 74' lang='lat' dir='ltr'><strong>primi</strong></span> <span class='ocrx_word' id='word_1_292' title='bbox 1630 2234 1755 2278; x_wconf 77' lang='lat' dir='ltr'><strong>mihi</strong></span> <span class='ocrx_word' id='word_1_293' title='bbox 1795 2234 2076 2279; x_wconf 74' lang='lat' dir='ltr'><strong>nuntiarunt</strong></span> 
     </span>
     <span class='ocr_line' id='line_1_27' title="bbox 83 2306 2075 2363; baseline 0 -13"><span class='ocrx_word' id='word_1_294' title='bbox 83 2306 363 2350; x_wconf 78' lang='lat' dir='ltr'><strong>Parthorum</strong></span> <span class='ocrx_word' id='word_1_295' title='bbox 392 2320 585 2363; x_wconf 74' lang='lat' dir='ltr'><strong>maqnas</strong></span> <span class='ocrx_word' id='word_1_296' title='bbox 619 2307 774 2363; x_wconf 76' lang='lat' dir='ltr'><strong>copias</strong></span> <span class='ocrx_word' id='word_1_297' title='bbox 804 2307 1089 2363; x_wconf 77' lang='lat' dir='ltr'><strong>Euphratem</strong></span> <span class='ocrx_word' id='word_1_298' title='bbox 1119 2307 1320 2351; x_wconf 79' lang='lat' dir='ltr'><strong>transire</strong></span> <span class='ocrx_word' id='word_1_299' title='bbox 1349 2306 1563 2363; x_wconf 54' lang='lat' dir='ltr'><strong>coepi-&lt;ism</strong></span> <span class='ocrx_word' id='word_1_300' title='bbox 1609 2320 1694 2362; x_wconf 79' lang='lat' dir='ltr'><strong>quo</strong></span> <span class='ocrx_word' id='word_1_301' title='bbox 1734 2306 1899 2350; x_wconf 78' lang='lat' dir='ltr'><strong>nzmtio</strong></span> <span class='ocrx_word' id='word_1_302' title='bbox 1940 2307 2075 2350; x_wconf 78' lang='lat' dir='ltr'><strong>allato</strong></span> 
     </span>
     <span class='ocr_line' id='line_1_28' title="bbox 83 2378 2080 2435; baseline 0.001 -13"><span class='ocrx_word' id='word_1_303' title='bbox 83 2392 191 2422; x_wconf 80' lang='lat' dir='ltr'><strong>cum</strong></span> <span class='ocrx_word' id='word_1_304' title='bbox 220 2382 362 2423; x_wconf 75' lang='lat' dir='ltr'><strong>essent</strong></span> <span class='ocrx_word' id='word_1_305' title='bbox 390 2378 620 2432; x_wconf 80' lang='lat' dir='ltr'><strong>nonnulli,</strong></span> <span class='ocrx_word' id='word_1_306' title='bbox 662 2379 744 2435; x_wconf 79' lang='lat' dir='ltr'><strong>qui</strong></span> <span class='ocrx_word' id='word_1_307' title='bbox 772 2379 817 2423; x_wconf 80' lang='lat' dir='ltr'><strong>ei</strong></span> <span class='ocrx_word' id='word_1_308' title='bbox 844 2379 944 2435; x_wconf 60' lang='grc' dir='ltr'><strong>φερέ</strong></span> <span class='ocrx_word' id='word_1_309' title='bbox 971 2379 1198 2423; x_wconf 64' lang='lat' dir='ltr'><strong>rumorem</strong></span> <span class='ocrx_word' id='word_1_310' title='bbox 1227 2379 1366 2435; x_wconf 69' lang='lat' dir='ltr'><strong>fidem</strong></span> <span class='ocrx_word' id='word_1_311' title='bbox 1395 2379 1651 2423; x_wconf 79' lang='lat' dir='ltr'><strong>habendam</strong></span> <span class='ocrx_word' id='word_1_312' title='bbox 1675 2383 1903 2435; x_wconf 73' lang='lat' dir='ltr'><strong>putarent,</strong></span> <span class='ocrx_word' id='word_1_313' title='bbox 1935 2379 2080 2423; x_wconf 75' lang='lat' dir='ltr'><strong>statui</strong></span> 
     </span>
     <span class='ocr_line' id='line_1_29' title="bbox 85 2451 2073 2508; baseline 0 -14"><span class='ocrx_word' id='word_1_314' title='bbox 85 2451 428 2507; x_wconf 74' lang='lat' dir='ltr'><strong>exspectandum</strong></span> <span class='ocrx_word' id='word_1_315' title='bbox 459 2465 560 2506; x_wconf 82' lang='lat' dir='ltr'><strong>esse,</strong></span> <span class='ocrx_word' id='word_1_316' title='bbox 599 2451 646 2495; x_wconf 79' lang='lat' dir='ltr'><strong>si</strong></span> <span class='ocrx_word' id='word_1_317' title='bbox 674 2451 785 2508; x_wconf 78' lang='lat' dir='ltr'><strong>quid</strong></span> <span class='ocrx_word' id='word_1_318' title='bbox 813 2451 978 2495; x_wconf 77' lang='lat' dir='ltr'><strong>certius</strong></span> <span class='ocrx_word' id='word_1_319' title='bbox 1007 2452 1262 2508; x_wconf 79' lang='lat' dir='ltr'><strong>afferretur.</strong></span> <span class='ocrx_word' id='word_1_320' title='bbox 1313 2457 1351 2506; x_wconf 89' lang='lat'><strong>3,</strong></span> <span class='ocrx_word' id='word_1_321' title='bbox 1383 2457 1420 2494; x_wconf 90' lang='grc'><strong>4.</strong></span> <span class='ocrx_word' id='word_1_322' title='bbox 1463 2456 1502 2506; x_wconf 90' lang='grc'><strong>4,</strong></span> <span class='ocrx_word' id='word_1_323' title='bbox 1536 2457 1572 2494; x_wconf 88' lang='lat'><strong>3.</strong></span> <span class='ocrx_word' id='word_1_324' title='bbox 1634 2454 1755 2494; x_wconf 92' lang='lat' dir='ltr'><strong>Bello</strong></span> <span class='ocrx_word' id='word_1_325' title='bbox 1788 2454 1909 2494; x_wconf 88' lang='lat' dir='ltr'><strong>civili</strong></span> <span class='ocrx_word' id='word_1_326' title='bbox 1949 2465 1986 2494; x_wconf 89' lang='lat' dir='ltr'><strong>a.</strong></span> <span class='ocrx_word' id='word_1_327' title='bbox 2023 2456 2073 2494; x_wconf 86' lang='lat'><strong>49</strong></span> 
     </span>
     <span class='ocr_line' id='line_1_30' title="bbox 87 2524 2076 2579; baseline 0.001 -14"><span class='ocrx_word' id='word_1_328' title='bbox 87 2536 125 2566; x_wconf 90' lang='lat' dir='ltr'><strong>a.</strong></span> <span class='ocrx_word' id='word_1_329' title='bbox 157 2525 258 2565; x_wconf 88' lang='lat' dir='ltr'><strong>Chr.</strong></span> <span class='ocrx_word' id='word_1_330' title='bbox 291 2535 468 2566; x_wconf 92' lang='lat' dir='ltr'><strong>memor</strong></span> <span class='ocrx_word' id='word_1_331' title='bbox 507 2524 850 2578; x_wconf 85' lang='lat' dir='ltr'><strong>beneficiorum,</strong></span> <span class='ocrx_word' id='word_1_332' title='bbox 897 2537 1013 2578; x_wconf 89' lang='lat' dir='ltr'><strong>quae</strong></span> <span class='ocrx_word' id='word_1_333' title='bbox 1044 2526 1258 2579; x_wconf 90' lang='lat' dir='ltr'><strong>Pompeio</strong></span> <span class='ocrx_word' id='word_1_334' title='bbox 1306 2527 1491 2578; x_wconf 88' lang='lat' dir='ltr'><strong>accepta</strong></span> <span class='ocrx_word' id='word_1_335' title='bbox 1537 2525 1721 2578; x_wconf 84' lang='lat' dir='ltr'><strong>ferebat,</strong></span> <span class='ocrx_word' id='word_1_336' title='bbox 1768 2526 1808 2566; x_wconf 91' lang='lat' dir='ltr'><strong>ei</strong></span> <span class='ocrx_word' id='word_1_337' title='bbox 1855 2526 2076 2566; x_wconf 89' lang='lat' dir='ltr'><strong>ducentos</strong></span> 
     </span>
     <span class='ocr_line' id='line_1_31' title="bbox 87 2597 2077 2651; baseline 0.001 -14"><span class='ocrx_word' id='word_1_338' title='bbox 87 2597 261 2649; x_wconf 88' lang='lat' dir='ltr'><strong>equites</strong></span> <span class='ocrx_word' id='word_1_339' title='bbox 285 2597 454 2638; x_wconf 85' lang='lat' dir='ltr'><strong>auxilio</strong></span> <span class='ocrx_word' id='word_1_340' title='bbox 476 2598 602 2638; x_wconf 90' lang='lat' dir='ltr'><strong>misit</strong></span> <span class='ocrx_word' id='word_1_341' title='bbox 631 2597 809 2650; x_wconf 91' lang='lat' dir='ltr'><strong>(Caesar</strong></span> <span class='ocrx_word' id='word_1_342' title='bbox 829 2599 875 2638; x_wconf 89' lang='lat' dir='ltr'><strong>B.</strong></span> <span class='ocrx_word' id='word_1_343' title='bbox 899 2598 943 2639; x_wconf 89' lang='lat' dir='ltr'><strong>C.</strong></span> <span class='ocrx_word' id='word_1_344' title='bbox 967 2599 1037 2651; x_wconf 86' lang='grc' dir='ltr'>ΙΙΙ,</span> <span class='ocrx_word' id='word_1_345' title='bbox 1063 2600 1101 2651; x_wconf 90' lang='grc'><strong>4,</strong></span> <span class='ocrx_word' id='word_1_346' title='bbox 1125 2602 1163 2639; x_wconf 88' lang='grc'>5.</span> <span class='ocrx_word' id='word_1_347' title='bbox 1208 2598 1399 2651; x_wconf 89' lang='lat' dir='ltr'><strong>Appian.</strong></span> <span class='ocrx_word' id='word_1_348' title='bbox 1422 2598 1515 2639; x_wconf 92' lang='lat' dir='ltr'><strong>Civ.</strong></span> <span class='ocrx_word' id='word_1_349' title='bbox 1539 2599 1590 2651; x_wconf 93' lang='grc' dir='ltr'>ΙΙ,</span> <span class='ocrx_word' id='word_1_350' title='bbox 1617 2598 1697 2650; x_wconf 87' lang='grc'>49).</span> <span class='ocrx_word' id='word_1_351' title='bbox 1748 2597 1928 2639; x_wconf 91' lang='lat' dir='ltr'><strong>Antonii</strong></span> <span class='ocrx_word' id='word_1_352' title='bbox 1959 2598 2077 2639; x_wconf 90' lang='lat' dir='ltr'><strong>bello</strong></span> 
     </span>
     <span class='ocr_line' id='line_1_32' title="bbox 87 2669 2078 2723; baseline 0.001 -14"><span class='ocrx_word' id='word_1_353' title='bbox 87 2669 294 2710; x_wconf 84' lang='lat' dir='ltr'><strong>Parthico</strong></span> <span class='ocrx_word' id='word_1_354' title='bbox 325 2681 364 2710; x_wconf 90' lang='lat' dir='ltr'><strong>a.</strong></span> <span class='ocrx_word' id='word_1_355' title='bbox 389 2672 440 2710; x_wconf 87' lang='lat'><strong>38</strong></span> <span class='ocrx_word' id='word_1_356' title='bbox 464 2681 503 2710; x_wconf 89' lang='lat' dir='ltr'><strong>a.</strong></span> <span class='ocrx_word' id='word_1_357' title='bbox 526 2669 628 2710; x_wconf 88' lang='lat' dir='ltr'><strong>Chr.</strong></span> <span class='ocrx_word' id='word_1_358' title='bbox 651 2682 692 2710; x_wconf 91' lang='lat' dir='ltr'><strong>n.</strong></span> <span class='ocrx_word' id='word_1_359' title='bbox 725 2681 831 2711; x_wconf 90' lang='lat' dir='ltr'><strong>cum</strong></span> <span class='ocrx_word' id='word_1_360' title='bbox 863 2669 920 2710; x_wconf 90' lang='lat' dir='ltr'><strong>ab</strong></span> <span class='ocrx_word' id='word_1_361' title='bbox 953 2669 1112 2711; x_wconf 89' lang='lat' dir='ltr'><strong>Orodis</strong></span> <span class='ocrx_word' id='word_1_362' title='bbox 1144 2670 1416 2712; x_wconf 88' lang='lat' dir='ltr'><strong>Parthorum</strong></span> <span class='ocrx_word' id='word_1_363' title='bbox 1446 2671 1578 2723; x_wconf 90' lang='lat' dir='ltr'><strong>regis,</strong></span> <span class='ocrx_word' id='word_1_364' title='bbox 1611 2671 1686 2711; x_wconf 90' lang='lat' dir='ltr'><strong>cui</strong></span> <span class='ocrx_word' id='word_1_365' title='bbox 1717 2669 1855 2711; x_wconf 89' lang='lat' dir='ltr'><strong>filiam</strong></span> <span class='ocrx_word' id='word_1_366' title='bbox 1886 2681 2078 2711; x_wconf 86' lang='lat' dir='ltr'><strong>uxorem</strong></span> 
     </span>
    </p>
   </div>
   <div class='ocr_carea' id='block_1_4' title="bbox 0 3498 20 3970">
    <p class='ocr_par' dir='ltr' id='par_1_4' title="bbox 0 3498 20 3970">
     <span class='ocr_line' id='line_1_33' title="bbox 0 3498 20 3970; baseline 0 0"><span class='ocrx_word' id='word_1_367' title='bbox 0 3498 20 3970; x_wconf 95' lang='lat' dir='ltr'><strong>  </strong></span> 
     </span>
    </p>
   </div>
   <div class='ocr_carea' id='block_1_5' title="bbox 13 2739 2084 3807">
    <p class='ocr_par' dir='ltr' id='par_1_5' title="bbox 87 2739 2080 2794">
     <span class='ocr_line' id='line_1_34' title="bbox 87 2739 2080 2794; baseline 0.001 -13"><span class='ocrx_word' id='word_1_368' title='bbox 87 2739 285 2794; x_wconf 88' lang='lat' dir='ltr'><strong>dederat,</strong></span> <span class='ocrx_word' id='word_1_369' title='bbox 316 2741 524 2794; x_wconf 89' lang='lat' dir='ltr'><strong>partibus</strong></span> <span class='ocrx_word' id='word_1_370' title='bbox 556 2742 708 2794; x_wconf 85' lang='lat' dir='ltr'><strong>staret,</strong></span> <span class='ocrx_word' id='word_1_371' title='bbox 742 2742 990 2783; x_wconf 87' lang='lat' dir='ltr'><strong>Samosatis</strong></span> <span class='ocrx_word' id='word_1_372' title='bbox 1021 2742 1078 2783; x_wconf 86' lang='lat' dir='ltr'><strong>ab</strong></span> <span class='ocrx_word' id='word_1_373' title='bbox 1109 2742 1304 2783; x_wconf 90' lang='lat' dir='ltr'><strong>Antonio</strong></span> <span class='ocrx_word' id='word_1_374' title='bbox 1329 2741 1547 2783; x_wconf 91' lang='lat' dir='ltr'><strong>obsessus</strong></span> <span class='ocrx_word' id='word_1_375' title='bbox 1579 2744 1666 2794; x_wconf 89' lang='lat' dir='ltr'><strong>est;</strong></span> <span class='ocrx_word' id='word_1_376' title='bbox 1701 2742 1780 2782; x_wconf 89' lang='lat' dir='ltr'><strong>sed</strong></span> <span class='ocrx_word' id='word_1_377' title='bbox 1812 2754 1917 2782; x_wconf 91' lang='lat' dir='ltr'><strong>cum</strong></span> <span class='ocrx_word' id='word_1_378' title='bbox 1950 2743 2080 2794; x_wconf 90' lang='lat' dir='ltr'><strong>oppi-</strong></span> 
     </span>
    </p>

    <p class='ocr_par' dir='ltr' id='par_1_6' title="bbox 36 2811 2080 3084">
     <span class='ocr_line' id='line_1_35' title="bbox 36 2811 2079 2869; baseline 0.001 -17"><span class='ocrx_word' id='word_1_379' title='bbox 36 2815 54 2863; x_wconf 47' lang='grc' dir='ltr'><strong>ζ..</strong></span> <span class='ocrx_word' id='word_1_380' title='bbox 89 2811 200 2852; x_wconf 92' lang='lat' dir='ltr'><strong>dum</strong></span> <span class='ocrx_word' id='word_1_381' title='bbox 230 2812 407 2854; x_wconf 85' lang='lat' dir='ltr'><strong>fortiter</strong></span> <span class='ocrx_word' id='word_1_382' title='bbox 437 2815 482 2854; x_wconf 91' lang='lat' dir='ltr'><strong>et</strong></span> <span class='ocrx_word' id='word_1_383' title='bbox 512 2814 803 2866; x_wconf 88' lang='lat' dir='ltr'><strong>pertinaciter</strong></span> <span class='ocrx_word' id='word_1_384' title='bbox 825 2813 1153 2869; x_wconf 84' lang='lat' dir='ltr'><strong>defenderetur,</strong></span> <span class='ocrx_word' id='word_1_385' title='bbox 1184 2814 1408 2856; x_wconf 90' lang='lat' dir='ltr'><strong>Antonius</strong></span> <span class='ocrx_word' id='word_1_386' title='bbox 1428 2825 1589 2868; x_wconf 89' lang='lat' dir='ltr'><strong>pacem</strong></span> <span class='ocrx_word' id='word_1_387' title='bbox 1621 2825 1727 2856; x_wconf 91' lang='lat' dir='ltr'><strong>cum</strong></span> <span class='ocrx_word' id='word_1_388' title='bbox 1756 2825 1808 2854; x_wconf 91' lang='lat' dir='ltr'><strong>eo</strong></span> <span class='ocrx_word' id='word_1_389' title='bbox 1840 2814 1944 2854; x_wconf 88' lang='lat' dir='ltr'><strong>fecit</strong></span> <span class='ocrx_word' id='word_1_390' title='bbox 1975 2825 2079 2855; x_wconf 86' lang='lat' dir='ltr'><strong>con-</strong></span> 
     </span>
     <span class='ocr_line' id='line_1_36' title="bbox 37 2879 2077 2939; baseline 0.001 -15"><span class='ocrx_word' id='word_1_391' title='bbox 37 2879 39 2910; x_wconf 78' lang='lat'>3</span> <span class='ocrx_word' id='word_1_392' title='bbox 88 2886 239 2925; x_wconf 89' lang='lat' dir='ltr'><strong>tentus</strong></span> <span class='ocrx_word' id='word_1_393' title='bbox 269 2886 486 2937; x_wconf 89' lang='lat' dir='ltr'><strong>pensione</strong></span> <span class='ocrx_word' id='word_1_394' title='bbox 517 2887 826 2928; x_wconf 87' lang='lat' dir='ltr'><strong>trecentorum</strong></span> <span class='ocrx_word' id='word_1_395' title='bbox 855 2887 1131 2928; x_wconf 89' lang='lat' dir='ltr'><strong>talentorum</strong></span> <span class='ocrx_word' id='word_1_396' title='bbox 1162 2887 1399 2939; x_wconf 90' lang='lat' dir='ltr'><strong>(Plutarch.</strong></span> <span class='ocrx_word' id='word_1_397' title='bbox 1422 2887 1646 2928; x_wconf 89' lang='lat' dir='ltr'><strong>Antonius</strong></span> <span class='ocrx_word' id='word_1_398' title='bbox 1671 2888 1738 2928; x_wconf 90' lang='grc'><strong>34.</strong></span> <span class='ocrx_word' id='word_1_399' title='bbox 1790 2886 1972 2927; x_wconf 89' lang='lat' dir='ltr'><strong>Cassius</strong></span> <span class='ocrx_word' id='word_1_400' title='bbox 1994 2886 2077 2926; x_wconf 94' lang='lat' dir='ltr'><strong>Dio</strong></span> 
     </span>
     <span class='ocr_line' id='line_1_37' title="bbox 74 2956 2080 3013; baseline 0.001 -17"><span class='ocrx_word' id='word_1_401' title='bbox 74 2956 239 3010; x_wconf 81' lang='lat' dir='ltr'><strong>XLIX,</strong></span> <span class='ocrx_word' id='word_1_402' title='bbox 264 2959 331 3010; x_wconf 85' lang='grc'>20,</span> <span class='ocrx_word' id='word_1_403' title='bbox 352 2960 388 2997; x_wconf 92' lang='lat'><strong>3.</strong></span> <span class='ocrx_word' id='word_1_404' title='bbox 414 2961 452 2998; x_wconf 86' lang='lat'><strong>5.</strong></span> <span class='ocrx_word' id='word_1_405' title='bbox 486 2960 554 3012; x_wconf 87' lang='grc'>22,</span> <span class='ocrx_word' id='word_1_406' title='bbox 579 2961 616 2999; x_wconf 93' lang='grc'><strong>4.</strong></span> <span class='ocrx_word' id='word_1_407' title='bbox 641 2962 679 2999; x_wconf 86' lang='grc'>2.</span> <span class='ocrx_word' id='word_1_408' title='bbox 720 2959 942 3012; x_wconf 90' lang='lat' dir='ltr'><strong>Iosephus</strong></span> <span class='ocrx_word' id='word_1_409' title='bbox 962 2958 1063 3001; x_wconf 92' lang='lat' dir='ltr'><strong>Ant.</strong></span> <span class='ocrx_word' id='word_1_410' title='bbox 1086 2959 1200 3013; x_wconf 92' lang='lat' dir='ltr'><strong>XIV,</strong></span> <span class='ocrx_word' id='word_1_411' title='bbox 1227 2961 1468 3000; x_wconf 84' lang='lat'><strong>439—447.</strong></span> <span class='ocrx_word' id='word_1_412' title='bbox 1510 2959 1616 3000; x_wconf 89' lang='lat' dir='ltr'><strong>Bell.</strong></span> <span class='ocrx_word' id='word_1_413' title='bbox 1638 2960 1669 3012; x_wconf 91' lang='grc' dir='ltr'>Ι,</span> <span class='ocrx_word' id='word_1_414' title='bbox 1691 2961 1787 2998; x_wconf 89' lang='grc'>324.</span> <span class='ocrx_word' id='word_1_415' title='bbox 1813 2959 1921 3009; x_wconf 83' lang='grc'>322).</span> <span class='ocrx_word' id='word_1_416' title='bbox 1975 2959 2080 2999; x_wconf 91' lang='lat' dir='ltr'><strong>Post</strong></span> 
     </span>
     <span class='ocr_line' id='line_1_38' title="bbox 89 3028 2078 3084; baseline 0.001 -15"><span class='ocrx_word' id='word_1_417' title='bbox 89 3028 176 3069; x_wconf 88' lang='lat' dir='ltr'><strong>hoc</strong></span> <span class='ocrx_word' id='word_1_418' title='bbox 206 3030 389 3081; x_wconf 91' lang='lat' dir='ltr'><strong>tempus</strong></span> <span class='ocrx_word' id='word_1_419' title='bbox 420 3029 543 3070; x_wconf 93' lang='lat' dir='ltr'><strong>nulla</strong></span> <span class='ocrx_word' id='word_1_420' title='bbox 573 3031 768 3084; x_wconf 92' lang='lat' dir='ltr'><strong>amplius</strong></span> <span class='ocrx_word' id='word_1_421' title='bbox 800 3032 899 3072; x_wconf 90' lang='lat' dir='ltr'><strong>eius</strong></span> <span class='ocrx_word' id='word_1_422' title='bbox 930 3033 1099 3072; x_wconf 93' lang='lat' dir='ltr'><strong>mentio</strong></span> <span class='ocrx_word' id='word_1_423' title='bbox 1130 3031 1200 3083; x_wconf 89' lang='lat' dir='ltr'><strong>fit;</strong></span> <span class='ocrx_word' id='word_1_424' title='bbox 1241 3033 1363 3072; x_wconf 86' lang='lat' dir='ltr'><strong>certe</strong></span> <span class='ocrx_word' id='word_1_425' title='bbox 1404 3032 1507 3071; x_wconf 90' lang='lat' dir='ltr'><strong>ante</strong></span> <span class='ocrx_word' id='word_1_426' title='bbox 1545 3042 1715 3071; x_wconf 90' lang='lat' dir='ltr'><strong>annum</strong></span> <span class='ocrx_word' id='word_1_427' title='bbox 1757 3034 1802 3069; x_wconf 85' lang='grc'>34</span> <span class='ocrx_word' id='word_1_428' title='bbox 1842 3042 1879 3072; x_wconf 85' lang='lat' dir='ltr'><strong>a.</strong></span> <span class='ocrx_word' id='word_1_429' title='bbox 1905 3030 2006 3071; x_wconf 87' lang='lat' dir='ltr'><strong>Chr.</strong></span> <span class='ocrx_word' id='word_1_430' title='bbox 2037 3042 2078 3070; x_wconf 90' lang='lat' dir='ltr'><strong>n.</strong></span> 
     </span>
    </p>

    <p class='ocr_par' dir='ltr' id='par_1_7' title="bbox 13 3099 2084 3589">
     <span class='ocr_line' id='line_1_39' title="bbox 40 3099 2080 3159; baseline 0.001 -18"><span class='ocrx_word' id='word_1_431' title='bbox 40 3156 42 3159; x_wconf 14' lang='grc' dir='ltr'><strong>Υ</strong></span> <span class='ocrx_word' id='word_1_432' title='bbox 92 3099 216 3154; x_wconf 90' lang='lat' dir='ltr'><strong>obiit,</strong></span> <span class='ocrx_word' id='word_1_433' title='bbox 264 3112 366 3142; x_wconf 88' lang='lat' dir='ltr'><strong>nam</strong></span> <span class='ocrx_word' id='word_1_434' title='bbox 407 3101 452 3142; x_wconf 90' lang='lat' dir='ltr'><strong>in</strong></span> <span class='ocrx_word' id='word_1_435' title='bbox 483 3102 655 3154; x_wconf 90' lang='lat' dir='ltr'><strong>proelio</strong></span> <span class='ocrx_word' id='word_1_436' title='bbox 688 3102 872 3145; x_wconf 90' lang='lat' dir='ltr'><strong>Actiaco</strong></span> <span class='ocrx_word' id='word_1_437' title='bbox 912 3104 1193 3144; x_wconf 89' lang='lat' dir='ltr'><strong>Mithridates</strong></span> <span class='ocrx_word' id='word_1_438' title='bbox 1227 3103 1291 3155; x_wconf 93' lang='grc' dir='ltr'>(ΙΙ)</span> <span class='ocrx_word' id='word_1_439' title='bbox 1333 3103 1658 3155; x_wconf 89' lang='lat' dir='ltr'><strong>Commagenes</strong></span> <span class='ocrx_word' id='word_1_440' title='bbox 1691 3113 1771 3143; x_wconf 83' lang='lat' dir='ltr'><strong>rex</strong></span> <span class='ocrx_word' id='word_1_441' title='bbox 1816 3104 1862 3143; x_wconf 89' lang='lat' dir='ltr'><strong>in</strong></span> <span class='ocrx_word' id='word_1_442' title='bbox 1899 3104 2080 3143; x_wconf 86' lang='lat' dir='ltr'><strong>Antonii</strong></span> 
     </span>
     <span class='ocr_line' id='line_1_40' title="bbox 13 3105 2079 3298; baseline 0.001 -84"><span class='ocrx_word' id='word_1_443' title='bbox 13 3105 18 3298; x_wconf 55' lang='grc' dir='ltr'>ἱ</span> <span class='ocrx_word' id='word_1_444' title='bbox 44 3175 49 3190; x_wconf 74' lang='lat'>¹</span> <span class='ocrx_word' id='word_1_445' title='bbox 93 3173 294 3214; x_wconf 83' lang='lat' dir='ltr'><strong>exercitu</strong></span> <span class='ocrx_word' id='word_1_446' title='bbox 315 3173 400 3214; x_wconf 91' lang='lat' dir='ltr'><strong>fuit</strong></span> <span class='ocrx_word' id='word_1_447' title='bbox 422 3173 658 3224; x_wconf 87' lang='lat' dir='ltr'><strong>(Plutarch.</strong></span> <span class='ocrx_word' id='word_1_448' title='bbox 679 3175 842 3216; x_wconf 89' lang='lat' dir='ltr'><strong>Anton.</strong></span> <span class='ocrx_word' id='word_1_449' title='bbox 865 3175 947 3227; x_wconf 89' lang='grc'>64).</span> <span class='ocrx_word' id='word_1_450' title='bbox 997 3176 1066 3216; x_wconf 92' lang='lat' dir='ltr'><strong>W.</strong></span> <span class='ocrx_word' id='word_1_451' title='bbox 1080 3176 1128 3216; x_wconf 87' lang='grc' dir='ltr'>Η.</span> <span class='ocrx_word' id='word_1_452' title='bbox 1138 3175 1445 3227; x_wconf 87' lang='lat' dir='ltr'><strong>Waddington</strong></span> <span class='ocrx_word' id='word_1_453' title='bbox 1465 3175 1522 3215; x_wconf 92' lang='lat' dir='ltr'><strong>ad</strong></span> <span class='ocrx_word' id='word_1_454' title='bbox 1543 3173 1686 3215; x_wconf 90' lang='lat' dir='ltr'><strong>Lebas</strong></span> <span class='ocrx_word' id='word_1_455' title='bbox 1707 3175 1845 3215; x_wconf 86' lang='lat' dir='ltr'><strong>Inscr.</strong></span> <span class='ocrx_word' id='word_1_456' title='bbox 1868 3175 1926 3214; x_wconf 91' lang='lat'><strong>111</strong></span> <span class='ocrx_word' id='word_1_457' title='bbox 1948 3186 1990 3227; x_wconf 91' lang='lat' dir='ltr'><strong>p.</strong></span> <span class='ocrx_word' id='word_1_458' title='bbox 2013 3178 2079 3216; x_wconf 87' lang='grc'>64.</span> 
     </span>
     <span class='ocr_line' id='line_1_41' title="bbox 41 3242 2082 3300; baseline 0.001 -16"><span class='ocrx_word' id='word_1_459' title='bbox 41 3271 46 3278; x_wconf 36' lang='lat'><strong>..</strong></span> <span class='ocrx_word' id='word_1_460' title='bbox 93 3244 171 3285; x_wconf 91' lang='lat' dir='ltr'><strong>Th.</strong></span> <span class='ocrx_word' id='word_1_461' title='bbox 192 3245 445 3286; x_wconf 89' lang='lat' dir='ltr'><strong>Mommsen</strong></span> <span class='ocrx_word' id='word_1_462' title='bbox 475 3246 618 3287; x_wconf 90' lang='lat' dir='ltr'><strong>Mitth.</strong></span> <span class='ocrx_word' id='word_1_463' title='bbox 642 3246 720 3288; x_wconf 91' lang='lat' dir='ltr'><strong>des</strong></span> <span class='ocrx_word' id='word_1_464' title='bbox 752 3248 872 3289; x_wconf 89' lang='lat' dir='ltr'><strong>arch.</strong></span> <span class='ocrx_word' id='word_1_465' title='bbox 896 3248 1002 3288; x_wconf 89' lang='lat' dir='ltr'><strong>Inst.</strong></span> <span class='ocrx_word' id='word_1_466' title='bbox 1026 3249 1042 3287; x_wconf 96' lang='grc' dir='ltr'>Ι</span> <span class='ocrx_word' id='word_1_467' title='bbox 1074 3259 1117 3300; x_wconf 93' lang='lat' dir='ltr'><strong>p.</strong></span> <span class='ocrx_word' id='word_1_468' title='bbox 1142 3251 1273 3300; x_wconf 73' lang='lat' dir='ltr'><strong>3isq</strong></span> <span class='ocrx_word' id='word_1_469' title='bbox 1333 3247 1399 3287; x_wconf 84' lang='lat' dir='ltr'><strong>Ex</strong></span> <span class='ocrx_word' id='word_1_470' title='bbox 1431 3246 1695 3288; x_wconf 91' lang='lat' dir='ltr'><strong>nominibus</strong></span> <span class='ocrx_word' id='word_1_471' title='bbox 1727 3246 1966 3288; x_wconf 82' lang='lat' dir='ltr'><strong>manifesto</strong></span> <span class='ocrx_word' id='word_1_472' title='bbox 1998 3242 2082 3289; x_wconf 83' lang='grc' dir='ltr'>Ἀν-</span> 
     </span>
     <span class='ocr_line' id='line_1_42' title="bbox 15 3310 2082 3374; baseline 0.001 -18"><span class='ocrx_word' id='word_1_473' title='bbox 15 3318 46 3339; x_wconf 83' lang='grc'><strong>·“</strong></span> <span class='ocrx_word' id='word_1_474' title='bbox 92 3314 236 3373; x_wconf 84' lang='grc' dir='ltr'>τίοχος</span> <span class='ocrx_word' id='word_1_475' title='bbox 267 3319 312 3357; x_wconf 91' lang='lat' dir='ltr'><strong>et</strong></span> <span class='ocrx_word' id='word_1_476' title='bbox 341 3310 581 3374; x_wconf 80' lang='grc' dir='ltr'>Ἐπιφανής</span> <span class='ocrx_word' id='word_1_477' title='bbox 620 3318 676 3359; x_wconf 91' lang='lat' dir='ltr'><strong>ab</strong></span> <span class='ocrx_word' id='word_1_478' title='bbox 707 3330 793 3361; x_wconf 91' lang='lat' dir='ltr'><strong>avo</strong></span> <span class='ocrx_word' id='word_1_479' title='bbox 834 3322 1037 3361; x_wconf 89' lang='lat' dir='ltr'><strong>materno</strong></span> <span class='ocrx_word' id='word_1_480' title='bbox 1071 3321 1176 3372; x_wconf 90' lang='lat' dir='ltr'><strong>(not.</strong></span> <span class='ocrx_word' id='word_1_481' title='bbox 1203 3322 1254 3372; x_wconf 86' lang='lat'><strong>4),</strong></span> <span class='ocrx_word' id='word_1_482' title='bbox 1295 3316 1397 3365; x_wconf 81' lang='grc' dir='ltr'>θεός</span> <span class='ocrx_word' id='word_1_483' title='bbox 1437 3331 1462 3359; x_wconf 93' lang='lat' dir='ltr'><strong>a</strong></span> <span class='ocrx_word' id='word_1_484' title='bbox 1500 3321 1644 3360; x_wconf 89' lang='lat' dir='ltr'><strong>matre</strong></span> <span class='ocrx_word' id='word_1_485' title='bbox 1682 3319 1789 3371; x_wconf 90' lang='lat' dir='ltr'><strong>(not.</strong></span> <span class='ocrx_word' id='word_1_486' title='bbox 1813 3319 1850 3371; x_wconf 88' lang='lat'><strong>3)</strong></span> <span class='ocrx_word' id='word_1_487' title='bbox 1890 3320 2082 3372; x_wconf 90' lang='lat' dir='ltr'><strong>repetita</strong></span> 
     </span>
     <span class='ocr_line' id='line_1_43' title="bbox 16 3387 2081 3444; baseline 0.002 -16"><span class='ocrx_word' id='word_1_488' title='bbox 16 3387 20 3420; x_wconf 78' lang='lat'>1</span> <span class='ocrx_word' id='word_1_489' title='bbox 95 3398 194 3429; x_wconf 90' lang='lat' dir='ltr'><strong>esse</strong></span> <span class='ocrx_word' id='word_1_490' title='bbox 232 3388 494 3430; x_wconf 86' lang='lat' dir='ltr'><strong>observavit</strong></span> <span class='ocrx_word' id='word_1_491' title='bbox 530 3390 780 3432; x_wconf 89' lang='lat' dir='ltr'><strong>Mommsen</strong></span> <span class='ocrx_word' id='word_1_492' title='bbox 820 3402 864 3444; x_wconf 91' lang='lat' dir='ltr'><strong>p.</strong></span> <span class='ocrx_word' id='word_1_493' title='bbox 898 3394 965 3435; x_wconf 85' lang='lat'><strong>34.</strong></span> <span class='ocrx_word' id='word_1_494' title='bbox 1032 3392 1165 3433; x_wconf 89' lang='lat' dir='ltr'><strong>Plane</strong></span> <span class='ocrx_word' id='word_1_495' title='bbox 1203 3391 1362 3432; x_wconf 91' lang='lat' dir='ltr'><strong>eadem</strong></span> <span class='ocrx_word' id='word_1_496' title='bbox 1401 3390 1591 3432; x_wconf 91' lang='lat' dir='ltr'><strong>redeunt</strong></span> <span class='ocrx_word' id='word_1_497' title='bbox 1630 3392 1676 3432; x_wconf 92' lang='lat' dir='ltr'><strong>in</strong></span> <span class='ocrx_word' id='word_1_498' title='bbox 1715 3391 1847 3432; x_wconf 93' lang='lat' dir='ltr'><strong>titulo</strong></span> <span class='ocrx_word' id='word_1_499' title='bbox 1887 3391 2081 3444; x_wconf 91' lang='lat' dir='ltr'><strong>Ephesio</strong></span> 
     </span>
     <span class='ocr_line' id='line_1_44' title="bbox 17 3455 2082 3517; baseline 0.002 -17"><span class='ocrx_word' id='word_1_500' title='bbox 17 3455 19 3476; x_wconf 83' lang='grc'><strong>“</strong></span> <span class='ocrx_word' id='word_1_501' title='bbox 96 3470 138 3500; x_wconf 92' lang='lat' dir='ltr'><strong>n.</strong></span> <span class='ocrx_word' id='word_1_502' title='bbox 162 3462 258 3513; x_wconf 81' lang='lat'><strong>405,</strong></span> <span class='ocrx_word' id='word_1_503' title='bbox 288 3463 341 3502; x_wconf 93' lang='lat' dir='ltr'><strong>ut</strong></span> <span class='ocrx_word' id='word_1_504' title='bbox 371 3460 570 3503; x_wconf 85' lang='lat' dir='ltr'><strong>dubitari</strong></span> <span class='ocrx_word' id='word_1_505' title='bbox 600 3461 722 3503; x_wconf 89' lang='lat' dir='ltr'><strong>nullo</strong></span> <span class='ocrx_word' id='word_1_506' title='bbox 755 3463 891 3504; x_wconf 92' lang='lat' dir='ltr'><strong>modo</strong></span> <span class='ocrx_word' id='word_1_507' title='bbox 922 3465 1085 3517; x_wconf 89' lang='lat' dir='ltr'><strong>possit,</strong></span> <span class='ocrx_word' id='word_1_508' title='bbox 1118 3465 1227 3516; x_wconf 90' lang='lat' dir='ltr'><strong>quin</strong></span> <span class='ocrx_word' id='word_1_509' title='bbox 1258 3462 1380 3504; x_wconf 89' lang='lat' dir='ltr'><strong>idem</strong></span> <span class='ocrx_word' id='word_1_510' title='bbox 1411 3474 1490 3503; x_wconf 82' lang='lat' dir='ltr'><strong>rex</strong></span> <span class='ocrx_word' id='word_1_511' title='bbox 1521 3463 1594 3504; x_wconf 91' lang='lat' dir='ltr'><strong>hic</strong></span> <span class='ocrx_word' id='word_1_512' title='bbox 1616 3465 1661 3503; x_wconf 94' lang='lat' dir='ltr'><strong>et</strong></span> <span class='ocrx_word' id='word_1_513' title='bbox 1691 3463 1782 3504; x_wconf 91' lang='lat' dir='ltr'><strong>illic</strong></span> <span class='ocrx_word' id='word_1_514' title='bbox 1807 3463 2082 3516; x_wconf 88' lang='lat' dir='ltr'><strong>designetur.</strong></span> 
     </span>
     <span class='ocr_line' id='line_1_45' title="bbox 99 3531 2084 3589; baseline 0.003 -18"><span class='ocrx_word' id='word_1_515' title='bbox 99 3531 183 3572; x_wconf 88' lang='lat' dir='ltr'><strong>Sed</strong></span> <span class='ocrx_word' id='word_1_516' title='bbox 212 3532 252 3573; x_wconf 91' lang='lat' dir='ltr'><strong>is</strong></span> <span class='ocrx_word' id='word_1_517' title='bbox 283 3534 363 3585; x_wconf 81' lang='lat' dir='ltr'><strong>qui</strong></span> <span class='ocrx_word' id='word_1_518' title='bbox 392 3534 685 3586; x_wconf 89' lang='lat' dir='ltr'><strong>potissimum</strong></span> <span class='ocrx_word' id='word_1_519' title='bbox 715 3537 848 3589; x_wconf 86' lang='lat' dir='ltr'><strong>esset,</strong></span> <span class='ocrx_word' id='word_1_520' title='bbox 889 3538 993 3577; x_wconf 89' lang='lat' dir='ltr'><strong>ante</strong></span> <span class='ocrx_word' id='word_1_521' title='bbox 1022 3537 1106 3577; x_wconf 93' lang='lat' dir='ltr'><strong>hos</strong></span> <span class='ocrx_word' id='word_1_522' title='bbox 1146 3535 1308 3576; x_wconf 89' lang='lat' dir='ltr'><strong>titulos</strong></span> <span class='ocrx_word' id='word_1_523' title='bbox 1337 3535 1384 3575; x_wconf 89' lang='lat' dir='ltr'><strong>in</strong></span> <span class='ocrx_word' id='word_1_524' title='bbox 1414 3535 1513 3587; x_wconf 90' lang='lat' dir='ltr'><strong>ipsa</strong></span> <span class='ocrx_word' id='word_1_525' title='bbox 1543 3535 1845 3588; x_wconf 85' lang='lat' dir='ltr'><strong>Commagene</strong></span> <span class='ocrx_word' id='word_1_526' title='bbox 1875 3538 2084 3589; x_wconf 86' lang='lat' dir='ltr'><strong>repertos</strong></span> 
     </span>
    </p>

    <p class='ocr_par' dir='ltr' id='par_1_8' title="bbox 18 3555 2084 3807">
     <span class='ocr_line' id='line_1_46' title="bbox 18 3555 2084 3669; baseline 0.002 -25"><span class='ocrx_word' id='word_1_527' title='bbox 18 3555 22 3669; x_wconf 49' lang='grc' dir='ltr'>ἱ</span> <span class='ocrx_word' id='word_1_528' title='bbox 99 3603 427 3657; x_wconf 85' lang='lat' dir='ltr'><strong>ambigebatur.</strong></span> <span class='ocrx_word' id='word_1_529' title='bbox 488 3606 665 3647; x_wconf 88' lang='lat' dir='ltr'><strong>Etenim</strong></span> <span class='ocrx_word' id='word_1_530' title='bbox 695 3606 1002 3660; x_wconf 90' lang='lat' dir='ltr'><strong>Waddington</strong></span> <span class='ocrx_word' id='word_1_531' title='bbox 1033 3607 1215 3660; x_wconf 90' lang='lat' dir='ltr'><strong>quidem</strong></span> <span class='ocrx_word' id='word_1_532' title='bbox 1250 3610 1598 3648; x_wconf 87' lang='lat' dir='ltr'><strong>monumentum</strong></span> <span class='ocrx_word' id='word_1_533' title='bbox 1630 3607 1877 3660; x_wconf 89' lang='lat' dir='ltr'><strong>Ephesium</strong></span> <span class='ocrx_word' id='word_1_534' title='bbox 1910 3608 1966 3649; x_wconf 92' lang='lat' dir='ltr'><strong>ad</strong></span> <span class='ocrx_word' id='word_1_535' title='bbox 1998 3609 2084 3648; x_wconf 91' lang='lat' dir='ltr'><strong>An-</strong></span> 
     </span>
     <span class='ocr_line' id='line_1_47' title="bbox 19 3675 2083 3732; baseline 0.003 -17"><span class='ocrx_word' id='word_1_536' title='bbox 19 3675 22 3715; x_wconf 58' lang='grc' dir='ltr'>ἐ</span> <span class='ocrx_word' id='word_1_537' title='bbox 99 3675 304 3717; x_wconf 87' lang='lat' dir='ltr'><strong>tiochum</strong></span> <span class='ocrx_word' id='word_1_538' title='bbox 348 3679 420 3731; x_wconf 93' lang='grc' dir='ltr'>ΙΙΙ,</span> <span class='ocrx_word' id='word_1_539' title='bbox 467 3678 548 3730; x_wconf 92' lang='lat' dir='ltr'><strong>qui</strong></span> <span class='ocrx_word' id='word_1_540' title='bbox 594 3690 632 3719; x_wconf 91' lang='lat' dir='ltr'><strong>a.</strong></span> <span class='ocrx_word' id='word_1_541' title='bbox 671 3681 722 3719; x_wconf 82' lang='grc'>47</span> <span class='ocrx_word' id='word_1_542' title='bbox 765 3690 810 3732; x_wconf 93' lang='lat' dir='ltr'><strong>p.</strong></span> <span class='ocrx_word' id='word_1_543' title='bbox 846 3679 946 3721; x_wconf 90' lang='lat' dir='ltr'><strong>Chr.</strong></span> <span class='ocrx_word' id='word_1_544' title='bbox 983 3691 1025 3721; x_wconf 90' lang='lat' dir='ltr'><strong>n.</strong></span> <span class='ocrx_word' id='word_1_545' title='bbox 1067 3680 1261 3721; x_wconf 86' lang='lat' dir='ltr'><strong>decessit</strong></span> <span class='ocrx_word' id='word_1_546' title='bbox 1303 3679 1416 3732; x_wconf 83' lang='lat' dir='ltr'><strong>(Tac.</strong></span> <span class='ocrx_word' id='word_1_547' title='bbox 1446 3679 1556 3720; x_wconf 90' lang='lat' dir='ltr'><strong>Ann.</strong></span> <span class='ocrx_word' id='word_1_548' title='bbox 1593 3679 1642 3732; x_wconf 86' lang='lat'><strong>11,</strong></span> <span class='ocrx_word' id='word_1_549' title='bbox 1677 3679 1759 3732; x_wconf 86' lang='grc'>42),</span> <span class='ocrx_word' id='word_1_550' title='bbox 1799 3680 2083 3721; x_wconf 81' lang='lat' dir='ltr'><strong>referendum</strong></span> 
     </span>
     <span class='ocr_line' id='line_1_48' title="bbox 184 3758 1736 3807; baseline 0.005 -15"><span class='ocrx_word' id='word_1_551' title='bbox 184 3758 535 3804; x_wconf 83' lang='lat' dir='ltr'><strong>Dittenberger,</strong></span> <span class='ocrx_word' id='word_1_552' title='bbox 563 3761 720 3796; x_wconf 82' lang='lat' dir='ltr'><strong>Orientis</strong></span> <span class='ocrx_word' id='word_1_553' title='bbox 744 3762 802 3796; x_wconf 86' lang='lat' dir='ltr'><strong>Gr.</strong></span> <span class='ocrx_word' id='word_1_554' title='bbox 825 3762 932 3797; x_wconf 81' lang='lat' dir='ltr'><strong>inser.</strong></span> <span class='ocrx_word' id='word_1_555' title='bbox 968 3763 996 3796; x_wconf 89' lang='lat' dir='ltr'><strong>I.</strong></span> <span class='ocrx_word' id='word_1_556' title='bbox 1685 3769 1736 3807; x_wconf 89' lang='lat'><strong>38</strong></span> 
     </span>
    </p>
   </div>
  </div>
 </body>
</html>
