2314 3970
184 2150 186 2153 ’
271 2171 311 2199 n.
335 2161 417 2199 474
434 2170 470 2211 c,
495 2162 560 2199 40.
694 2162 716 2197 3
757 2158 888 2200 Crato
912 2159 1081 2200 Zotichi
1102 2159 1129 2200 f.
1154 2159 1325 2212 origine
1348 2159 1674 2200 Chalcedonius
1697 2161 1793 2200 erat
1813 2159 1872 2211 (C.
1893 2160 1923 2200 I.
1941 2159 1989 2200 G.
2013 2161 2064 2199 30
2074 2162 2123 2198 68
2141 2159 2187 2212 Β,
2211 2162 2252 2200 4.
2302 2154 2303 2159 ’

284 208 385 259 498
950 206 1000 247 V.
1046 206 1247 258 Regnum
1277 205 1589 247 Attalidarum.
2156 207 2253 260 [326

868 384 1177 456 Ψήφισμα
1223 379 1679 437 Ἀτταλιστῶν.1

422 485 602 555 Γνώμη
656 489 742 539 τοῦ
797 490 965 539 κοινοῦ
1017 488 1113 539 τῶν
1155 482 1501 540 Ἀτταλιστῶν·
1584 487 1756 559 ἐπειδὴ
1804 489 1830 540 ὁ
1880 486 2080 558 (ἱρ)εὸς2
2120 487 2126 559 Ι
2166 493 2254 558 τῆς

420 574 629 626 συνόδου
664 570 876 644 Κράτων
917 572 1178 644 Ζωτίχου3
1217 572 1269 625 ἔν
1306 594 1359 626 τε
1397 577 1486 627 τῶι
1525 576 1611 643 ζῆν
1642 573 1646 643 Ι
1679 571 1873 634 πολλὰς
1910 574 1995 627 καὶ
2035 573 2255 645 μεγάλας

389 788 405 825 4
447 784 693 837 Collegium
724 783 898 826 AttaliI
931 785 1098 826 Soteris
1129 785 1208 825 aut
1237 783 1371 825 Attali
1393 785 1430 824 11
1463 784 1740 838 Philadelphi
1771 784 1877 836 (not
1901 786 1938 837 7)
1971 786 2111 826 sacris
2142 785 2254 826 cele-

274 836 457 898 brandis
489 857 784 909 destinatum;
827 856 881 898 cf.
913 853 1222 915 Εὐπατορισταί
1253 868 1294 898 n.
1321 855 1445 898 3673.
1491 853 1739 898 Βασιλισταὶ
1770 869 1811 897 n.
1835 860 1932 910 430,
1956 861 1993 898 6.
2053 857 2120 898 Ab
2153 858 2252 910 ipso
2312 851 2314 854 ’

274 928 466 970 Cratone
503 930 762 970 institutum
800 928 939 970 fuisse
981 940 1085 970 cum
1124 929 1197 970 hic
1238 929 1398 970 titulus
1437 941 1480 969 v.
1514 933 1551 970 6.
1582 932 1606 969 7
1646 930 1851 982 testatur,
1891 932 1988 970 tum
2032 941 2073 970 n.
2098 933 2178 970 325
2211 931 2256 969 et

274 1003 621 1042 monumentum
663 1002 959 1043 honorarium
998 1002 1154 1043 Teium
1187 1001 1297 1042 Bull.
1333 1001 1388 1042 de
1417 1013 1534 1042 corr.
1566 1001 1675 1043 Hell.
1707 1001 1765 1041 IV
1798 1005 1906 1043 4880
1941 1013 1983 1055 p.
2009 1004 2086 1041 464
2121 1013 2163 1042 n.
2186 1004 2252 1052 24,

272 1073 353 1114 ubi
385 1075 501 1115 intra
540 1085 760 1115 coronam
790 1074 954 1127 legitur
992 1068 1247 1116 Ἀτταλισταὶ
1290 1071 1329 1114 οἱ
1371 1071 1443 1115 σὺν
1484 1069 1686 1129 Κράτωνι
1723 1070 1938 1131 Ζωτὶχου.
1999 1074 2064 1114 Ex
2105 1074 2174 1115 his
2211 1075 2255 1114 et

274 1146 460 1199 reliquis
482 1146 685 1188 Cratonis
716 1146 860 1187 titulis
882 1146 958 1187 Tei
991 1147 1181 1199 repertis
1206 1145 1310 1197 (not.
1336 1146 1373 1198 3)
1407 1148 1595 1200 apparet
1625 1147 1790 1188 iniuria
1820 1147 1910 1187 hoc
1934 1146 2167 1187 decretum
2200 1146 2256 1187 ad

272 1228 399 1259 sacra
420 1218 624 1271 Pergami
654 1218 861 1259 instituta
891 1217 1061 1271 referri,
1093 1219 1234 1260 immo
1266 1218 1341 1259 Tei
1372 1229 1520 1271 neque
1550 1218 1658 1260 alibi
1688 1219 1772 1260 hos
1799 1218 2003 1259 Cratonis
2023 1218 2255 1259 Attalistas

272 1290 426 1331 sedem
456 1291 684 1331 habuisse.
735 1289 865 1338 Quod
896 1291 1112 1343 quoniam
1142 1290 1348 1332 Cratonis
1380 1291 1620 1343 primarias
1650 1290 1790 1332 fuisse
1820 1292 1973 1343 partes
2004 1292 2119 1332 inter
2150 1292 2255 1331 arti·

270 1363 376 1403 fices
406 1363 704 1415 Dionysiacos
735 1363 814 1415 qui
844 1363 920 1403 Tei
950 1363 1248 1404 constiterant
1278 1364 1467 1416 constat,
1499 1363 1621 1404 haud
1649 1364 1799 1416 inepte
1827 1374 1882 1404 ex
1903 1365 2001 1404 tota
2031 1363 2255 1404 artificum

271 1435 445 1488 synodo
468 1436 636 1476 electos
667 1436 875 1476 homines
897 1447 923 1476 a
944 1435 1148 1489 Cratone,
1180 1436 1260 1488 qui
1279 1434 1592 1477 Attalistarum
1615 1436 1855 1488 collegium
1878 1435 2116 1489 efficerent,
2149 1447 2255 1477 con-

270 1508 376 1548 iecit
406 1508 670 1549 Boeckhius.
819 1511 843 1547 2
883 1507 1144 1549 Emendavi.
1198 1510 1348 1550 ΝΕΟΣ
1381 1508 1596 1557 Chishull‚
1629 1508 1834 1550 Sherard.
1896 1508 1978 1549 Hic
2008 1507 2256 1549 sacerdotis
2312 1531 2314 1561 3

271 1580 621 1633 appellationem
659 1580 798 1620 latere
840 1590 948 1621 sane
987 1581 1078 1621 iam
1109 1580 1362 1622 Boeckhius
1392 1581 1637 1634 perspexit,
1677 1580 1758 1622 sed
1786 1580 1911 1633 quod
1947 1580 2021 1620 ille
2050 1580 2256 1632 reposuit

272 1651 403 1708 ἱερεύς
434 1652 756 1706 probabilitate
787 1654 922 1694 caret.
982 1652 1112 1701 Quod
1143 1654 1301 1694 contra
1331 1654 1378 1693 in
1409 1664 1511 1694 mea
1541 1653 1854 1694 emendatione
1888 1654 1920 1693 Ν
1955 1652 2089 1694 modo
2120 1652 2255 1692 levis-

271 1726 385 1766 simo
417 1736 570 1766 errore
602 1736 657 1766 ex
691 1726 739 1766 ΙΡ
769 1724 938 1766 factum
970 1727 1050 1767 est.
1102 1725 1302 1766 Ionicam
1332 1725 1606 1778 scripturam
1640 1723 1750 1780 ἱρεύς
1781 1725 1827 1766 in
1856 1725 1990 1766 titulo
2023 1725 2256 1776 ceteroqui

270 1797 443 1849 volgari
474 1798 737 1838 recentioris
769 1798 928 1838 aetatis
961 1808 1169 1839 sermone
1208 1799 1426 1850 concepto
1459 1798 1595 1838 etiam
1627 1809 1669 1838 n.
1694 1800 1761 1850 44,
1792 1801 1837 1837 24
1877 1797 2041 1849 habes;
2080 1796 2135 1837 de
2165 1797 2253 1838 alio

269 1870 454 1910 Ionismi
495 1880 656 1922 genere
693 1869 985 1910 inferioribus
1026 1870 1315 1922 temporibus
1358 1872 1625 1912 conservato
1667 1869 1719 1910 cf.
1762 1882 1803 1911 n.
1827 1868 1920 1910 426.
1981 1869 2104 1910 Idem
2146 1880 2252 1910 vero

271 1942 406 1982 etiam
447 1942 493 1982 in
535 1955 579 1983 εο
619 1953 701 1994 pro
746 1955 790 1982 ευ
831 1942 963 1995 cadit,
1015 1953 1132 1994 quae
1171 1944 1240 1983 est
1278 1943 1531 1995 proprietas
1571 1942 1750 1983 dialecti
1787 1942 1964 1983 Ionicae
2002 1942 2293 1982 notissima.

271 2013 332 2054 Cf.
364 2014 572 2067 exempla
602 2025 719 2066 quae
751 2015 956 2067 congessi
986 2013 1198 2067 Syll.2111
1229 2025 1272 2067 p.
1297 2018 1377 2054 227
1410 2017 1467 2067 et,
1506 2014 1633 2067 quod
1658 2015 1793 2055 huius
1827 2012 1936 2069 ἱρεός
1968 2014 2250 2055 simillimum
2287 2019 2290 2039 ⁴

270 2088 351 2139 est,
401 2083 592 2140 βασιλεύς
637 2087 682 2127 in
722 2087 853 2127 titulo
893 2086 1002 2127 Chio
1044 2087 1166 2139 apud
1204 2086 1385 2128 Bechtel
1415 2087 1584 2128 Inschr.
1619 2086 1698 2127 des
1728 2087 1818 2128 ion.
1854 2086 2053 2127 Dialekts
2093 2098 2137 2139 p.
2169 2089 2250 2127 408
2285 2095 2287 2098 ’

271 2234 309 2271 2.
334 2234 402 2271 45.
426 2230 507 2284 49),
539 2242 629 2283 qua
659 2232 704 2271 in
727 2231 911 2273 civitate
941 2243 1106 2273 nomen
1128 2232 1360 2284 ceteroqui
1382 2233 1491 2273 satis
1512 2243 1669 2273 rarum
1704 2229 1902 2288 Ζώτιχος
1933 2232 2068 2272 etiam
2093 2232 2185 2272 C.1.
2204 2231 2254 2273 G.
2299 2243 2302 2291 ς

272 2305 395 2356 3794,
420 2307 458 2344 5.
484 2306 506 2342 6
537 2300 745 2361 (Ζώτιχος
775 2298 1067 2358 Ἀθηναίωνος)
1100 2305 1370 2357 repperitur.
1423 2304 1578 2345 Artem
1601 2305 1804 2345 exercuit
1824 2303 2023 2344 tibicinis
2048 2289 2299 2363 (aulnr‘ffss'ij

270 2375 315 2416 C.
347 2375 376 2416 Ι.
409 2375 456 2416 G.
493 2378 618 2428 3067,
651 2379 687 2416 6.
721 2378 788 2416 22.
820 2378 887 2416 23.
941 2378 1048 2416 3068
1067 2375 1115 2428 A,
1146 2380 1182 2417 6.
1220 2379 1286 2416 42.
1331 2379 1439 2417 3068
1457 2377 1503 2429 Β,
1537 2378 1576 2416 2.
1632 2374 1824 2431 αὐλητὴς
1861 2372 2038 2422 κύκλιος
2084 2376 2180 2417 C.1.
2204 2375 2256 2418 G.
2296 2395 2299 2410 v

272 2451 382 2488 3068
401 2447 446 2500 C,
469 2450 507 2488 2.
532 2448 583 2499 3).
646 2449 694 2488 In
725 2447 1050 2489 certaminibus
1081 2449 1167 2490 Iasi
1198 2448 1364 2489 habitis
1396 2449 1495 2489 eius
1525 2449 1679 2501 partes
1710 2448 1931 2501 quasdam
1961 2447 2100 2489 fuisse
2130 2459 2255 2489 com·
2271 2454 2297 2491 ’,ί

269 2521 472 2572 perimus
504 2531 559 2561 ex
592 2520 723 2561 titulo
756 2520 879 2573 apud
908 2520 1050 2562 Lehas
1082 2522 1218 2562 Inscr.
1248 2522 1320 2575 111,
1345 2524 1441 2574 255,
1465 2525 1503 2574 9,
1535 2532 1674 2574 quem
1704 2521 2011 2574 Waddington
2041 2520 2280 2574 probabi·
2292 2489 2296 2543 J

271 2592 370 2632 liter
415 2592 551 2633 refert
596 2593 651 2633 ad
699 2604 799 2634 eam
853 2595 1061 2646 aetatem,
1109 2605 1199 2646 qua
1245 2594 1485 2635 etiamtum
1529 2594 1637 2635 satis
1681 2593 1891 2646 ignobilis
1931 2593 2067 2634 fuerit
2106 2593 2266 2646 Crato,
2278 2545 2294 2636 ἰ

269 2664 464 2717 ideoque
495 2665 675 2705 circiter
705 2676 742 2705 a.
766 2668 845 2705 480
871 2677 908 2706 a.
933 2665 1032 2707 Chr.
1055 2677 1096 2706 n
1129 2667 1366 2707 exaratum
1389 2666 1631 2707 existimat.
1683 2666 1796 2707 Tum
1818 2677 1927 2707 vero
1958 2665 2014 2707 ad
2034 2666 2254 2706 eximium
2289 2651 2292 2707 J

269 2736 415 2778 laudis
446 2737 730 2789 honorisque
761 2736 989 2790 fastigium
1021 2740 1205 2779 evectus
1247 2740 1316 2778 est
1353 2739 1470 2779 inter
1507 2738 1701 2779 artifices
1732 2738 2029 2791 Dionysiacos
2067 2738 2146 2791 qui
2177 2737 2255 2778 Tei
2286 2747 2290 2782 1

270 2809 579 2862 consederant,
618 2809 742 2861 quod
781 2811 1006 2851 testantur
1051 2810 1234 2851 decreta
1271 2811 1512 2852 honoraria
1552 2822 1656 2852 cum
1698 2811 1876 2863 collegii
1907 2811 2026 2851 illius
2066 2810 2126 2862 (C.
2148 2811 2181 2853 Ι.
2203 2810 2251 2852 G.

272 2885 396 2923 3067.
431 2885 539 2922 3068
557 2881 606 2933 Α)
649 2883 694 2921 et
732 2883 807 2922 τοῦ
838 2884 981 2923 κοινοῦ
1012 2887 1096 2923 τῶν
1130 2889 1460 2940 συναγωνιστῶν,
1504 2884 1530 2924 i.
1564 2895 1602 2924 e.
1635 2884 1838 2924 omnium
1877 2884 2141 2936 quicunque
2171 2893 2254 2935 per

271 2955 374 2994 anni
413 2953 603 2994 alicuius
642 2953 773 2995 ferias
810 2953 932 2995 Teon
963 2956 1269 2995 convenerant
1300 2957 1350 2996 ut
1385 2955 1504 2996 ludis
1543 2956 1813 2996 interessent
1844 2955 1902 3007 (C.
1926 2956 1955 2996 Ι.
1980 2956 2028 2996 G.
2063 2958 2169 2995 3068
2190 2955 2252 3014 Β),

270 3028 369 3066 tum
400 3027 596 3067 honores
628 3038 653 3067 a
675 3026 883 3067 Teiorum
906 3026 1089 3067 civitate
1120 3028 1164 3066 in
1187 3038 1292 3068 eum
1314 3028 1477 3069 collati.
1529 3027 1590 3069 Cf.
1612 3027 1775 3069 Lebas-
1758 3027 2084 3080 -Waddington
2114 3028 2252 3068 Inscr.

271 3100 485 3140 1114558:
526 3092 571 3142 Ο
604 3096 741 3155 δῆμος
772 3094 996 3154 Κράτωνα.
1058 3100 1239 3140 Praeter
1281 3100 1556 3153 collegarum
1598 3101 1788 3152 gratiam
1820 3111 1928 3141 vero
1960 3111 2119 3153 regum
2151 3101 2252 3140 Per-

271 3182 565 3222 gamenorum
594 3170 808 3212 Eumenis
837 3172 875 3211 ΙΙ
906 3173 950 3212 et
978 3170 1114 3212 Attali
1135 3173 1173 3211 II
1205 3171 1270 3224 (cf.
1303 3174 1394 3213 not.
1419 3172 1457 3224 7)
1491 3171 1618 3213 favor
1648 3174 1693 3212 et
1721 3172 1972 3224 benignitas
2000 3164 2252 3224 plurimum

271 3244 412 3284 valuit
443 3243 498 3284 ad
528 3244 625 3284 eius
657 3243 919 3296 dignitatem
950 3245 995 3284 et
1025 3244 1314 3296 splendorem
1335 3245 1606 3297 augendum.
1658 3244 1806 3292 Quare
1829 3245 2032 3296 Pergami
2054 3244 2251 3285 multum

271 3315 643 3356 commorabatur
687 3315 841 3368 ibique
887 3316 1118 3357 civitatem
1163 3317 1322 3357 nactus
1364 3318 1433 3357 est
1474 3317 1540 3369 (cf.
1582 3317 1626 3358 C.
1656 3317 1686 3357 I.
1720 3317 1769 3357 G.
1804 3319 1911 3356 3068
1928 3316 1973 3368 C,
2002 3318 2026 3355 2
2067 3311 2249 3371 Κράτων

272 3383 468 3445 Ζωτίχου
500 3384 807 3444 Περγαμηνός),
839 3387 901 3428 ibi
923 3388 1060 3428 etiam
1082 3387 1275 3428 decessit
1306 3388 1361 3439 (v.
1386 3391 1454 3429 45.
1478 3388 1558 3440 46).
1620 3388 1685 3429 Ex
1715 3399 1756 3429 n.
1782 3391 1876 3441 325,
1900 3391 1938 3428 4.
1962 3391 1985 3427 2
2018 3387 2249 3441 discimus,

273 3459 464 3500 Cratona
494 3471 553 3500 m.
575 3459 819 3500 Februario
849 3472 886 3501 a.
911 3463 991 3499 452
1015 3471 1053 3501 a.
1075 3459 1175 3501 Chr.
1200 3471 1240 3500 n.
1274 3460 1513 3501 etiamtum
1545 3461 1835 3512 superstitem
1866 3459 2017 3513 fuisse,
2050 3460 2130 3500 sed
2159 3445 2256 3501 non·

272 3531 415 3572 multo
446 3534 552 3584 post
579 3533 672 3572 vita
704 3532 885 3573 functus
914 3531 1108 3583 videtur,
1148 3533 1200 3571 ut
1230 3532 1351 3572 haud
1382 3533 1533 3585 inepte
1563 3532 1816 3573 Boeckhius
1854 3532 1952 3572 eius
1983 3532 2141 3572 florem
2173 3543 2248 3573 anf-

273 3614 434 3644 norum
473 3607 554 3643 472
595 3606 639 3644 et
682 3607 760 3644 450
795 3616 832 3645 a.
865 3604 964 3644 Chr.
1005 3603 1209 3644 terminis
1250 3604 1469 3645 contineri
1508 3605 1730 3657 statuerit,
1775 3604 1859 3644 etsi
1903 3605 2017 3645 ratio
2064 3606 2251 3657 propter

273 3686 409 3728 quam
442 3675 497 3716 ab
529 3687 644 3716 anno
678 3679 758 3716 472
791 3676 1081 3730 potissimum
1113 3675 1343 3728 profectus
1374 3678 1442 3716 est
1473 3677 1739 3729 neutiquam
1769 3678 1893 3717 certa
1921 3677 2033 3717 mihi
2064 3674 2248 3730 quideni
