2314 3970
281 236 386 289 206
954 233 1004 273 11.
1055 232 1253 283 Regnum
1286 231 1567 283 Lagidarum.
2095 233 2127 284 [l
2141 237 2254 273 27-

423 405 671 476 [Βασιλέα
696 403 1022 474 Πτολεμαῖον,
1051 402 1170 455 θεὸν
1193 398 1486 473 Ε]ὖπάτορα
1498 405 1531 471 ¹,
1564 403 1570 473 Ι
1597 433 1891 442 ---------
1914 402 1922 474 Ι
1942 433 2202 443 --------
2214 406 2249 455 2,

394 581 585 620 Litterae
615 580 741 621 ΑοΠ.
887 582 904 618 4
945 577 1007 619 Cf.
1038 589 1081 619 n.
1104 580 1186 619 425
1200 577 1228 620 ².
1381 581 1406 618 2
1446 577 1510 618 De
1541 577 1750 619 versibus
1782 578 1945 619 excisis
1977 578 2030 619 cf.
2063 589 2105 618 n.
2128 581 2209 618 423
2221 578 2253 619 2.

387 821 497 876 128
546 826 699 892 Lapis
737 839 768 874 a
804 825 1047 876 Jomardo
1086 828 1320 891 repertus
1357 825 1407 872 in
1446 823 1635 890 oppido
1670 820 1842 874 GairO.
1913 825 1991 872 Ex
2026 823 2255 874 Jomardi

276 911 575 978 apographo
621 912 699 961 ed.
741 911 1298 978 Champollion-Figeac
1333 912 1553 961 Annales
1600 910 1688 960 des
1725 910 1941 975 Lagides
1978 910 2022 959 II
2066 926 2117 977 p.
2149 910 2249 959 407

277 999 546 1064 (Letronne
596 997 915 1049 Recherches
961 1013 1094 1065 pour
1130 999 1294 1050 servir
1331 998 1362 1046 a
1396 993 1643 1048 l'histoire
1680 997 1743 1046 de
1779 985 2013 1063 l’Egypte
2049 1013 2100 1064 p.
2130 998 2248 1046 343.

276 1086 522 1151 Descript.
567 1086 686 1151 Aeg.
737 1086 890 1151 antiq.
933 1086 977 1135 V
1026 1085 1128 1135 tab.
1168 1086 1234 1136 52
1288 1100 1336 1134 n.
1376 1085 1461 1134 22.
1537 1085 1579 1134 J.
1615 1084 1778 1134 Franz
1827 1083 1878 1134 C.
1917 1085 1953 1134 I.
1990 1084 2046 1134 G.
2096 1085 2251 1134 4698.

276 1172 338 1221 M.
368 1172 420 1221 L.
450 1171 632 1222 Strack
670 1172 759 1223 Die
797 1173 1040 1238 Dynastie
1077 1172 1167 1222 der
1205 1172 1490 1222 Ptolemfier
1527 1187 1576 1238 p.
1609 1171 1711 1221 255
1751 1186 1799 1220 n.
1833 1170 1968 1236 405).

419 1311 648 1367 Βασιλέα
676 1312 1006 1384 Πτολεμαῖον,
1047 1312 1165 1367 θεὸν
1192 1309 1474 1386 Εὐεργέτην
1492 1316 1526 1382 ¹,
1557 1312 1562 1384 Ι
1591 1313 1724 1366 θεῶν
1757 1308 2049 1384 Ἐπιφανῶν
2083 1308 2255 1365 Ἀπολ-

417 1401 638 1471 λόδωρος
671 1396 837 1455 Ἀέτου
865 1399 873 1472 Ι
901 1403 997 1454 τῶν
1024 1400 1301 1471 πρ(ιιί))-ι·ων2
1338 1399 1493 1472 φίλων
1509 1402 1546 1469 ³,
1585 1401 1611 1452 ὁ
1639 1397 1908 1470 ἐπιστάτης
1946 1397 2031 1452 καὶ
2061 1397 2067 1468 Ι
2095 1419 2254 1470 γραμ-

710 1489 737 1503 §U

419 1484 638 1556 ματεὺς4
674 1507 772 1540 των
809 1487 1088 1541 κατοίκων5
1127 1487 1330 1540 ἱππέων.

388 1663 580 1703 Litterae
610 1664 747 1705 ΘΠΣ.
895 1666 911 1703 4
952 1662 1238 1704 Ptolemaeus
1258 1662 1356 1703 VIII
1388 1662 1632 1715 Euergetes
1663 1663 1701 1703 II
1733 1662 1974 1714 (446-446
1996 1674 2034 1703 a.
2057 1662 2157 1702 Chr.
2181 1662 2251 1713 n.).

274 1738 299 1774 2
343 1735 592 1777 ΠΡΟΤΩΝ.
729 1738 751 1775 3
794 1734 854 1776 Cf.
887 1746 929 1776 n.
948 1734 1034 1776 991.
1057 1733 1181 1777 4042.
1321 1738 1343 1776 4
1382 1735 1447 1776 De
1468 1735 1629 1776 scribis
1651 1735 1934 1776 exercituum
1956 1735 2035 1787 qui
2061 1734 2251 1775 admini-

272 1808 479 1849 strationi
501 1808 788 1860 pecuniariae
809 1810 1026 1861 praesunt
1056 1807 1110 1849 cf.
1134 1819 1175 1849 n.
1194 1807 1318 1850 4025.
1457 1812 1480 1848 5
1522 1807 1583 1849 Cf.
1605 1807 1761 1860 Polyb.
1775 1807 1826 1861 V,
1851 1811 1918 1860 65,
1943 1810 2018 1847 ⁴0:
2052 1804 2250 1865 συνήχθη

272 1877 317 1920 δὲ
346 1878 419 1921 καὶ
441 1876 621 1936 Θρᾳκῶν
651 1877 724 1920 καὶ
747 1876 952 1922 Γαλατῶν
983 1877 1166 1935 πλῆθος,
1198 1878 1247 1922 ἐκ
1278 1878 1355 1936 μὲν
1385 1884 1469 1921 τῶν
1490 1877 1706 1922 κατοίκων
1737 1877 1809 1920 καὶ
1837 1883 1922 1920 τῶν
1955 1876 2161 1935 ἐπιγόνων
2191 1875 2252 1924 εἰς

269 1949 643 2010 τετρακισχιλίους,
685 1950 726 1994 οἱ
757 1949 803 1993 δὲ
833 1949 1088 2009 προσφάτως
1118 1948 1470 2010 ἐπισυναχθέντες
1499 1949 1609 2006 ἦσαν
1642 1949 1702 1998 εἰς
1733 1948 1977 2010 δισχιλίους,
2017 1950 2075 1992 ὦν
2105 1948 2253 2008 ἡγεῖτο
2311 1953 2314 2006 ξ

271 2018 490 2069 Διονύσιος
521 2021 542 2065 ὁ
566 2020 692 2081 Θρᾷξ.
737 2023 831 2077 XV,
855 2026 923 2078 25,
945 2027 997 2064 47
1031 2021 1105 2065 δύο
1136 2022 1215 2080 γὰρ
1247 2022 1349 2082 ἔσχε
1378 2021 1604 2082 προθέσεις
1635 2021 1742 2079 ὑπὲρ
1769 2021 1926 2079 ταύτης
1947 2026 2025 2080 τῆς
2048 2020 2252 2080 ἐπιβολῆς
2310 2013 2314 2059 ἶ

273 2090 556 2150 (Πτολεμαῖος
587 2094 609 2138 ὁ
632 2091 916 2155 Φιλοπάτωρ),
949 2094 1049 2151 μίαν
1082 2093 1159 2152 μὲν
1186 2093 1462 2154 ἀποχρῆσθαι
1481 2099 1573 2142 τοῖς
1593 2093 1933 2153 ξενολογηθεῖσιν
1964 2093 2023 2141 εἰς
2052 2094 2125 2136 τὸν
2147 2094 2280 2151 πρὸςΙ
2313 2146 2314 2149 ¹

265 2161 475 2225 Ἀντίοχον
505 2165 709 2223 πόλεμον,
740 2166 877 2224 ἄλλην
911 2166 957 2210 δὲ
985 2166 1083 2215 τοὺς
1103 2166 1309 2227 ἀρχαίους
1328 2166 1401 2210 ’καὶ
1421 2166 1775 2227 προϋπάρχοντας
1796 2166 1939 2218 ξένους
1972 2166 2041 2209 ἐπὶ
2070 2164 2123 2209 τὰ
2142 2165 2252 2209 κατὰ
2275 2159 2281 2217 Ῐ
2311 2169 2314 2248 Ι

264 2238 344 2296 τὴν
365 2239 511 2298 χώραν
543 2239 722 2299 φρούρια
750 2239 822 2282 καὶ
851 2239 928 2288 τὰς
956 2239 1174 2287 κατοικίας
1196 2238 1461 2294 ἀποστεῖλαι,
1490 2244 1580 2287 τοῖς
1609 2238 1656 2282 ὃὲ
1675 2238 2031 2299 παραγενομένοις
2061 2237 2251 2298 ἀναπλη-
2264 2262 2273 2282 ,1
2303 2267 2305 2271 .

268 2316 399 2369 ρῶσαι
419 2310 493 2354 καὶ
512 2317 810 2370 καινοποιῆσαι
826 2311 905 2369 τὴν
928 2309 1157 2369 θεραπείαν
1174 2311 1313 2355 ’καὶτὰ
1337 2311 1434 2370 περὶ
1447 2312 1524 2370 τὴν
1548 2310 1683 2369 αὐλὴν
1702 2310 1916 2370 φυλακεῖα
1935 2311 2027 2354 κτλ.
2073 2312 2248 2354 Utrobi-
2272 2348 2274 2350 .
2300 2304 2301 2308 ’

266 2395 355 2436 que
376 2383 592 2437 distingui
614 2386 947 2426 mercennarios
969 2396 1124 2427 recens
1143 2385 1395 2428 conductos
1424 2385 1481 2427 ab
1513 2387 1578 2426 eis
1598 2385 1677 2439 qui
1705 2385 1976 2438 iampridem
2007 2397 2034 2426 a
2063 2384 2301 2437 regibus

265 2456 311 2497 in
332 2458 454 2497 terra
473 2457 678 2510 Aegypto
701 2457 929 2499 domicilia
949 2458 1208 2511 acceperint
1229 2455 1446 2511 (κάτοικοι)
1475 2459 1519 2499 et
1540 2458 1619 2511 qui
1639 2468 1695 2499 ex
1716 2458 1787 2499 his
1809 2458 1902 2499 nati
1925 2458 2015 2498 sint
2036 2454 2266 2514 (ἐπίγονοι),

266 2531 468 2581 apparet.
529 2529 615 2570 Sed
658 2529 722 2570 illi
764 2530 1032 2582 antiquioris
1071 2531 1244 2584 aetatis,
1286 2530 1341 2571 de
1378 2529 1548 2583 quibus
1579 2529 1796 2583 Polybius
1835 2530 1910 2570 hic
1950 2528 2090 2570 verba
2127 2528 2245 2582 facit,

265 2601 362 2640 sine
402 2599 542 2641 dubio
581 2612 669 2642 non
709 2601 784 2642 alii
822 2603 929 2642 sunt
966 2613 1020 2643 ac
1050 2602 1217 2643 milites
1255 2601 1424 2654 quibus
1461 2601 1744 2643 Ptolemaeus
1775 2602 1813 2642 II
1843 2600 2160 2654 Philadelphus
2198 2601 2265 2641 in*

265 2682 401 2712 nomo
431 2672 703 2714 Arsino'itico
743 2669 960 2728 (Fayjic‘sm)
1001 2674 1199 2715 colonias
1241 2674 1458 2715 militares
1496 2674 1732 2715 constituit
1769 2684 2019 2726 eorumque
2059 2672 2261 2726 posteri..¹
2292 2720 2293 2724 Ι

266 2742 396 2791 Quod
426 2746 584 2785 contra
615 2745 897 2786 Ptolemaeus
918 2745 956 2785 V
987 2745 1242 2799 Epiphanes
1275 2746 1453 2798 (205-4
1466 2749 1509 2787 84
1549 2758 1587 2787 a.
1610 2746 1726 2798 Chr.)
1757 2745 1956 2799 demum,
1997 2756 2102 2786 cum
2143 2744 2253 2785 illae¹
2290 2767 2291 2771 =

265 2815 466 2858 coloniae
487 2815 690 2858 sublatae
710 2819 874 2870 essent,
907 2816 1029 2858 aliud
1051 2828 1192 2870 genus
1213 2815 1423 2860 κατοίκων
1447 2819 1695 2872 constituit,
1727 2819 1923 2859 militum
1944 2817 2242 2859 Macedonum
2287 2843 2289 2856 2

268 2888 633 2942 Graecorumque
663 2889 744 2942 qui
775 2889 976 2930 emeritis
1008 2889 1246 2931 ordinariis
1278 2890 1514 2943 stipendiis
1556 2891 1602 2931 in
1638 2890 1834 2944 praediis
1868 2888 2085 2946 (κλήροις),
2126 2899 2240 2942 quae
2285 2895 2287 2931 J

264 2961 436 3013 passim
474 2971 555 3014 per
594 2960 801 3002 diversos
840 2961 966 3013 regni
1003 2972 1164 3002 nomos
1202 2964 1470 3014 acceperant
1509 2963 1575 3014 (cf.
1609 2960 1649 3004 οἱ
1680 2961 1722 3004 ἐν
1761 2962 1825 3018 τῷ
1855 2955 2240 3018 Ἠρακλεοπολίτηι

264 3034 477 3090 συγγενεῖς
506 3031 700 3074 κάτοικοι
731 3032 874 3074 Greek
905 3033 1068 3085 papyri
1099 3033 1144 3074 in
1175 3033 1252 3074 the
1283 3033 1389 3075 Brit.
1420 3034 1533 3075 Mus.
1563 3035 1581 3073 1
1613 3046 1654 3075 n.
1679 3037 1747 3087 23,
1772 3036 1809 3074 7.
1853 3035 1928 3074 τοῦ
1958 3032 2054 3090 περὶ
2077 3029 2242 3092 Θήβας,-

264 3101 308 3145 ἐν
346 3100 573 3147 Διοσπόλει
607 3108 678 3160 τῆι
716 3101 901 3162 μεγάληι
942 3106 987 3144 et
1025 3103 1146 3158 alibi,
1185 3104 1239 3146 cf.
1279 3106 1432 3159 Meyer
1469 3117 1510 3159 p.
1536 3110 1587 3146 69
1606 3106 1718 3158 sqq.)
1758 3104 2034 3158 habitabant,
2081 3104 2161 3145 sed
2197 3102 2235 3144 si
2280 3095 2282 3111 Ι

262 3176 442 3229 quando
476 3187 593 3230 opus
634 3178 754 3218 esset
790 3176 921 3229 quasi
959 3175 1152 3217 subsidii
1187 3176 1286 3218 loco
1327 3177 1644 3219 evocabantur.
1704 3178 1768 3218 De
1806 3179 1902 3219 toto
1942 3177 2150 3218 instituto
2180 3173 2234 3216 cf.
2278 3162 2280 3171 ¹

261 3248 296 3288 J.
320 3249 367 3289 G.
389 3249 598 3301 Droysen
634 3249 788 3290 Kleine
819 3247 1039 3289 Schriften
1068 3248 1106 3287 11
1143 3259 1187 3301 p.
1216 3252 1310 3290 377.
1370 3249 1416 3290 U.
1439 3248 1643 3291 Wilcken
1681 3249 1802 3303 apud
1832 3248 2026 3290 eundem
2063 3259 2107 3301 p.
2139 3249 2232 3288 ⁴36.
2274 3241 2277 3298 Ι

262 3321 309 3361 G.
331 3321 584 3362 Lumbroso
615 3320 896 3362 Recherches
927 3331 1007 3361 sur
1035 3319 1192 3361 l'.econ
1213 3320 1339 3373 polit.
1372 3321 1427 3362 de
1448 3310 1654 3375 l'Egypte
1684 3333 1727 3374 p.
1750 3324 1847 3362 225.
1898 3322 1942 3362 P.
1965 3321 2118 3374 Meyer
2146 3320 2232 3360 Das
2271 3346 2275 3384 Ι

261 3392 529 3434 Heerwesen
561 3392 641 3434 der
662 3393 913 3434 Ptolemaer
943 3391 1038 3433 und
1067 3391 1231 3433 Romer
1262 3393 1307 3433 in
1326 3392 1561 3446 Aegypten
1592 3395 1617 3444 ξ
1639 3397 1691 3435 45
1724 3405 1767 3446 p.
1793 3397 1843 3434 68
1863 3403 1961 3446 sqq.
2012 3392 2093 3432 Hic
2113 3387 2272 3465 haud,

260 3463 563 3516 improbiliter
593 3466 763 3517 statuit,
795 3464 1034 3517 Polybium
1066 3474 1174 3506 suae
1204 3465 1364 3506 aetatis
1394 3476 1482 3506 usu
1508 3466 1731 3507 sermonis
1753 3465 1994 3518 deceptum
2023 3462 2231 3505 κατοίκων
2268 3434 2271 3533 Ι

260 3536 305 3575 et
335 3533 535 3591 ἐπιγόνων
569 3537 750 3577 nomina
781 3536 837 3577 ad
867 3536 967 3578 illos
998 3536 1118 3577 tertii
1149 3547 1186 3577 a.
1221 3535 1319 3578 Chr.
1351 3548 1392 3577 n.
1426 3537 1622 3591 colonos,
1663 3538 1742 3590 qui
1781 3538 1966 3590 proprie
1995 3533 2230 3593 κληροῦχοι
2266 3530 2269 3582 μ’

260 3608 409 3648 vocati
440 3610 603 3661 essent,
635 3609 933 3650 transtulisse.

486 3738 589 3742 -.—.
598 3739 608 3741 .,
675 3739 747 3742 --7-
835 3739 901 3743 ..,.,,
911 3739 1461 3743 ,Ἥ,.-,,.,,.------,-7Μ-,
1468 3740 1623 3744 ,Δ-,Ϋ-ᾼ,γ-
1632 3741 1679 3745 ql„
1686 3734 2223 3744 7·*.-——..„..-.„⁴,....----
