<?xml version="1.0" encoding="UTF-8"?>
<!DOCTYPE html PUBLIC "-//W3C//DTD XHTML 1.0 Transitional//EN"
    "http://www.w3.org/TR/xhtml1/DTD/xhtml1-transitional.dtd">
<html xmlns="http://www.w3.org/1999/xhtml" xml:lang="en" lang="en">
 <head>
  <title>
</title>
<meta http-equiv="Content-Type" content="text/html;charset=utf-8" />
  <meta name='ocr-system' content='tesseract 3.04.00' />
  <meta name='ocr-capabilities' content='ocr_page ocr_carea ocr_par ocr_line ocrx_word'/>
</head>
<body>
  <div class='ocr_page' id='page_1' title='image "./orientisgraeciin01dittuoft_0564.png"; bbox 0 0 2314 3970; ppageno 0'>
   <div class='ocr_carea' id='block_1_1' title="bbox 240 0 2295 189">
    <p class='ocr_par' dir='ltr' id='par_1_1' title="bbox 240 0 2295 189">
     <span class='ocr_line' id='line_1_1' title="bbox 240 0 2295 189; baseline 0.001 -14"><span class='ocrx_word' id='word_1_1' title='bbox 240 139 343 189; x_wconf 78' lang='lat'>550</span> <span class='ocrx_word' id='word_1_2' title='bbox 711 138 780 178; x_wconf 90' lang='lat' dir='ltr'>VI.</span> <span class='ocrx_word' id='word_1_3' title='bbox 826 138 975 188; x_wconf 82' lang='lat' dir='ltr'>Regna</span> <span class='ocrx_word' id='word_1_4' title='bbox 1003 136 1166 177; x_wconf 86' lang='lat' dir='ltr'>Asiana</span> <span class='ocrx_word' id='word_1_5' title='bbox 1197 137 1384 176; x_wconf 89' lang='lat' dir='ltr'>minora.</span> <span class='ocrx_word' id='word_1_6' title='bbox 1446 139 1484 177; x_wconf 99' lang='grc'><strong>4.</strong></span> <span class='ocrx_word' id='word_1_7' title='bbox 1515 135 1736 188; x_wconf 81' lang='lat' dir='ltr'><strong>Bithynia.</strong></span> <span class='ocrx_word' id='word_1_8' title='bbox 2112 136 2211 189; x_wconf 79' lang='lat'><strong>[345</strong></span> <span class='ocrx_word' id='word_1_9' title='bbox 2265 0 2295 179; x_wconf 53' lang='grc' dir='ltr'><strong>ι</strong></span> 
     </span>
    </p>
   </div>
   <div class='ocr_carea' id='block_1_2' title="bbox 331 305 2216 810">
    <p class='ocr_par' dir='ltr' id='par_1_2' title="bbox 331 305 2216 810">
     <span class='ocr_line' id='line_1_2' title="bbox 331 305 2214 379; baseline -0.001 -18"><span class='ocrx_word' id='word_1_10' title='bbox 331 324 355 364; x_wconf 89' lang='grc'>5</span> <span class='ocrx_word' id='word_1_11' title='bbox 390 309 543 362; x_wconf 82' lang='grc' dir='ltr'>Νικίοι</span> <span class='ocrx_word' id='word_1_12' title='bbox 584 309 685 377; x_wconf 82' lang='grc' dir='ltr'>[τοῦ</span> <span class='ocrx_word' id='word_1_13' title='bbox 713 305 1012 376; x_wconf 81' lang='grc' dir='ltr'>Κλέωνος4,]</span> <span class='ocrx_word' id='word_1_14' title='bbox 1038 306 1054 378; x_wconf 93' lang='grc' dir='ltr'>ΙΙ</span> <span class='ocrx_word' id='word_1_15' title='bbox 1077 306 1215 365; x_wconf 81' lang='grc' dir='ltr'>ἔδοξε</span> <span class='ocrx_word' id='word_1_16' title='bbox 1252 310 1337 359; x_wconf 86' lang='grc' dir='ltr'>τᾶι</span> <span class='ocrx_word' id='word_1_17' title='bbox 1371 308 1517 359; x_wconf 87' lang='grc' dir='ltr'>πόλει</span> <span class='ocrx_word' id='word_1_18' title='bbox 1552 311 1649 359; x_wconf 93' lang='grc' dir='ltr'>τῶν</span> <span class='ocrx_word' id='word_1_19' title='bbox 1689 307 1898 379; x_wconf 82' lang='grc' dir='ltr'>Δελφῶν</span> <span class='ocrx_word' id='word_1_20' title='bbox 1939 309 1990 360; x_wconf 88' lang='grc' dir='ltr'>ἐν</span> <span class='ocrx_word' id='word_1_21' title='bbox 2031 308 2214 378; x_wconf 81' lang='grc' dir='ltr'>ἀγορᾶι</span> 
     </span>
     <span class='ocr_line' id='line_1_3' title="bbox 383 391 2215 465; baseline 0 -18"><span class='ocrx_word' id='word_1_22' title='bbox 383 394 579 447; x_wconf 80' lang='grc' dir='ltr'>τελείωι</span> <span class='ocrx_word' id='word_1_23' title='bbox 618 392 716 462; x_wconf 81' lang='grc' dir='ltr'>σὺμ</span> <span class='ocrx_word' id='word_1_24' title='bbox 754 391 966 464; x_wconf 79' lang='grc' dir='ltr'>ψάφ[οις</span> <span class='ocrx_word' id='word_1_25' title='bbox 1003 393 1110 452; x_wconf 85' lang='grc' dir='ltr'>ταῖς</span> <span class='ocrx_word' id='word_1_26' title='bbox 1150 393 1416 462; x_wconf 83' lang='grc' dir='ltr'>ἐννόμοις·]</span> <span class='ocrx_word' id='word_1_27' title='bbox 1447 392 1452 463; x_wconf 90' lang='grc' dir='ltr'>Ι</span> <span class='ocrx_word' id='word_1_28' title='bbox 1482 391 1590 445; x_wconf 83' lang='grc' dir='ltr'>ἐπεὶ</span> <span class='ocrx_word' id='word_1_29' title='bbox 1625 393 1856 464; x_wconf 81' lang='grc' dir='ltr'>βασιλεὺς</span> <span class='ocrx_word' id='word_1_30' title='bbox 1886 393 2215 465; x_wconf 78' lang='grc' dir='ltr'>Νικομήδης5</span> 
     </span>
     <span class='ocr_line' id='line_1_4' title="bbox 386 477 2215 552; baseline 0.002 -21"><span class='ocrx_word' id='word_1_31' title='bbox 386 480 631 551; x_wconf 86' lang='grc' dir='ltr'>βασιλέως</span> <span class='ocrx_word' id='word_1_32' title='bbox 658 477 1006 550; x_wconf 73' lang='grc' dir='ltr'>Νικομήδεος6</span> <span class='ocrx_word' id='word_1_33' title='bbox 1040 477 1125 531; x_wconf 82' lang='grc' dir='ltr'>καὶ</span> <span class='ocrx_word' id='word_1_34' title='bbox 1155 479 1421 549; x_wconf 81' lang='grc' dir='ltr'>βασίλισσα</span> <span class='ocrx_word' id='word_1_35' title='bbox 1447 479 1693 549; x_wconf 81' lang='grc' dir='ltr'>Λαο[ὃίκα</span> <span class='ocrx_word' id='word_1_36' title='bbox 1719 481 1949 550; x_wconf 83' lang='grc' dir='ltr'>βασιλέος</span> <span class='ocrx_word' id='word_1_37' title='bbox 1977 479 2215 552; x_wconf 73' lang='grc' dir='ltr'>ΜιΙΙθρα-</span> 
     </span>
     <span class='ocr_line' id='line_1_5' title="bbox 384 564 2213 637; baseline 0.002 -20"><span class='ocrx_word' id='word_1_38' title='bbox 384 564 567 618; x_wconf 73' lang='grc' dir='ltr'>ὲ“&gt;άτοο”Ι</span> <span class='ocrx_word' id='word_1_39' title='bbox 619 566 840 636; x_wconf 81' lang='grc' dir='ltr'>εὐσεβῶς</span> <span class='ocrx_word' id='word_1_40' title='bbox 904 565 992 634; x_wconf 86' lang='grc' dir='ltr'>μὲν</span> <span class='ocrx_word' id='word_1_41' title='bbox 1050 564 1358 635; x_wconf 81' lang='grc' dir='ltr'>διακείμενοι</span> <span class='ocrx_word' id='word_1_42' title='bbox 1417 564 1718 636; x_wconf 84' lang='grc' dir='ltr'>τυγχάνοντι</span> <span class='ocrx_word' id='word_1_43' title='bbox 1776 566 1886 620; x_wconf 85' lang='grc' dir='ltr'>ποτὶ</span> <span class='ocrx_word' id='word_1_44' title='bbox 1941 566 2023 619; x_wconf 86' lang='grc' dir='ltr'>τὸν</span> <span class='ocrx_word' id='word_1_45' title='bbox 2075 568 2213 637; x_wconf 82' lang='grc' dir='ltr'>θεόν,</span> 
     </span>
     <span class='ocr_line' id='line_1_6' title="bbox 383 647 2215 722; baseline 0.002 -18"><span class='ocrx_word' id='word_1_46' title='bbox 383 653 669 722; x_wconf 75' lang='grc' dir='ltr'>[εὐνοϊκῶς8</span> <span class='ocrx_word' id='word_1_47' title='bbox 707 651 779 720; x_wconf 83' lang='grc' dir='ltr'>δὲ]</span> <span class='ocrx_word' id='word_1_48' title='bbox 822 651 827 722; x_wconf 90' lang='grc' dir='ltr'>Ι</span> <span class='ocrx_word' id='word_1_49' title='bbox 867 650 980 705; x_wconf 88' lang='grc' dir='ltr'>ποτὶ</span> <span class='ocrx_word' id='word_1_50' title='bbox 1016 647 1109 704; x_wconf 83' lang='grc' dir='ltr'>τὰν</span> <span class='ocrx_word' id='word_1_51' title='bbox 1147 653 1290 705; x_wconf 85' lang='grc' dir='ltr'>πόλιν</span> <span class='ocrx_word' id='word_1_52' title='bbox 1328 654 1424 705; x_wconf 93' lang='grc' dir='ltr'>τῶν</span> <span class='ocrx_word' id='word_1_53' title='bbox 1464 651 1689 722; x_wconf 85' lang='grc' dir='ltr'>Δελφῶν,</span> <span class='ocrx_word' id='word_1_54' title='bbox 1744 652 2121 706; x_wconf 85' lang='grc' dir='ltr'>ἀποσταλέντων</span> <span class='ocrx_word' id='word_1_55' title='bbox 2160 674 2215 707; x_wconf 84' lang='grc' dir='ltr'>τε</span> 
     </span>
     <span class='ocr_line' id='line_1_7' title="bbox 381 735 2216 810; baseline 0.002 -21"><span class='ocrx_word' id='word_1_56' title='bbox 381 735 522 808; x_wconf 83' lang='grc' dir='ltr'>παρὰ</span> <span class='ocrx_word' id='word_1_57' title='bbox 552 741 640 797; x_wconf 86' lang='grc' dir='ltr'>τᾶς</span> <span class='ocrx_word' id='word_1_58' title='bbox 675 739 848 798; x_wconf 86' lang='grc' dir='ltr'>πόλιος</span> <span class='ocrx_word' id='word_1_59' title='bbox 879 739 1202 810; x_wconf 85' lang='grc' dir='ltr'>πρε[σβευτᾶν</span> <span class='ocrx_word' id='word_1_60' title='bbox 1230 739 1347 807; x_wconf 88' lang='grc' dir='ltr'>τῶν]</span> <span class='ocrx_word' id='word_1_61' title='bbox 1382 738 1387 809; x_wconf 89' lang='grc' dir='ltr'>Ι</span> <span class='ocrx_word' id='word_1_62' title='bbox 1421 739 1793 808; x_wconf 78' lang='grc' dir='ltr'>αἰτησομένων9</span> <span class='ocrx_word' id='word_1_63' title='bbox 1827 740 2036 810; x_wconf 84' lang='grc' dir='ltr'>σώματα</span> <span class='ocrx_word' id='word_1_64' title='bbox 2050 743 2092 776; x_wconf 87' lang='lat'>¹⁰</span> <span class='ocrx_word' id='word_1_65' title='bbox 2124 745 2216 793; x_wconf 88' lang='grc' dir='ltr'>τῶι</span> 
     </span>
    </p>
   </div>
   <div class='ocr_carea' id='block_1_3' title="bbox 234 926 2303 1197">
    <p class='ocr_par' dir='ltr' id='par_1_3' title="bbox 234 911 2303 1197">
     <span class='ocr_line' id='line_1_8' title="bbox 356 926 2215 980; baseline 0.001 -12"><span class='ocrx_word' id='word_1_66' title='bbox 356 930 376 967; x_wconf 80' lang='grc'><strong>4</strong></span> <span class='ocrx_word' id='word_1_67' title='bbox 420 928 655 980; x_wconf 81' lang='lat' dir='ltr'><strong>Supplevit</strong></span> <span class='ocrx_word' id='word_1_68' title='bbox 676 928 894 980; x_wconf 90' lang='lat' dir='ltr'>Pomtow,</span> <span class='ocrx_word' id='word_1_69' title='bbox 927 928 1006 980; x_wconf 89' lang='lat' dir='ltr'>qui</span> <span class='ocrx_word' id='word_1_70' title='bbox 1037 926 1231 967; x_wconf 89' lang='lat' dir='ltr'>eundem</span> <span class='ocrx_word' id='word_1_71' title='bbox 1262 926 1492 967; x_wconf 89' lang='lat' dir='ltr'>hominem</span> <span class='ocrx_word' id='word_1_72' title='bbox 1514 926 1761 980; x_wconf 81' lang='lat' dir='ltr'><strong>buleutam,</strong></span> <span class='ocrx_word' id='word_1_73' title='bbox 1793 930 1969 980; x_wconf 90' lang='lat' dir='ltr'>testem,</span> <span class='ocrx_word' id='word_1_74' title='bbox 2000 929 2215 980; x_wconf 87' lang='lat' dir='ltr'>praedem</span> 
     </span>
     <span class='ocr_line' id='line_1_9' title="bbox 236 987 2302 1052; baseline 0.002 -11"><span class='ocrx_word' id='word_1_75' title='bbox 236 1002 282 1041; x_wconf 92' lang='lat' dir='ltr'>in</span> <span class='ocrx_word' id='word_1_76' title='bbox 316 1002 419 1042; x_wconf 90' lang='lat' dir='ltr'>octo</span> <span class='ocrx_word' id='word_1_77' title='bbox 450 1000 593 1040; x_wconf 92' lang='lat' dir='ltr'>titulis</span> <span class='ocrx_word' id='word_1_78' title='bbox 625 1001 791 1052; x_wconf 87' lang='lat' dir='ltr'>partim</span> <span class='ocrx_word' id='word_1_79' title='bbox 823 999 1027 1040; x_wconf 89' lang='lat' dir='ltr'>eiusdem</span> <span class='ocrx_word' id='word_1_80' title='bbox 1059 1001 1196 1050; x_wconf 90' lang='lat' dir='ltr'>atque</span> <span class='ocrx_word' id='word_1_81' title='bbox 1224 999 1299 1039; x_wconf 92' lang='lat' dir='ltr'>hic</span> <span class='ocrx_word' id='word_1_82' title='bbox 1320 1001 1388 1039; x_wconf 92' lang='lat' dir='ltr'>est</span> <span class='ocrx_word' id='word_1_83' title='bbox 1410 999 1583 1052; x_wconf 87' lang='lat' dir='ltr'>aetatis,</span> <span class='ocrx_word' id='word_1_84' title='bbox 1614 1000 1780 1051; x_wconf 86' lang='lat' dir='ltr'>partim</span> <span class='ocrx_word' id='word_1_85' title='bbox 1812 1000 1961 1052; x_wconf 92' lang='lat' dir='ltr'>paullo</span> <span class='ocrx_word' id='word_1_86' title='bbox 1993 1000 2218 1042; x_wconf 87' lang='lat' dir='ltr'>inferioris</span> <span class='ocrx_word' id='word_1_87' title='bbox 2300 987 2302 1045; x_wconf 57' lang='grc' dir='ltr'>ζ</span> 
     </span>
     <span class='ocr_line' id='line_1_10' title="bbox 238 1070 2303 1125; baseline 0.001 -12"><span class='ocrx_word' id='word_1_88' title='bbox 238 1073 463 1114; x_wconf 84' lang='lat' dir='ltr'>recenseri</span> <span class='ocrx_word' id='word_1_89' title='bbox 496 1072 758 1113; x_wconf 84' lang='lat' dir='ltr'>observavit</span> <span class='ocrx_word' id='word_1_90' title='bbox 788 1072 910 1124; x_wconf 90' lang='lat' dir='ltr'>(Phil.</span> <span class='ocrx_word' id='word_1_91' title='bbox 933 1071 1025 1111; x_wconf 90' lang='lat' dir='ltr'>LIV</span> <span class='ocrx_word' id='word_1_92' title='bbox 1046 1082 1089 1124; x_wconf 88' lang='lat' dir='ltr'>p.</span> <span class='ocrx_word' id='word_1_93' title='bbox 1113 1070 1225 1123; x_wconf 80' lang='lat'>364),</span> <span class='ocrx_word' id='word_1_94' title='bbox 1267 1071 1405 1114; x_wconf 88' lang='lat' dir='ltr'>alium</span> <span class='ocrx_word' id='word_1_95' title='bbox 1436 1082 1547 1112; x_wconf 89' lang='lat' dir='ltr'>vero</span> <span class='ocrx_word' id='word_1_96' title='bbox 1590 1072 1816 1112; x_wconf 91' lang='lat' dir='ltr'>neminem</span> <span class='ocrx_word' id='word_1_97' title='bbox 1846 1073 2070 1124; x_wconf 90' lang='lat' dir='ltr'>Delphum</span> <span class='ocrx_word' id='word_1_98' title='bbox 2112 1074 2217 1125; x_wconf 92' lang='lat' dir='ltr'>post</span> <span class='ocrx_word' id='word_1_99' title='bbox 2287 1076 2303 1115; x_wconf 58' lang='grc' dir='ltr'>’ς</span> 
     </span>
     <span class='ocr_line' id='line_1_11' title="bbox 234 1130 2303 1197; baseline -0 -11"><span class='ocrx_word' id='word_1_100' title='bbox 234 1145 411 1186; x_wconf 85' lang='lat' dir='ltr'><strong>Niciam</strong></span> <span class='ocrx_word' id='word_1_101' title='bbox 449 1144 730 1197; x_wconf 84' lang='lat' dir='ltr'>Aristonymi</span> <span class='ocrx_word' id='word_1_102' title='bbox 772 1143 798 1184; x_wconf 87' lang='lat' dir='ltr'>f.</span> <span class='ocrx_word' id='word_1_103' title='bbox 843 1144 928 1195; x_wconf 89' lang='lat' dir='ltr'>(Gr.</span> <span class='ocrx_word' id='word_1_104' title='bbox 953 1142 1393 1184; x_wconf 84' lang='lat' dir='ltr'>Dialektinschriften</span> <span class='ocrx_word' id='word_1_105' title='bbox 1427 1144 1465 1183; x_wconf 88' lang='lat'>11</span> <span class='ocrx_word' id='word_1_106' title='bbox 1503 1154 1545 1196; x_wconf 89' lang='lat' dir='ltr'>p.</span> <span class='ocrx_word' id='word_1_107' title='bbox 1577 1146 1651 1184; x_wconf 94' lang='grc'>494</span> <span class='ocrx_word' id='word_1_108' title='bbox 1697 1155 1738 1185; x_wconf 91' lang='lat' dir='ltr'>n.</span> <span class='ocrx_word' id='word_1_109' title='bbox 1773 1147 1897 1197; x_wconf 88' lang='grc'><strong>4695,</strong></span> <span class='ocrx_word' id='word_1_110' title='bbox 1930 1148 1954 1184; x_wconf 90' lang='grc'><strong>2</strong></span> <span class='ocrx_word' id='word_1_111' title='bbox 2000 1145 2217 1186; x_wconf 78' lang='lat' dir='ltr'>archonte</span> <span class='ocrx_word' id='word_1_112' title='bbox 2301 1130 2303 1163; x_wconf 45' lang='grc' dir='ltr'>Ι</span> 
     </span>
    </p>
   </div>
   <div class='ocr_carea' id='block_1_4' title="bbox 235 1215 2221 1918">
    <p class='ocr_par' dir='ltr' id='par_1_4' title="bbox 235 1215 2221 1918">
     <span class='ocr_line' id='line_1_12' title="bbox 237 1215 2216 1270; baseline 0 -13"><span class='ocrx_word' id='word_1_113' title='bbox 237 1217 493 1270; x_wconf 87' lang='lat' dir='ltr'>Thrasycle‚</span> <span class='ocrx_word' id='word_1_114' title='bbox 540 1227 581 1269; x_wconf 91' lang='lat' dir='ltr'>p.</span> <span class='ocrx_word' id='word_1_115' title='bbox 607 1218 687 1256; x_wconf 84' lang='lat'>585</span> <span class='ocrx_word' id='word_1_116' title='bbox 720 1227 762 1256; x_wconf 91' lang='lat' dir='ltr'>n.</span> <span class='ocrx_word' id='word_1_117' title='bbox 786 1218 911 1268; x_wconf 90' lang='grc'><strong>2279,</strong></span> <span class='ocrx_word' id='word_1_118' title='bbox 935 1219 958 1256; x_wconf 94' lang='grc'><strong>9</strong></span> <span class='ocrx_word' id='word_1_119' title='bbox 991 1216 1209 1256; x_wconf 83' lang='lat' dir='ltr'>archonte</span> <span class='ocrx_word' id='word_1_120' title='bbox 1235 1215 1477 1268; x_wconf 84' lang='lat' dir='ltr'>Dexonda),</span> <span class='ocrx_word' id='word_1_121' title='bbox 1510 1216 1590 1268; x_wconf 89' lang='lat' dir='ltr'>qui</span> <span class='ocrx_word' id='word_1_122' title='bbox 1621 1215 1676 1256; x_wconf 90' lang='lat' dir='ltr'>ad</span> <span class='ocrx_word' id='word_1_123' title='bbox 1705 1216 1842 1257; x_wconf 92' lang='lat' dir='ltr'>huius</span> <span class='ocrx_word' id='word_1_124' title='bbox 1872 1216 1991 1257; x_wconf 92' lang='lat' dir='ltr'>tituli</span> <span class='ocrx_word' id='word_1_125' title='bbox 2023 1219 2216 1258; x_wconf 89' lang='lat' dir='ltr'>aetatem</span> 
     </span>
     <span class='ocr_line' id='line_1_13' title="bbox 236 1287 2218 1342; baseline -0.001 -12"><span class='ocrx_word' id='word_1_126' title='bbox 236 1291 468 1342; x_wconf 88' lang='lat' dir='ltr'>superstes</span> <span class='ocrx_word' id='word_1_127' title='bbox 506 1288 645 1329; x_wconf 88' lang='lat' dir='ltr'>fuisse</span> <span class='ocrx_word' id='word_1_128' title='bbox 676 1299 766 1328; x_wconf 92' lang='lat' dir='ltr'>non</span> <span class='ocrx_word' id='word_1_129' title='bbox 795 1289 965 1340; x_wconf 90' lang='lat' dir='ltr'>posset,</span> <span class='ocrx_word' id='word_1_130' title='bbox 1003 1298 1055 1328; x_wconf 94' lang='lat' dir='ltr'>eo</span> <span class='ocrx_word' id='word_1_131' title='bbox 1095 1287 1280 1328; x_wconf 91' lang='lat' dir='ltr'>nomine</span> <span class='ocrx_word' id='word_1_132' title='bbox 1316 1298 1453 1328; x_wconf 91' lang='lat' dir='ltr'>usum</span> <span class='ocrx_word' id='word_1_133' title='bbox 1494 1298 1607 1328; x_wconf 89' lang='lat' dir='ltr'>esse.</span> <span class='ocrx_word' id='word_1_134' title='bbox 1792 1291 1816 1329; x_wconf 88' lang='lat'>5</span> <span class='ocrx_word' id='word_1_135' title='bbox 1857 1287 2128 1330; x_wconf 88' lang='lat' dir='ltr'>Nicomedes</span> <span class='ocrx_word' id='word_1_136' title='bbox 2159 1290 2218 1328; x_wconf 92' lang='lat'>111</span> 
     </span>
     <span class='ocr_line' id='line_1_14' title="bbox 236 1359 2219 1414; baseline 0 -12"><span class='ocrx_word' id='word_1_137' title='bbox 236 1362 498 1414; x_wconf 77' lang='lat' dir='ltr'>Philopator</span> <span class='ocrx_word' id='word_1_138' title='bbox 529 1360 632 1412; x_wconf 88' lang='lat' dir='ltr'>(fere</span> <span class='ocrx_word' id='word_1_139' title='bbox 665 1361 833 1400; x_wconf 74' lang='lat'>92—74</span> <span class='ocrx_word' id='word_1_140' title='bbox 866 1371 905 1401; x_wconf 90' lang='lat' dir='ltr'>a.</span> <span class='ocrx_word' id='word_1_141' title='bbox 928 1359 1059 1412; x_wconf 92' lang='lat' dir='ltr'>Chr.).</span> <span class='ocrx_word' id='word_1_142' title='bbox 1120 1359 1249 1400; x_wconf 89' lang='lat' dir='ltr'>Hunc</span> <span class='ocrx_word' id='word_1_143' title='bbox 1277 1370 1419 1400; x_wconf 90' lang='lat' dir='ltr'>unum</span> <span class='ocrx_word' id='word_1_144' title='bbox 1451 1360 1498 1400; x_wconf 91' lang='lat' dir='ltr'>in</span> <span class='ocrx_word' id='word_1_145' title='bbox 1529 1370 1716 1400; x_wconf 91' lang='lat' dir='ltr'>censum</span> <span class='ocrx_word' id='word_1_146' title='bbox 1746 1361 1901 1401; x_wconf 89' lang='lat' dir='ltr'>venire</span> <span class='ocrx_word' id='word_1_147' title='bbox 1933 1360 2219 1402; x_wconf 86' lang='lat' dir='ltr'>demonstrat</span> 
     </span>
     <span class='ocr_line' id='line_1_15' title="bbox 236 1430 2219 1487; baseline -0.001 -12"><span class='ocrx_word' id='word_1_148' title='bbox 236 1436 450 1487; x_wconf 79' lang='lat' dir='ltr'>paternae</span> <span class='ocrx_word' id='word_1_149' title='bbox 497 1433 682 1484; x_wconf 89' lang='lat' dir='ltr'>originis</span> <span class='ocrx_word' id='word_1_150' title='bbox 727 1431 1007 1484; x_wconf 88' lang='lat' dir='ltr'>significatio.</span> <span class='ocrx_word' id='word_1_151' title='bbox 1074 1430 1189 1472; x_wconf 87' lang='lat' dir='ltr'>Nam</span> <span class='ocrx_word' id='word_1_152' title='bbox 1235 1431 1503 1472; x_wconf 89' lang='lat' dir='ltr'>Nicomedes</span> <span class='ocrx_word' id='word_1_153' title='bbox 1540 1433 1559 1472; x_wconf 94' lang='grc' dir='ltr'>Ι</span> <span class='ocrx_word' id='word_1_154' title='bbox 1602 1433 1824 1486; x_wconf 89' lang='lat' dir='ltr'>Zipoetae,</span> <span class='ocrx_word' id='word_1_155' title='bbox 1867 1432 2138 1474; x_wconf 88' lang='lat' dir='ltr'>Nicomedes</span> <span class='ocrx_word' id='word_1_156' title='bbox 2180 1433 2219 1473; x_wconf 93' lang='lat'>11</span> 
     </span>
     <span class='ocr_line' id='line_1_16' title="bbox 238 1503 2219 1557; baseline -0.001 -10"><span class='ocrx_word' id='word_1_157' title='bbox 238 1507 420 1547; x_wconf 87' lang='lat' dir='ltr'>Prusiae</span> <span class='ocrx_word' id='word_1_158' title='bbox 450 1505 569 1546; x_wconf 92' lang='lat' dir='ltr'>filius</span> <span class='ocrx_word' id='word_1_159' title='bbox 600 1504 696 1545; x_wconf 84' lang='lat' dir='ltr'>fuit.</span> <span class='ocrx_word' id='word_1_160' title='bbox 874 1508 896 1543; x_wconf 88' lang='grc'>6</span> <span class='ocrx_word' id='word_1_161' title='bbox 938 1503 1211 1545; x_wconf 90' lang='lat' dir='ltr'>Nicomedes</span> <span class='ocrx_word' id='word_1_162' title='bbox 1242 1505 1281 1545; x_wconf 95' lang='lat' dir='ltr'>II</span> <span class='ocrx_word' id='word_1_163' title='bbox 1310 1504 1566 1557; x_wconf 90' lang='lat' dir='ltr'>Epiphanes</span> <span class='ocrx_word' id='word_1_164' title='bbox 1599 1506 1629 1557; x_wconf 95' lang='grc'><strong>(4</strong></span> <span class='ocrx_word' id='word_1_165' title='bbox 1645 1507 1810 1545; x_wconf 77' lang='grc'><strong>49-92</strong></span> <span class='ocrx_word' id='word_1_166' title='bbox 1838 1516 1875 1545; x_wconf 94' lang='lat' dir='ltr'>a.</span> <span class='ocrx_word' id='word_1_167' title='bbox 1899 1505 1999 1546; x_wconf 91' lang='lat' dir='ltr'>Chr.</span> <span class='ocrx_word' id='word_1_168' title='bbox 2023 1505 2117 1557; x_wconf 27' lang='lat' dir='ltr'>n.).,</span> <span class='ocrx_word' id='word_1_169' title='bbox 2155 1505 2219 1547; x_wconf 85' lang='lat' dir='ltr'>Cf.</span> 
     </span>
     <span class='ocr_line' id='line_1_17' title="bbox 236 1575 2219 1630; baseline -0.001 -11"><span class='ocrx_word' id='word_1_170' title='bbox 236 1591 277 1619; x_wconf 92' lang='lat' dir='ltr'>n.</span> <span class='ocrx_word' id='word_1_171' title='bbox 303 1576 423 1619; x_wconf 79' lang='lat'>3432.</span> <span class='ocrx_word' id='word_1_172' title='bbox 571 1580 593 1616; x_wconf 89' lang='lat'><strong>7</strong></span> <span class='ocrx_word' id='word_1_173' title='bbox 633 1577 828 1617; x_wconf 88' lang='lat' dir='ltr'>Laodice</span> <span class='ocrx_word' id='word_1_174' title='bbox 847 1576 1118 1617; x_wconf 90' lang='lat' dir='ltr'>Mithridatis</span> <span class='ocrx_word' id='word_1_175' title='bbox 1139 1575 1196 1615; x_wconf 92' lang='lat' dir='ltr'>IV</span> <span class='ocrx_word' id='word_1_176' title='bbox 1222 1576 1469 1628; x_wconf 86' lang='lat' dir='ltr'>Euergetae</span> <span class='ocrx_word' id='word_1_177' title='bbox 1487 1575 1591 1629; x_wconf 88' lang='lat' dir='ltr'>filia,</span> <span class='ocrx_word' id='word_1_178' title='bbox 1623 1577 1892 1617; x_wconf 90' lang='lat' dir='ltr'>Mithridatis</span> <span class='ocrx_word' id='word_1_179' title='bbox 1913 1577 1951 1616; x_wconf 91' lang='lat' dir='ltr'><strong>V</strong></span> <span class='ocrx_word' id='word_1_180' title='bbox 1974 1577 2219 1630; x_wconf 89' lang='lat' dir='ltr'>Eupatoris</span> 
     </span>
     <span class='ocr_line' id='line_1_18' title="bbox 236 1647 2221 1702; baseline -0.001 -11"><span class='ocrx_word' id='word_1_181' title='bbox 236 1662 379 1702; x_wconf 91' lang='lat' dir='ltr'>soror,</span> <span class='ocrx_word' id='word_1_182' title='bbox 411 1661 549 1702; x_wconf 89' lang='lat' dir='ltr'>quam</span> <span class='ocrx_word' id='word_1_183' title='bbox 579 1649 838 1689; x_wconf 88' lang='lat' dir='ltr'>Ariarathes</span> <span class='ocrx_word' id='word_1_184' title='bbox 860 1647 1180 1701; x_wconf 88' lang='lat' dir='ltr'>Cappadocum</span> <span class='ocrx_word' id='word_1_185' title='bbox 1213 1659 1293 1689; x_wconf 84' lang='lat' dir='ltr'>rex</span> <span class='ocrx_word' id='word_1_186' title='bbox 1323 1648 1369 1688; x_wconf 92' lang='lat' dir='ltr'>in</span> <span class='ocrx_word' id='word_1_187' title='bbox 1395 1649 1685 1690; x_wconf 90' lang='lat' dir='ltr'>matrimonio</span> <span class='ocrx_word' id='word_1_188' title='bbox 1705 1648 1939 1701; x_wconf 84' lang='lat' dir='ltr'>habuerat,</span> <span class='ocrx_word' id='word_1_189' title='bbox 1970 1651 2078 1701; x_wconf 93' lang='lat' dir='ltr'>post</span> <span class='ocrx_word' id='word_1_190' title='bbox 2097 1649 2221 1690; x_wconf 91' lang='lat' dir='ltr'>illius</span> 
     </span>
     <span class='ocr_line' id='line_1_19' title="bbox 235 1719 2218 1774; baseline -0.002 -10"><span class='ocrx_word' id='word_1_191' title='bbox 235 1734 391 1764; x_wconf 89' lang='lat' dir='ltr'>necem</span> <span class='ocrx_word' id='word_1_192' title='bbox 424 1733 539 1763; x_wconf 92' lang='lat' dir='ltr'>anno</span> <span class='ocrx_word' id='word_1_193' title='bbox 572 1724 625 1761; x_wconf 91' lang='lat'>96</span> <span class='ocrx_word' id='word_1_194' title='bbox 658 1733 696 1761; x_wconf 89' lang='lat' dir='ltr'>a.</span> <span class='ocrx_word' id='word_1_195' title='bbox 730 1721 831 1761; x_wconf 88' lang='lat' dir='ltr'>Chr.</span> <span class='ocrx_word' id='word_1_196' title='bbox 861 1732 903 1761; x_wconf 90' lang='lat' dir='ltr'>n.</span> <span class='ocrx_word' id='word_1_197' title='bbox 933 1719 1168 1761; x_wconf 91' lang='lat' dir='ltr'>Nicomedi</span> <span class='ocrx_word' id='word_1_198' title='bbox 1201 1721 1239 1760; x_wconf 94' lang='lat' dir='ltr'>II</span> <span class='ocrx_word' id='word_1_199' title='bbox 1269 1720 1493 1773; x_wconf 90' lang='lat' dir='ltr'>Epiphani</span> <span class='ocrx_word' id='word_1_200' title='bbox 1523 1721 1761 1773; x_wconf 85' lang='lat' dir='ltr'>Bithyniae</span> <span class='ocrx_word' id='word_1_201' title='bbox 1800 1721 1894 1772; x_wconf 88' lang='lat' dir='ltr'>regi</span> <span class='ocrx_word' id='word_1_202' title='bbox 1924 1721 2092 1774; x_wconf 88' lang='lat' dir='ltr'>nupsit.</span> <span class='ocrx_word' id='word_1_203' title='bbox 2155 1720 2218 1762; x_wconf 83' lang='lat' dir='ltr'>Cf.</span> 
     </span>
     <span class='ocr_line' id='line_1_20' title="bbox 235 1791 2220 1846; baseline -0.001 -11"><span class='ocrx_word' id='word_1_204' title='bbox 235 1795 389 1835; x_wconf 88' lang='lat' dir='ltr'>lustin.</span> <span class='ocrx_word' id='word_1_205' title='bbox 410 1793 649 1846; x_wconf 86' lang='lat' dir='ltr'>XXXVIII,</span> <span class='ocrx_word' id='word_1_206' title='bbox 673 1797 711 1845; x_wconf 94' lang='grc'><strong>4,</strong></span> <span class='ocrx_word' id='word_1_207' title='bbox 735 1796 773 1832; x_wconf 94' lang='grc'><strong>4.</strong></span> <span class='ocrx_word' id='word_1_208' title='bbox 797 1794 838 1833; x_wconf 80' lang='grc'><strong>4.</strong></span> <span class='ocrx_word' id='word_1_209' title='bbox 889 1792 1019 1840; x_wconf 91' lang='lat' dir='ltr'>Quod</span> <span class='ocrx_word' id='word_1_210' title='bbox 1049 1793 1266 1844; x_wconf 92' lang='lat' dir='ltr'>quoniam</span> <span class='ocrx_word' id='word_1_211' title='bbox 1296 1793 1370 1833; x_wconf 92' lang='lat' dir='ltr'>hic</span> <span class='ocrx_word' id='word_1_212' title='bbox 1399 1793 1558 1845; x_wconf 90' lang='lat' dir='ltr'>utique</span> <span class='ocrx_word' id='word_1_213' title='bbox 1579 1791 1853 1834; x_wconf 89' lang='lat' dir='ltr'>Nicomedes</span> <span class='ocrx_word' id='word_1_214' title='bbox 1873 1793 1931 1832; x_wconf 94' lang='lat' dir='ltr'>III</span> <span class='ocrx_word' id='word_1_215' title='bbox 1961 1793 2220 1845; x_wconf 90' lang='lat' dir='ltr'>intellegen-</span> 
     </span>
     <span class='ocr_line' id='line_1_21' title="bbox 237 1864 2219 1918; baseline -0.001 -11"><span class='ocrx_word' id='word_1_216' title='bbox 237 1867 322 1907; x_wconf 91' lang='lat' dir='ltr'>dus</span> <span class='ocrx_word' id='word_1_217' title='bbox 361 1868 430 1906; x_wconf 92' lang='lat' dir='ltr'>est</span> <span class='ocrx_word' id='word_1_218' title='bbox 468 1865 572 1917; x_wconf 87' lang='lat' dir='ltr'>(not.</span> <span class='ocrx_word' id='word_1_219' title='bbox 598 1865 650 1917; x_wconf 83' lang='lat'>5),</span> <span class='ocrx_word' id='word_1_220' title='bbox 690 1866 812 1905; x_wconf 89' lang='lat' dir='ltr'>recte</span> <span class='ocrx_word' id='word_1_221' title='bbox 843 1864 1044 1905; x_wconf 90' lang='lat' dir='ltr'>Couvius</span> <span class='ocrx_word' id='word_1_222' title='bbox 1085 1867 1163 1905; x_wconf 89' lang='lat' dir='ltr'>aut</span> <span class='ocrx_word' id='word_1_223' title='bbox 1193 1875 1347 1916; x_wconf 90' lang='lat' dir='ltr'>regem</span> <span class='ocrx_word' id='word_1_224' title='bbox 1377 1875 1468 1905; x_wconf 91' lang='lat' dir='ltr'>una</span> <span class='ocrx_word' id='word_1_225' title='bbox 1509 1875 1614 1905; x_wconf 91' lang='lat' dir='ltr'>cum</span> <span class='ocrx_word' id='word_1_226' title='bbox 1654 1876 1853 1905; x_wconf 88' lang='lat' dir='ltr'>noverca</span> <span class='ocrx_word' id='word_1_227' title='bbox 1882 1867 2107 1905; x_wconf 87' lang='lat' dir='ltr'>recenseri</span> <span class='ocrx_word' id='word_1_228' title='bbox 2138 1867 2219 1918; x_wconf 80' lang='lat' dir='ltr'>aut</span> 
     </span>
    </p>
   </div>
   <div class='ocr_carea' id='block_1_5' title="bbox 2272 1715 2291 1853">
    <p class='ocr_par' dir='ltr' id='par_1_5' title="bbox 2272 1715 2291 1853">
     <span class='ocr_line' id='line_1_22' title="bbox 2272 1715 2291 1853; textangle 90"><span class='ocrx_word' id='word_1_229' title='bbox 2272 1744 2290 1853; x_wconf 52' lang='lat' dir='ltr'>uacat</span> <span class='ocrx_word' id='word_1_230' title='bbox 2278 1715 2291 1735; x_wconf 60' lang='grc' dir='ltr'>*ι</span> 
     </span>
    </p>
   </div>
   <div class='ocr_carea' id='block_1_6' title="bbox 236 1937 2270 1990">
    <p class='ocr_par' dir='ltr' id='par_1_6' title="bbox 236 1937 2270 1990">
     <span class='ocr_line' id='line_1_23' title="bbox 236 1937 2270 1990; baseline -0.001 -11"><span class='ocrx_word' id='word_1_231' title='bbox 236 1950 336 1979; x_wconf 89' lang='lat' dir='ltr'>eam</span> <span class='ocrx_word' id='word_1_232' title='bbox 365 1938 475 1990; x_wconf 92' lang='lat' dir='ltr'>post</span> <span class='ocrx_word' id='word_1_233' title='bbox 504 1937 690 1978; x_wconf 89' lang='lat' dir='ltr'>alterius</span> <span class='ocrx_word' id='word_1_234' title='bbox 720 1937 872 1977; x_wconf 88' lang='lat' dir='ltr'>mariti</span> <span class='ocrx_word' id='word_1_235' title='bbox 892 1937 1086 1976; x_wconf 90' lang='lat' dir='ltr'>mortem</span> <span class='ocrx_word' id='word_1_236' title='bbox 1117 1937 1162 1976; x_wconf 90' lang='lat' dir='ltr'>in</span> <span class='ocrx_word' id='word_1_237' title='bbox 1193 1937 1390 1988; x_wconf 87' lang='lat' dir='ltr'>privigni</span> <span class='ocrx_word' id='word_1_238' title='bbox 1412 1937 1755 1977; x_wconf 90' lang='lat' dir='ltr'>matrimonium</span> <span class='ocrx_word' id='word_1_239' title='bbox 1780 1937 2014 1978; x_wconf 89' lang='lat' dir='ltr'>transiisse</span> <span class='ocrx_word' id='word_1_240' title='bbox 2043 1938 2217 1978; x_wconf 90' lang='lat' dir='ltr'>statuit.</span> <span class='ocrx_word' id='word_1_241' title='bbox 2265 1988 2270 1990; x_wconf 18' lang='lat' dir='ltr'>q</span> 
     </span>
    </p>
   </div>
   <div class='ocr_carea' id='block_1_7' title="bbox 234 2007 2219 2636">
    <p class='ocr_par' dir='ltr' id='par_1_7' title="bbox 234 2007 2219 2636">
     <span class='ocr_line' id='line_1_24' title="bbox 235 2007 2217 2062; baseline -0.001 -11"><span class='ocrx_word' id='word_1_242' title='bbox 235 2011 382 2062; x_wconf 88' lang='lat' dir='ltr'>Atque</span> <span class='ocrx_word' id='word_1_243' title='bbox 411 2010 498 2050; x_wconf 90' lang='lat' dir='ltr'>hoc</span> <span class='ocrx_word' id='word_1_244' title='bbox 529 2008 713 2060; x_wconf 90' lang='lat' dir='ltr'>quidem</span> <span class='ocrx_word' id='word_1_245' title='bbox 745 2008 856 2048; x_wconf 92' lang='lat' dir='ltr'>mihi</span> <span class='ocrx_word' id='word_1_246' title='bbox 887 2008 1031 2048; x_wconf 93' lang='lat' dir='ltr'>multo</span> <span class='ocrx_word' id='word_1_247' title='bbox 1063 2007 1346 2060; x_wconf 89' lang='lat' dir='ltr'>probabilius</span> <span class='ocrx_word' id='word_1_248' title='bbox 1375 2008 1570 2060; x_wconf 88' lang='lat' dir='ltr'>videtur,</span> <span class='ocrx_word' id='word_1_249' title='bbox 1602 2008 1986 2061; x_wconf 90' lang='lat' dir='ltr'>quandoquidem,</span> <span class='ocrx_word' id='word_1_250' title='bbox 2024 2008 2104 2049; x_wconf 90' lang='lat' dir='ltr'>ubi</span> <span class='ocrx_word' id='word_1_251' title='bbox 2135 2020 2217 2049; x_wconf 81' lang='lat' dir='ltr'>rex</span> 
     </span>
     <span class='ocr_line' id='line_1_25' title="bbox 235 2079 2218 2134; baseline -0.001 -12"><span class='ocrx_word' id='word_1_252' title='bbox 235 2085 280 2123; x_wconf 90' lang='lat' dir='ltr'>et</span> <span class='ocrx_word' id='word_1_253' title='bbox 309 2082 463 2134; x_wconf 87' lang='lat' dir='ltr'>regina</span> <span class='ocrx_word' id='word_1_254' title='bbox 494 2080 760 2121; x_wconf 91' lang='lat' dir='ltr'>nominatim</span> <span class='ocrx_word' id='word_1_255' title='bbox 791 2080 1074 2132; x_wconf 88' lang='lat' dir='ltr'>appellantur</span> <span class='ocrx_word' id='word_1_256' title='bbox 1099 2081 1196 2121; x_wconf 91' lang='lat' dir='ltr'>sine</span> <span class='ocrx_word' id='word_1_257' title='bbox 1224 2080 1316 2120; x_wconf 91' lang='lat' dir='ltr'>ulla</span> <span class='ocrx_word' id='word_1_258' title='bbox 1335 2079 1681 2120; x_wconf 89' lang='lat' dir='ltr'>necessitudinis</span> <span class='ocrx_word' id='word_1_259' title='bbox 1702 2079 2039 2133; x_wconf 85' lang='lat' dir='ltr'>significatione,</span> <span class='ocrx_word' id='word_1_260' title='bbox 2070 2080 2118 2121; x_wconf 94' lang='lat' dir='ltr'>id</span> <span class='ocrx_word' id='word_1_261' title='bbox 2138 2081 2218 2121; x_wconf 81' lang='lat' dir='ltr'>vix</span> 
     </span>
     <span class='ocr_line' id='line_1_26' title="bbox 235 2151 2218 2205; baseline -0.001 -10"><span class='ocrx_word' id='word_1_262' title='bbox 235 2155 364 2195; x_wconf 91' lang='lat' dir='ltr'>aliter</span> <span class='ocrx_word' id='word_1_263' title='bbox 395 2164 447 2194; x_wconf 91' lang='lat' dir='ltr'>ac</span> <span class='ocrx_word' id='word_1_264' title='bbox 478 2153 532 2193; x_wconf 92' lang='lat' dir='ltr'>de</span> <span class='ocrx_word' id='word_1_265' title='bbox 564 2151 833 2203; x_wconf 88' lang='lat' dir='ltr'>coniugibus</span> <span class='ocrx_word' id='word_1_266' title='bbox 868 2152 1066 2204; x_wconf 82' lang='lat' dir='ltr'>intellegi</span> <span class='ocrx_word' id='word_1_267' title='bbox 1095 2154 1261 2204; x_wconf 90' lang='lat' dir='ltr'>potest.</span> <span class='ocrx_word' id='word_1_268' title='bbox 1323 2152 1482 2204; x_wconf 89' lang='lat' dir='ltr'>Utique</span> <span class='ocrx_word' id='word_1_269' title='bbox 1513 2152 1726 2192; x_wconf 88' lang='lat' dir='ltr'>Laodices</span> <span class='ocrx_word' id='word_1_270' title='bbox 1757 2163 1922 2193; x_wconf 92' lang='lat' dir='ltr'>nomen</span> <span class='ocrx_word' id='word_1_271' title='bbox 1953 2152 2125 2205; x_wconf 89' lang='lat' dir='ltr'>suadet,</span> <span class='ocrx_word' id='word_1_272' title='bbox 2164 2154 2218 2193; x_wconf 90' lang='lat' dir='ltr'>ut</span> 
     </span>
     <span class='ocr_line' id='line_1_27' title="bbox 236 2223 2219 2278; baseline -0.001 -12"><span class='ocrx_word' id='word_1_273' title='bbox 236 2226 290 2266; x_wconf 92' lang='lat' dir='ltr'>de</span> <span class='ocrx_word' id='word_1_274' title='bbox 328 2225 467 2266; x_wconf 90' lang='lat' dir='ltr'>initiis</span> <span class='ocrx_word' id='word_1_275' title='bbox 505 2225 630 2276; x_wconf 90' lang='lat' dir='ltr'>regni</span> <span class='ocrx_word' id='word_1_276' title='bbox 659 2223 920 2265; x_wconf 90' lang='lat' dir='ltr'>Nicomedis</span> <span class='ocrx_word' id='word_1_277' title='bbox 960 2224 1254 2276; x_wconf 90' lang='lat' dir='ltr'>potissimum</span> <span class='ocrx_word' id='word_1_278' title='bbox 1297 2224 1572 2276; x_wconf 88' lang='lat' dir='ltr'>cogitemus;</span> <span class='ocrx_word' id='word_1_279' title='bbox 1612 2234 1759 2276; x_wconf 89' lang='lat' dir='ltr'>neque</span> <span class='ocrx_word' id='word_1_280' title='bbox 1795 2223 2098 2276; x_wconf 88' lang='lat' dir='ltr'>improbabile</span> <span class='ocrx_word' id='word_1_281' title='bbox 2135 2226 2219 2278; x_wconf 92' lang='lat' dir='ltr'>est,</span> 
     </span>
     <span class='ocr_line' id='line_1_28' title="bbox 234 2295 2217 2350; baseline 0 -12"><span class='ocrx_word' id='word_1_282' title='bbox 234 2298 432 2350; x_wconf 91' lang='lat' dir='ltr'>Delphos</span> <span class='ocrx_word' id='word_1_283' title='bbox 463 2297 564 2349; x_wconf 90' lang='lat' dir='ltr'>ipsa</span> <span class='ocrx_word' id='word_1_284' title='bbox 595 2296 832 2337; x_wconf 88' lang='lat' dir='ltr'>occasione</span> <span class='ocrx_word' id='word_1_285' title='bbox 861 2296 1110 2348; x_wconf 84' lang='lat' dir='ltr'>legationis,</span> <span class='ocrx_word' id='word_1_286' title='bbox 1143 2307 1235 2348; x_wconf 90' lang='lat' dir='ltr'>qua</span> <span class='ocrx_word' id='word_1_287' title='bbox 1263 2307 1384 2336; x_wconf 90' lang='lat' dir='ltr'>novo</span> <span class='ocrx_word' id='word_1_288' title='bbox 1416 2296 1511 2347; x_wconf 87' lang='lat' dir='ltr'>regi</span> <span class='ocrx_word' id='word_1_289' title='bbox 1532 2295 1886 2349; x_wconf 82' lang='lat' dir='ltr'>gratulabantur,</span> <span class='ocrx_word' id='word_1_290' title='bbox 1919 2296 2087 2337; x_wconf 90' lang='lat' dir='ltr'>abusos</span> <span class='ocrx_word' id='word_1_291' title='bbox 2117 2307 2217 2340; x_wconf 86' lang='lat' dir='ltr'>esse</span> 
     </span>
     <span class='ocr_line' id='line_1_29' title="bbox 236 2366 2218 2421; baseline -0.001 -11"><span class='ocrx_word' id='word_1_292' title='bbox 236 2369 292 2410; x_wconf 91' lang='lat' dir='ltr'>ad</span> <span class='ocrx_word' id='word_1_293' title='bbox 322 2379 494 2421; x_wconf 86' lang='lat' dir='ltr'>preces,</span> <span class='ocrx_word' id='word_1_294' title='bbox 533 2367 703 2420; x_wconf 90' lang='lat' dir='ltr'>quibus</span> <span class='ocrx_word' id='word_1_295' title='bbox 734 2367 863 2408; x_wconf 92' lang='lat' dir='ltr'>illum</span> <span class='ocrx_word' id='word_1_296' title='bbox 894 2378 1071 2408; x_wconf 91' lang='lat' dir='ltr'>morem</span> <span class='ocrx_word' id='word_1_297' title='bbox 1102 2368 1298 2419; x_wconf 88' lang='lat' dir='ltr'>gessisse</span> <span class='ocrx_word' id='word_1_298' title='bbox 1327 2368 1402 2408; x_wconf 90' lang='lat' dir='ltr'>hic</span> <span class='ocrx_word' id='word_1_299' title='bbox 1430 2366 1636 2420; x_wconf 89' lang='lat' dir='ltr'>refertur,</span> <span class='ocrx_word' id='word_1_300' title='bbox 1673 2369 1726 2408; x_wconf 92' lang='lat' dir='ltr'>ut</span> <span class='ocrx_word' id='word_1_301' title='bbox 1764 2368 1984 2420; x_wconf 89' lang='lat' dir='ltr'>sagaciter</span> <span class='ocrx_word' id='word_1_302' title='bbox 2023 2369 2218 2409; x_wconf 81' lang='lat' dir='ltr'>coniecit</span> 
     </span>
     <span class='ocr_line' id='line_1_30' title="bbox 234 2439 2216 2493; baseline -0.001 -11"><span class='ocrx_word' id='word_1_303' title='bbox 234 2442 284 2481; x_wconf 86' lang='lat' dir='ltr'>B.</span> <span class='ocrx_word' id='word_1_304' title='bbox 299 2440 433 2482; x_wconf 90' lang='lat' dir='ltr'>Niese</span> <span class='ocrx_word' id='word_1_305' title='bbox 465 2440 588 2493; x_wconf 90' lang='lat' dir='ltr'>apud</span> <span class='ocrx_word' id='word_1_306' title='bbox 618 2440 921 2480; x_wconf 84' lang='lat' dir='ltr'>Pomtowium</span> <span class='ocrx_word' id='word_1_307' title='bbox 954 2440 1062 2480; x_wconf 93' lang='lat' dir='ltr'>Phil.</span> <span class='ocrx_word' id='word_1_308' title='bbox 1085 2439 1177 2479; x_wconf 92' lang='lat' dir='ltr'>LIV</span> <span class='ocrx_word' id='word_1_309' title='bbox 1210 2451 1251 2492; x_wconf 91' lang='lat' dir='ltr'>p.</span> <span class='ocrx_word' id='word_1_310' title='bbox 1276 2443 1372 2492; x_wconf 83' lang='lat'>588,</span> <span class='ocrx_word' id='word_1_311' title='bbox 1404 2441 1483 2492; x_wconf 90' lang='lat' dir='ltr'>qui</span> <span class='ocrx_word' id='word_1_312' title='bbox 1515 2441 1699 2480; x_wconf 88' lang='lat' dir='ltr'>omnino</span> <span class='ocrx_word' id='word_1_313' title='bbox 1730 2439 2032 2492; x_wconf 89' lang='lat' dir='ltr'>improbabile</span> <span class='ocrx_word' id='word_1_314' title='bbox 2062 2441 2216 2481; x_wconf 82' lang='lat' dir='ltr'>existi-</span> 
     </span>
     <span class='ocr_line' id='line_1_31' title="bbox 235 2511 2216 2564; baseline 0.001 -12"><span class='ocrx_word' id='word_1_315' title='bbox 235 2515 330 2553; x_wconf 88' lang='lat' dir='ltr'>mat</span> <span class='ocrx_word' id='word_1_316' title='bbox 361 2513 441 2552; x_wconf 91' lang='lat' dir='ltr'>has</span> <span class='ocrx_word' id='word_1_317' title='bbox 472 2513 589 2552; x_wconf 90' lang='lat' dir='ltr'>inter</span> <span class='ocrx_word' id='word_1_318' title='bbox 618 2511 912 2552; x_wconf 89' lang='lat' dir='ltr'>Nicomedem</span> <span class='ocrx_word' id='word_1_319' title='bbox 943 2513 988 2551; x_wconf 90' lang='lat' dir='ltr'>et</span> <span class='ocrx_word' id='word_1_320' title='bbox 1017 2511 1217 2564; x_wconf 88' lang='lat' dir='ltr'>Delphos</span> <span class='ocrx_word' id='word_1_321' title='bbox 1255 2512 1500 2564; x_wconf 89' lang='lat' dir='ltr'>legationes</span> <span class='ocrx_word' id='word_1_322' title='bbox 1530 2511 1650 2552; x_wconf 88' lang='lat' dir='ltr'>ultro</span> <span class='ocrx_word' id='word_1_323' title='bbox 1688 2512 1893 2564; x_wconf 89' lang='lat' dir='ltr'>citroque</span> <span class='ocrx_word' id='word_1_324' title='bbox 1923 2512 2085 2553; x_wconf 90' lang='lat' dir='ltr'>missas</span> <span class='ocrx_word' id='word_1_325' title='bbox 2115 2523 2216 2553; x_wconf 87' lang='lat' dir='ltr'>esse</span> 
     </span>
     <span class='ocr_line' id='line_1_32' title="bbox 234 2583 2216 2636; baseline -0.001 -12"><span class='ocrx_word' id='word_1_326' title='bbox 234 2586 479 2636; x_wconf 88' lang='lat' dir='ltr'>postquam</span> <span class='ocrx_word' id='word_1_327' title='bbox 508 2583 772 2623; x_wconf 91' lang='lat' dir='ltr'>inimicitiae</span> <span class='ocrx_word' id='word_1_328' title='bbox 793 2583 910 2623; x_wconf 87' lang='lat' dir='ltr'>inter</span> <span class='ocrx_word' id='word_1_329' title='bbox 930 2583 1234 2624; x_wconf 88' lang='lat' dir='ltr'>Mithridatem</span> <span class='ocrx_word' id='word_1_330' title='bbox 1266 2585 1311 2623; x_wconf 92' lang='lat' dir='ltr'>et</span> <span class='ocrx_word' id='word_1_331' title='bbox 1331 2583 1568 2635; x_wconf 80' lang='lat' dir='ltr'>Bithyniae</span> <span class='ocrx_word' id='word_1_332' title='bbox 1589 2593 1740 2635; x_wconf 90' lang='lat' dir='ltr'>regem</span> <span class='ocrx_word' id='word_1_333' title='bbox 1762 2584 2031 2635; x_wconf 88' lang='lat' dir='ltr'>erupissent.</span> <span class='ocrx_word' id='word_1_334' title='bbox 2081 2583 2216 2623; x_wconf 89' lang='lat' dir='ltr'>Illum</span> 
     </span>
    </p>
   </div>
   <div class='ocr_carea' id='block_1_8' title="bbox 235 2654 2214 2711">
    <p class='ocr_par' dir='ltr' id='par_1_8' title="bbox 235 2654 2311 2728">
     <span class='ocr_line' id='line_1_33' title="bbox 235 2654 2214 2711; baseline -0 -15"><span class='ocrx_word' id='word_1_335' title='bbox 235 2667 344 2696; x_wconf 86' lang='lat' dir='ltr'>vero</span> <span class='ocrx_word' id='word_1_336' title='bbox 385 2666 499 2695; x_wconf 91' lang='lat' dir='ltr'>anno</span> <span class='ocrx_word' id='word_1_337' title='bbox 533 2658 584 2694; x_wconf 89' lang='grc'><strong>92</strong></span> <span class='ocrx_word' id='word_1_338' title='bbox 619 2667 656 2695; x_wconf 87' lang='lat' dir='ltr'>a.</span> <span class='ocrx_word' id='word_1_339' title='bbox 687 2655 787 2695; x_wconf 91' lang='lat' dir='ltr'>Chr.</span> <span class='ocrx_word' id='word_1_340' title='bbox 820 2656 949 2706; x_wconf 89' lang='lat' dir='ltr'>patre</span> <span class='ocrx_word' id='word_1_341' title='bbox 984 2654 1233 2696; x_wconf 89' lang='lat' dir='ltr'>Nicomede</span> <span class='ocrx_word' id='word_1_342' title='bbox 1263 2655 1301 2695; x_wconf 95' lang='lat' dir='ltr'>II</span> <span class='ocrx_word' id='word_1_343' title='bbox 1341 2655 1574 2708; x_wconf 91' lang='lat' dir='ltr'>Epiphane</span> <span class='ocrx_word' id='word_1_344' title='bbox 1597 2657 1793 2711; x_wconf 26' lang='lat' dir='ltr'>‘mortuo</span> <span class='ocrx_word' id='word_1_345' title='bbox 1824 2666 1976 2695; x_wconf 90' lang='lat' dir='ltr'>rerum</span> <span class='ocrx_word' id='word_1_346' title='bbox 2016 2656 2214 2707; x_wconf 91' lang='lat' dir='ltr'>potitum</span> 
     </span>
    </p>
   </div>
   <div class='ocr_carea' id='block_1_9' title="bbox 180 2726 2216 3067">
    <p class='ocr_par' dir='ltr' id='par_1_9' title="bbox 180 2726 2216 3067">
     <span class='ocr_line' id='line_1_34' title="bbox 180 2726 2215 2780; baseline 0 -13"><span class='ocrx_word' id='word_1_347' title='bbox 180 2771 184 2775; x_wconf 56' lang='grc'><strong>,</strong></span> <span class='ocrx_word' id='word_1_348' title='bbox 235 2738 334 2768; x_wconf 91' lang='lat' dir='ltr'>esse</span> <span class='ocrx_word' id='word_1_349' title='bbox 372 2726 686 2779; x_wconf 89' lang='lat' dir='ltr'>probabilibus</span> <span class='ocrx_word' id='word_1_350' title='bbox 725 2726 979 2767; x_wconf 90' lang='lat' dir='ltr'>rationibus</span> <span class='ocrx_word' id='word_1_351' title='bbox 1016 2726 1263 2768; x_wconf 89' lang='lat' dir='ltr'>effecerunt</span> <span class='ocrx_word' id='word_1_352' title='bbox 1300 2726 1433 2768; x_wconf 90' lang='lat' dir='ltr'>Niese</span> <span class='ocrx_word' id='word_1_353' title='bbox 1474 2729 1519 2767; x_wconf 89' lang='lat' dir='ltr'>et</span> <span class='ocrx_word' id='word_1_354' title='bbox 1547 2727 1767 2780; x_wconf 89' lang='lat' dir='ltr'>Pomtow,</span> <span class='ocrx_word' id='word_1_355' title='bbox 1808 2738 1949 2780; x_wconf 89' lang='lat' dir='ltr'>quare</span> <span class='ocrx_word' id='word_1_356' title='bbox 1987 2727 2215 2768; x_wconf 89' lang='lat' dir='ltr'>Cleodami</span> 
     </span>
     <span class='ocr_line' id='line_1_35' title="bbox 235 2795 2216 2853; baseline -0.001 -13"><span class='ocrx_word' id='word_1_357' title='bbox 235 2799 463 2840; x_wconf 90' lang='lat' dir='ltr'>archontis</span> <span class='ocrx_word' id='word_1_358' title='bbox 494 2810 662 2839; x_wconf 90' lang='lat' dir='ltr'>annum</span> <span class='ocrx_word' id='word_1_359' title='bbox 686 2795 778 2853; x_wconf 74' lang='lat' dir='ltr'>92l4</span> <span class='ocrx_word' id='word_1_360' title='bbox 810 2811 847 2839; x_wconf 90' lang='lat' dir='ltr'>a.</span> <span class='ocrx_word' id='word_1_361' title='bbox 866 2798 967 2839; x_wconf 93' lang='lat' dir='ltr'>Chr.</span> <span class='ocrx_word' id='word_1_362' title='bbox 991 2810 1031 2840; x_wconf 93' lang='lat' dir='ltr'>n.</span> <span class='ocrx_word' id='word_1_363' title='bbox 1065 2810 1176 2840; x_wconf 89' lang='lat' dir='ltr'>esse.</span> <span class='ocrx_word' id='word_1_364' title='bbox 1236 2798 1294 2839; x_wconf 90' lang='lat' dir='ltr'>At</span> <span class='ocrx_word' id='word_1_365' title='bbox 1322 2801 1374 2839; x_wconf 93' lang='lat' dir='ltr'>ut</span> <span class='ocrx_word' id='word_1_366' title='bbox 1404 2810 1493 2839; x_wconf 90' lang='lat' dir='ltr'>non</span> <span class='ocrx_word' id='word_1_367' title='bbox 1514 2799 1646 2852; x_wconf 92' lang='lat' dir='ltr'>plane</span> <span class='ocrx_word' id='word_1_368' title='bbox 1667 2799 1880 2852; x_wconf 90' lang='lat' dir='ltr'>sponderi</span> <span class='ocrx_word' id='word_1_369' title='bbox 1910 2801 2065 2852; x_wconf 90' lang='lat' dir='ltr'>potest</span> <span class='ocrx_word' id='word_1_370' title='bbox 2094 2800 2216 2840; x_wconf 90' lang='lat' dir='ltr'>hunc</span> 
     </span>
     <span class='ocr_line' id='line_1_36' title="bbox 233 2870 2216 2924; baseline 0.001 -14"><span class='ocrx_word' id='word_1_371' title='bbox 233 2872 386 2924; x_wconf 90' lang='lat' dir='ltr'>ipsum</span> <span class='ocrx_word' id='word_1_372' title='bbox 407 2882 574 2911; x_wconf 91' lang='lat' dir='ltr'>annum</span> <span class='ocrx_word' id='word_1_373' title='bbox 597 2881 709 2923; x_wconf 89' lang='lat' dir='ltr'>esse,</span> <span class='ocrx_word' id='word_1_374' title='bbox 741 2870 805 2910; x_wconf 92' lang='lat' dir='ltr'>ita</span> <span class='ocrx_word' id='word_1_375' title='bbox 826 2872 947 2911; x_wconf 87' lang='lat' dir='ltr'>certe</span> <span class='ocrx_word' id='word_1_376' title='bbox 968 2870 1043 2911; x_wconf 91' lang='lat' dir='ltr'>alii</span> <span class='ocrx_word' id='word_1_377' title='bbox 1063 2871 1198 2911; x_wconf 92' lang='lat' dir='ltr'>huius</span> <span class='ocrx_word' id='word_1_378' title='bbox 1221 2870 1390 2911; x_wconf 90' lang='lat' dir='ltr'>decreti</span> <span class='ocrx_word' id='word_1_379' title='bbox 1409 2871 1629 2923; x_wconf 90' lang='lat' dir='ltr'>temporis</span> <span class='ocrx_word' id='word_1_380' title='bbox 1651 2870 1890 2911; x_wconf 86' lang='lat' dir='ltr'>definiendi</span> <span class='ocrx_word' id='word_1_381' title='bbox 1910 2872 2101 2911; x_wconf 88' lang='lat' dir='ltr'>conatus</span> <span class='ocrx_word' id='word_1_382' title='bbox 2122 2881 2216 2911; x_wconf 90' lang='lat' dir='ltr'>non</span> 
     </span>
     <span class='ocr_line' id='line_1_37' title="bbox 233 2941 2216 2995; baseline 0 -12"><span class='ocrx_word' id='word_1_383' title='bbox 233 2943 442 2983; x_wconf 73' lang='lat' dir='ltr'>nItuntur</span> <span class='ocrx_word' id='word_1_384' title='bbox 472 2941 616 2983; x_wconf 92' lang='lat' dir='ltr'>solido</span> <span class='ocrx_word' id='word_1_385' title='bbox 647 2941 939 2983; x_wconf 85' lang='lat' dir='ltr'>fundamento</span> <span class='ocrx_word' id='word_1_386' title='bbox 973 2942 1077 2994; x_wconf 92' lang='lat' dir='ltr'>(not.</span> <span class='ocrx_word' id='word_1_387' title='bbox 1102 2945 1141 2982; x_wconf 92' lang='grc'>9.</span> <span class='ocrx_word' id='word_1_388' title='bbox 1174 2942 1256 2993; x_wconf 91' lang='grc'><strong>40).</strong></span> <span class='ocrx_word' id='word_1_389' title='bbox 1423 2946 1445 2982; x_wconf 89' lang='grc'>8</span> <span class='ocrx_word' id='word_1_390' title='bbox 1488 2942 1726 2995; x_wconf 90' lang='lat' dir='ltr'>Supplevit</span> <span class='ocrx_word' id='word_1_391' title='bbox 1756 2943 1974 2995; x_wconf 91' lang='lat' dir='ltr'>Pomtow,</span> <span class='ocrx_word' id='word_1_392' title='bbox 2013 2943 2093 2994; x_wconf 91' lang='lat' dir='ltr'>qui</span> <span class='ocrx_word' id='word_1_393' title='bbox 2132 2941 2216 2983; x_wconf 92' lang='lat' dir='ltr'>ob-</span> 
     </span>
     <span class='ocr_line' id='line_1_38' title="bbox 236 3012 2214 3067; baseline -0.001 -12"><span class='ocrx_word' id='word_1_394' title='bbox 236 3016 388 3055; x_wconf 87' lang='lat' dir='ltr'>servat</span> <span class='ocrx_word' id='word_1_395' title='bbox 428 3014 543 3055; x_wconf 91' lang='lat' dir='ltr'>hanc</span> <span class='ocrx_word' id='word_1_396' title='bbox 581 3024 681 3055; x_wconf 88' lang='lat' dir='ltr'>esse</span> <span class='ocrx_word' id='word_1_397' title='bbox 718 3012 924 3055; x_wconf 87' lang='lat' dir='ltr'>adverbii</span> <span class='ocrx_word' id='word_1_398' title='bbox 960 3013 1153 3054; x_wconf 84' lang='lat' dir='ltr'>formam</span> <span class='ocrx_word' id='word_1_399' title='bbox 1190 3013 1373 3067; x_wconf 91' lang='lat' dir='ltr'>Delphis</span> <span class='ocrx_word' id='word_1_400' title='bbox 1425 3015 1638 3055; x_wconf 88' lang='lat' dir='ltr'>usitatam</span> <span class='ocrx_word' id='word_1_401' title='bbox 1679 3014 1765 3067; x_wconf 92' lang='lat' dir='ltr'>(Gr.</span> <span class='ocrx_word' id='word_1_402' title='bbox 1796 3014 2139 3055; x_wconf 89' lang='lat' dir='ltr'>Dialektinschr.</span> <span class='ocrx_word' id='word_1_403' title='bbox 2174 3014 2214 3054; x_wconf 94' lang='lat' dir='ltr'>II</span> 
     </span>
    </p>
   </div>
   <div class='ocr_carea' id='block_1_10' title="bbox 2270 2082 2290 2302">
    <p class='ocr_par' dir='ltr' id='par_1_10' title="bbox 2270 2082 2290 2302">
     <span class='ocr_line' id='line_1_39' title="bbox 2270 2082 2290 2302; textangle 90"><span class='ocrx_word' id='word_1_404' title='bbox 2275 2249 2288 2302; x_wconf 38' lang='grc' dir='ltr'>ἡ,</span> <span class='ocrx_word' id='word_1_405' title='bbox 2270 2082 2290 2204; x_wconf 25' lang='grc' dir='ltr'>μην.</span> 
     </span>
    </p>
   </div>
   <div class='ocr_carea' id='block_1_11' title="bbox 2268 2335 2290 2644">
    <p class='ocr_par' dir='ltr' id='par_1_11' title="bbox 2268 2335 2290 2644">
     <span class='ocr_line' id='line_1_40' title="bbox 2268 2335 2290 2644; textangle 90"><span class='ocrx_word' id='word_1_406' title='bbox 2268 2423 2290 2644; x_wconf 42' lang='grc' dir='ltr'>4-ννέ-’δζοικ</span> <span class='ocrx_word' id='word_1_407' title='bbox 2280 2386 2286 2403; x_wconf 89' lang='grc'>-.</span> <span class='ocrx_word' id='word_1_408' title='bbox 2283 2360 2287 2366; x_wconf 70' lang='grc'>.,</span> <span class='ocrx_word' id='word_1_409' title='bbox 2284 2335 2286 2339; x_wconf 57' lang='grc'><strong>.</strong></span> 
     </span>
    </p>
   </div>
   <div class='ocr_carea' id='block_1_12' title="bbox 234 3084 2281 3426">
    <p class='ocr_par' dir='ltr' id='par_1_12' title="bbox 234 3084 2281 3426">
     <span class='ocr_line' id='line_1_41' title="bbox 234 3084 2281 3139; baseline 0.001 -12"><span class='ocrx_word' id='word_1_410' title='bbox 234 3097 277 3138; x_wconf 94' lang='lat' dir='ltr'>p.</span> <span class='ocrx_word' id='word_1_411' title='bbox 304 3089 384 3127; x_wconf 83' lang='lat'>856</span> <span class='ocrx_word' id='word_1_412' title='bbox 417 3098 459 3127; x_wconf 90' lang='lat' dir='ltr'>n.</span> <span class='ocrx_word' id='word_1_413' title='bbox 482 3089 609 3139; x_wconf 89' lang='grc'><strong>2687,</strong></span> <span class='ocrx_word' id='word_1_414' title='bbox 633 3089 670 3126; x_wconf 97' lang='grc'>2.</span> <span class='ocrx_word' id='word_1_415' title='bbox 705 3089 829 3138; x_wconf 87' lang='grc'><strong>2688,</strong></span> <span class='ocrx_word' id='word_1_416' title='bbox 855 3087 906 3139; x_wconf 87' lang='lat'>7),</span> <span class='ocrx_word' id='word_1_417' title='bbox 947 3085 1134 3126; x_wconf 91' lang='lat' dir='ltr'>retinuit</span> <span class='ocrx_word' id='word_1_418' title='bbox 1163 3086 1388 3137; x_wconf 89' lang='lat' dir='ltr'>Baunack,</span> <span class='ocrx_word' id='word_1_419' title='bbox 1418 3087 1503 3127; x_wconf 92' lang='lat' dir='ltr'>etsi</span> <span class='ocrx_word' id='word_1_420' title='bbox 1533 3088 1688 3127; x_wconf 91' lang='lat' dir='ltr'>monet</span> <span class='ocrx_word' id='word_1_421' title='bbox 1717 3086 1854 3127; x_wconf 88' lang='lat' dir='ltr'>etiam</span> <span class='ocrx_word' id='word_1_422' title='bbox 1884 3084 2056 3139; x_wconf 83' lang='grc' dir='ltr'>εὐνόως,</span> <span class='ocrx_word' id='word_1_423' title='bbox 2089 3085 2214 3138; x_wconf 89' lang='lat' dir='ltr'>quod</span> <span class='ocrx_word' id='word_1_424' title='bbox 2275 3123 2281 3130; x_wconf 90' lang='lat'>.</span> 
     </span>
     <span class='ocr_line' id='line_1_42' title="bbox 236 3157 2274 3211; baseline 0 -13"><span class='ocrx_word' id='word_1_425' title='bbox 236 3158 388 3198; x_wconf 90' lang='lat' dir='ltr'>Couve</span> <span class='ocrx_word' id='word_1_426' title='bbox 438 3158 681 3211; x_wconf 90' lang='lat' dir='ltr'>supplevit,</span> <span class='ocrx_word' id='word_1_427' title='bbox 741 3158 925 3210; x_wconf 91' lang='lat' dir='ltr'>Delphis</span> <span class='ocrx_word' id='word_1_428' title='bbox 974 3158 1168 3198; x_wconf 88' lang='lat' dir='ltr'>inveniri</span> <span class='ocrx_word' id='word_1_429' title='bbox 1219 3157 1290 3198; x_wconf 90' lang='lat' dir='ltr'>Gr.</span> <span class='ocrx_word' id='word_1_430' title='bbox 1341 3158 1683 3199; x_wconf 89' lang='lat' dir='ltr'>Dialektinschr.</span> <span class='ocrx_word' id='word_1_431' title='bbox 1729 3159 1767 3198; x_wconf 94' lang='lat' dir='ltr'>II</span> <span class='ocrx_word' id='word_1_432' title='bbox 1811 3169 1854 3211; x_wconf 91' lang='lat' dir='ltr'>p.</span> <span class='ocrx_word' id='word_1_433' title='bbox 1893 3161 1973 3199; x_wconf 87' lang='lat'>873</span> <span class='ocrx_word' id='word_1_434' title='bbox 2020 3170 2062 3198; x_wconf 90' lang='lat' dir='ltr'>n.</span> <span class='ocrx_word' id='word_1_435' title='bbox 2100 3160 2212 3198; x_wconf 88' lang='grc'><strong>2729</strong></span> <span class='ocrx_word' id='word_1_436' title='bbox 2269 3182 2274 3198; x_wconf 75' lang='grc'><em>;</em></span> 
     </span>
     <span class='ocr_line' id='line_1_43' title="bbox 235 3225 2280 3282; baseline -0.001 -13"><span class='ocrx_word' id='word_1_437' title='bbox 235 3227 377 3282; x_wconf 83' lang='lat' dir='ltr'>(Syll.2</span> <span class='ocrx_word' id='word_1_438' title='bbox 399 3230 508 3282; x_wconf 89' lang='grc'><strong>749),</strong></span> <span class='ocrx_word' id='word_1_439' title='bbox 543 3232 580 3270; x_wconf 88' lang='grc'>3.</span> <span class='ocrx_word' id='word_1_440' title='bbox 640 3230 704 3269; x_wconf 90' lang='lat' dir='ltr'>Ac</span> <span class='ocrx_word' id='word_1_441' title='bbox 744 3240 851 3270; x_wconf 92' lang='lat' dir='ltr'>sane</span> <span class='ocrx_word' id='word_1_442' title='bbox 881 3229 1016 3282; x_wconf 87' lang='lat' dir='ltr'>spatii</span> <span class='ocrx_word' id='word_1_443' title='bbox 1054 3229 1252 3270; x_wconf 89' lang='lat' dir='ltr'>rationes</span> <span class='ocrx_word' id='word_1_444' title='bbox 1283 3229 1532 3282; x_wconf 86' lang='lat' dir='ltr'>longiorem</span> <span class='ocrx_word' id='word_1_445' title='bbox 1572 3229 1764 3270; x_wconf 89' lang='lat' dir='ltr'>formam</span> <span class='ocrx_word' id='word_1_446' title='bbox 1797 3229 2114 3271; x_wconf 89' lang='lat' dir='ltr'>commendare</span> <span class='ocrx_word' id='word_1_447' title='bbox 2145 3230 2215 3270; x_wconf 86' lang='lat' dir='ltr'>vi·</span> <span class='ocrx_word' id='word_1_448' title='bbox 2268 3225 2280 3266; x_wconf 67' lang='grc' dir='ltr'><em>Τ</em></span> 
     </span>
     <span class='ocr_line' id='line_1_44' title="bbox 235 3301 2281 3357; baseline 0 -15"><span class='ocrx_word' id='word_1_449' title='bbox 235 3301 411 3342; x_wconf 91' lang='lat' dir='ltr'>dentur.</span> <span class='ocrx_word' id='word_1_450' title='bbox 569 3305 592 3341; x_wconf 88' lang='lat'>9</span> <span class='ocrx_word' id='word_1_451' title='bbox 634 3302 798 3342; x_wconf 88' lang='lat' dir='ltr'>Servos</span> <span class='ocrx_word' id='word_1_452' title='bbox 827 3301 1012 3354; x_wconf 88' lang='lat' dir='ltr'>Delphis</span> <span class='ocrx_word' id='word_1_453' title='bbox 1045 3303 1279 3354; x_wconf 90' lang='lat' dir='ltr'>surreptos</span> <span class='ocrx_word' id='word_1_454' title='bbox 1309 3301 1355 3341; x_wconf 93' lang='lat' dir='ltr'>in</span> <span class='ocrx_word' id='word_1_455' title='bbox 1385 3302 1643 3354; x_wconf 86' lang='lat' dir='ltr'>Bithyniam</span> <span class='ocrx_word' id='word_1_456' title='bbox 1674 3302 1949 3355; x_wconf 90' lang='lat' dir='ltr'>pervenisse,</span> <span class='ocrx_word' id='word_1_457' title='bbox 1980 3302 2212 3342; x_wconf 89' lang='lat' dir='ltr'>civitatem</span> <span class='ocrx_word' id='word_1_458' title='bbox 2264 3308 2281 3357; x_wconf 66' lang='lat' dir='ltr'>j-</span> 
     </span>
     <span class='ocr_line' id='line_1_45' title="bbox 236 3366 2277 3426; baseline 0 -14"><span class='ocrx_word' id='word_1_459' title='bbox 236 3384 344 3413; x_wconf 89' lang='lat' dir='ltr'>vero</span> <span class='ocrx_word' id='word_1_460' title='bbox 375 3372 588 3426; x_wconf 89' lang='lat' dir='ltr'>precibus</span> <span class='ocrx_word' id='word_1_461' title='bbox 620 3385 645 3413; x_wconf 91' lang='lat' dir='ltr'>a</span> <span class='ocrx_word' id='word_1_462' title='bbox 674 3371 920 3414; x_wconf 89' lang='lat' dir='ltr'>Nicomede</span> <span class='ocrx_word' id='word_1_463' title='bbox 950 3373 1218 3426; x_wconf 89' lang='lat' dir='ltr'>impetrasse</span> <span class='ocrx_word' id='word_1_464' title='bbox 1254 3375 1307 3412; x_wconf 89' lang='lat' dir='ltr'>ut</span> <span class='ocrx_word' id='word_1_465' title='bbox 1337 3372 1425 3413; x_wconf 91' lang='lat' dir='ltr'>sibi</span> <span class='ocrx_word' id='word_1_466' title='bbox 1455 3374 1814 3426; x_wconf 90' lang='lat' dir='ltr'>restituerentur,</span> <span class='ocrx_word' id='word_1_467' title='bbox 1855 3374 2012 3414; x_wconf 86' lang='lat' dir='ltr'>statuit</span> <span class='ocrx_word' id='word_1_468' title='bbox 2043 3373 2211 3414; x_wconf 88' lang='lat' dir='ltr'>Couve.</span> <span class='ocrx_word' id='word_1_469' title='bbox 2265 3366 2277 3394; x_wconf 53' lang='grc' dir='ltr'>Ἴ</span> 
     </span>
    </p>
   </div>
   <div class='ocr_carea' id='block_1_13' title="bbox 235 3443 2212 3642">
    <p class='ocr_par' dir='ltr' id='par_1_13' title="bbox 235 3443 2212 3642">
     <span class='ocr_line' id='line_1_46' title="bbox 236 3443 2212 3499; baseline 0 -15"><span class='ocrx_word' id='word_1_470' title='bbox 236 3444 402 3485; x_wconf 90' lang='lat' dir='ltr'>Contra</span> <span class='ocrx_word' id='word_1_471' title='bbox 432 3456 568 3497; x_wconf 90' lang='lat' dir='ltr'>quem</span> <span class='ocrx_word' id='word_1_472' title='bbox 599 3445 880 3486; x_wconf 88' lang='lat' dir='ltr'>Pomtowius</span> <span class='ocrx_word' id='word_1_473' title='bbox 911 3445 1264 3486; x_wconf 86' lang='lat' dir='ltr'>luculentissime</span> <span class='ocrx_word' id='word_1_474' title='bbox 1295 3444 1637 3499; x_wconf 85' lang='lat' dir='ltr'>demonstravit,</span> <span class='ocrx_word' id='word_1_475' title='bbox 1668 3445 1723 3486; x_wconf 90' lang='lat' dir='ltr'>de</span> <span class='ocrx_word' id='word_1_476' title='bbox 1753 3445 1871 3486; x_wconf 93' lang='lat' dir='ltr'>dono</span> <span class='ocrx_word' id='word_1_477' title='bbox 1903 3445 2056 3497; x_wconf 92' lang='lat' dir='ltr'>potius</span> <span class='ocrx_word' id='word_1_478' title='bbox 2086 3443 2212 3497; x_wconf 90' lang='lat' dir='ltr'>quod</span> 
     </span>
     <span class='ocr_line' id='line_1_47' title="bbox 235 3516 2208 3570; baseline 0 -15"><span class='ocrx_word' id='word_1_479' title='bbox 235 3516 392 3568; x_wconf 88' lang='lat' dir='ltr'>Delphi</span> <span class='ocrx_word' id='word_1_480' title='bbox 414 3529 439 3557; x_wconf 89' lang='lat' dir='ltr'>a</span> <span class='ocrx_word' id='word_1_481' title='bbox 459 3528 564 3570; x_wconf 86' lang='lat' dir='ltr'>rege</span> <span class='ocrx_word' id='word_1_482' title='bbox 585 3517 911 3570; x_wconf 85' lang='lat' dir='ltr'>expetivissent</span> <span class='ocrx_word' id='word_1_483' title='bbox 930 3517 1031 3558; x_wconf 90' lang='lat' dir='ltr'>dici.</span> <span class='ocrx_word' id='word_1_484' title='bbox 1082 3516 1196 3559; x_wconf 89' lang='lat' dir='ltr'>Nam</span> <span class='ocrx_word' id='word_1_485' title='bbox 1218 3516 1347 3557; x_wconf 92' lang='lat' dir='ltr'>aliter</span> <span class='ocrx_word' id='word_1_486' title='bbox 1368 3528 1457 3558; x_wconf 92' lang='lat' dir='ltr'>non</span> <span class='ocrx_word' id='word_1_487' title='bbox 1478 3517 1674 3570; x_wconf 88' lang='lat' dir='ltr'>intellegi</span> <span class='ocrx_word' id='word_1_488' title='bbox 1695 3529 1785 3570; x_wconf 92' lang='lat' dir='ltr'>quo</span> <span class='ocrx_word' id='word_1_489' title='bbox 1816 3518 1950 3570; x_wconf 91' lang='lat' dir='ltr'>pacto</span> <span class='ocrx_word' id='word_1_490' title='bbox 1972 3529 2014 3558; x_wconf 90' lang='lat' dir='ltr'>v.</span> <span class='ocrx_word' id='word_1_491' title='bbox 2038 3518 2208 3556; x_wconf 80' lang='grc'><strong>42-23</strong></span> 
     </span>
     <span class='ocr_line' id='line_1_48' title="bbox 236 3587 2211 3642; baseline 0.002 -16"><span class='ocrx_word' id='word_1_492' title='bbox 236 3587 290 3627; x_wconf 91' lang='lat' dir='ltr'>de</span> <span class='ocrx_word' id='word_1_493' title='bbox 321 3588 584 3629; x_wconf 89' lang='lat' dir='ltr'>hominibus</span> <span class='ocrx_word' id='word_1_494' title='bbox 616 3589 672 3630; x_wconf 91' lang='lat' dir='ltr'>ad</span> <span class='ocrx_word' id='word_1_495' title='bbox 703 3589 878 3641; x_wconf 87' lang='lat' dir='ltr'>singula</span> <span class='ocrx_word' id='word_1_496' title='bbox 908 3600 1045 3642; x_wconf 91' lang='lat' dir='ltr'>opera</span> <span class='ocrx_word' id='word_1_497' title='bbox 1077 3588 1276 3630; x_wconf 85' lang='lat' dir='ltr'>facienda</span> <span class='ocrx_word' id='word_1_498' title='bbox 1308 3588 1584 3630; x_wconf 89' lang='lat' dir='ltr'>destinandis</span> <span class='ocrx_word' id='word_1_499' title='bbox 1605 3589 1949 3642; x_wconf 87' lang='lat' dir='ltr'>dividendisque</span> <span class='ocrx_word' id='word_1_500' title='bbox 1971 3589 2211 3640; x_wconf 86' lang='lat' dir='ltr'>diceretur,</span> 
     </span>
    </p>
   </div>
   <div class='ocr_carea' id='block_1_14' title="bbox 2295 0 2314 2705">
    <p class='ocr_par' dir='ltr' id='par_1_14' title="bbox 2295 0 2314 2705">
     <span class='ocr_line' id='line_1_49' title="bbox 2295 0 2314 2705; baseline 0 0"><span class='ocrx_word' id='word_1_501' title='bbox 2295 0 2314 2705; x_wconf 95' lang='lat' dir='ltr'> </span> 
     </span>
    </p>
   </div>
  </div>
 </body>
</html>
