2280 3964
252 194 313 235 lv
1082 189 1399 230 PRAEFATIO.

251 366 544 419 litterarum
604 365 939 431 antiquarum
998 361 1289 429 provincia.
1380 358 1559 423 Quare
1613 376 1719 413 non
1784 376 2233 429 supervacaneam

253 475 468 527 operam
507 456 637 509 mihi
675 455 859 509 videor
895 456 952 506 in
990 452 1090 506 hoc
1130 452 1339 506 delectu
1379 450 1654 505 condendo
1695 453 1999 506 collocasse.

359 551 431 604 At
467 567 534 604 ne
580 548 714 603 illud
754 547 967 616 quidem
1015 563 1098 600 me
1147 545 1297 614 fugit,
1348 544 1690 599 difficultates
1737 564 1842 599 non
1880 564 1984 600 uno
2023 547 2235 599 nomine

254 646 310 698 in
335 643 436 697 hoc
463 644 738 697 conamine
764 642 991 694 maiores
1025 655 1144 694 esse
1184 657 1339 707 quam
1373 640 1427 691 in
1456 640 1756 706 antiquiore
1782 640 1991 710 sylloge
2020 640 2231 693 fuerint.

252 737 461 790 Etenim
499 736 801 790 necessario
827 732 957 786 mihi
987 733 1073 786 hic
1098 735 1301 802 passim
1327 748 1412 786 res
1440 731 1782 801 attingendae
1809 740 1973 801 erant,
2013 751 2234 801 quarum

251 832 415 900 plena
453 835 506 883 et
543 833 794 882 accurata
819 828 1119 896 cognitione
1157 843 1240 880 me
1280 843 1459 880 carere
1494 826 1802 880 sentiebam.
1867 828 2055 894 Neque
2093 828 2235 880 enim

254 941 318 977 ea
380 923 675 977 litterarum
741 922 1074 976 orientalium
1138 921 1366 990 cognitio
1431 921 1487 973 in
1553 937 1638 974 me
1694 926 1794 987 est,
1865 938 1970 988 qua
2025 920 2096 974 ad
2150 936 2235 974 res

251 1018 461 1070 illarum
501 1022 757 1070 terrarum
795 1020 1133 1082 aetatumque
1171 1014 1238 1067 ab
1286 1014 1429 1067 omni
1473 1019 1625 1084 parte
1668 1019 1812 1067 recte
1847 1013 2236 1082 intellegendas

254 1112 368 1164 sine
407 1109 567 1163 dubio
607 1125 740 1179 opus
780 1114 874 1162 est.
954 1107 1061 1162 Sed
1101 1125 1220 1161 cum
1256 1112 1574 1176 reputarem,
1625 1124 1716 1161 eos
1755 1108 1843 1175 qui
1880 1107 1982 1160 hac
2022 1106 2235 1175 quidem

254 1220 319 1258 ex
357 1208 509 1272 parte
546 1203 712 1256 multo
753 1203 985 1272 aptiores
1024 1200 1284 1255 eiusmodi
1322 1202 1472 1270 operi
1507 1199 1678 1255 videri
1716 1199 1986 1268 deberent,
2033 1201 2237 1270 pleros-

253 1313 356 1365 que
394 1313 574 1350 rursus
613 1297 731 1349 aliis
769 1295 1071 1349 nominibus
1099 1294 1169 1348 ad
1205 1294 1487 1348 tractanda
1512 1300 1852 1348 monumenta
1889 1294 2236 1364 epigraphica

253 1390 462 1445 Graeca
498 1391 672 1443 minus
711 1395 927 1460 paratos
955 1405 1073 1443 esse
1098 1405 1271 1457 neque
1303 1389 1505 1457 sperari
1531 1388 1692 1442 licere
1720 1405 2035 1456 quemquam
2063 1405 2131 1441 ex
2158 1389 2235 1442 eis

252 1484 347 1538 tali
386 1485 598 1537 conatui
637 1499 694 1536 se
734 1485 1090 1536 accincturum
1139 1498 1271 1550 esse,
1323 1499 1431 1535 non
1468 1482 1695 1535 verebar
1738 1482 1968 1536 levitatis
2017 1483 2235 1548 crimen,

252 1579 299 1631 si
354 1577 651 1646 paullulum
707 1578 762 1629 in
817 1577 1048 1630 alienam
1103 1576 1436 1646 provinciam
1484 1592 1798 1645 progressus
1846 1575 2129 1643 diligenter
2185 1580 2238 1628 et

251 1671 538 1742 prudenter
577 1673 802 1725 aliorum
846 1673 1063 1725 inventa
1099 1671 1154 1723 in
1197 1686 1351 1723 usum
1389 1686 1564 1723 meum
1604 1675 1965 1723 converterem
2005 1675 2057 1723 et
2094 1687 2235 1724 erro-

250 1783 385 1833 rum,
437 1781 570 1833 quos
608 1765 769 1834 plane
805 1765 962 1817 vitari
1001 1781 1109 1817 non
1144 1765 1383 1834 potuisse
1420 1763 1587 1832 probe
1621 1763 1751 1815 mihi
1789 1764 2033 1816 conscius
2072 1780 2234 1830 eram,

251 1877 285 1913 a
320 1859 607 1913 lectoribus
645 1859 855 1912 veniam
892 1863 1141 1927 peterem.
1223 1858 1423 1927 Sponte
1461 1862 1625 1927 patet,
1673 1857 1808 1910 haec
1847 1874 1983 1924 quae
2020 1858 2072 1910 in
2118 1858 2236 1909 uni-

251 1969 462 2006 versum
522 1952 588 2006 de
636 1951 1043 2006 difficultatibus
1092 1953 1268 2022 operis
1319 1950 1560 2019 dixerim,
1622 1952 1912 2020 praecipue
1957 1952 2013 2003 in
2067 1951 2236 2004 titulis

251 2047 532 2116 Aegyptiis
581 2045 788 2111 valere3
837 2045 933 2099 sed
980 2052 1160 2099 tamen
1207 2062 1315 2099 non
1366 2062 1526 2099 caeco
1565 2062 1800 2099 mearum
1845 2061 2020 2098 rerum
2060 2044 2234 2098 studio

253 2141 427 2209 abripi
464 2157 548 2193 me
587 2141 848 2207 existimo,
898 2141 944 2193 si
981 2139 1053 2193 ad
1091 2139 1189 2193 hos
1229 2155 1438 2207 quoque
1475 2138 1830 2193 restituendos
1877 2144 1928 2192 et
1973 2140 2236 2208 interpre-

255 2233 447 2288 tandos
485 2233 572 2287 hic
609 2234 720 2287 illic
758 2233 961 2302 aliquid
996 2235 1126 2287 utile
1166 2232 1231 2286 de
1270 2250 1387 2287 meo
1426 2233 1667 2286 attulisse
1705 2232 1836 2285 mihi
1873 2231 2068 2286 videar.

358 2328 621 2381 Terminis
676 2327 810 2380 haec
867 2327 1109 2381 collectio
1167 2327 1618 2380 circumscribitur
1672 2332 1971 2396 temporum
2021 2325 2234 2394 quidem

250 2420 546 2474 Alexandri
582 2421 764 2489 Magni
805 2426 858 2474 et
894 2421 1175 2474 Iustiniani
1212 2421 1441 2489 Augusti
1477 2422 1674 2489 regnis,
1719 2420 1954 2474 locorum
1991 2436 2116 2473 vero
2156 2421 2233 2473 eis
2278 2418 2280 2446 f

251 2514 415 2567 Asiae
455 2519 507 2567 et
543 2513 760 2567 Africae
798 2514 1056 2583 partibus,
1105 2531 1202 2583 per
1250 2530 1384 2582 quas
1430 2513 1556 2568 inde
1608 2513 1676 2567 ab
1714 2512 2012 2567 Alexandri
2057 2518 2234 2567 aetate

250 2623 403 2675 reges
451 2607 691 2660 civitates
738 2609 1080 2675 magistratus
1130 2624 1419 2675 omnesque
1464 2608 1698 2662 cultioris
1745 2608 1950 2676 ingenii
1992 2606 2234 2661 homines

253 2698 459 2753 Graeco
518 2715 758 2753 sermone
824 2701 902 2753 uti
963 2700 1220 2754 solebant.
1313 2700 1491 2767 Atque
1545 2700 1646 2754 hoc
1709 2700 1923 2768 quidem
1983 2703 2235 2755 volumen

250 2809 417 2860 regna
472 2781 718 2859 continet,
778 2793 1018 2862 alterum,
1076 2792 1218 2861 quod
1269 2792 1581 2862 propediem
1636 2794 1787 2862 prelo
1845 2794 2018 2847 subici
2073 2811 2233 2864 posse
2274 2810 2275 2815 ¹

251 2902 423 2954 sper0,
463 2886 765 2954 provincias
793 2889 1082 2951 Romanas3
1124 2886 1222 2939 sed
1260 2903 1326 2939 ex
1364 2903 1549 2940 earum
1586 2887 1791 2955 ingenti
1827 2888 2232 2957 inscriptionum

251 2978 587 3032 multitudine
638 2978 904 3032 modicum
957 2985 1415 3033 monumentorum
1470 2981 1903 3049 gravissimorum
1958 2998 2232 3035 numerum

253 3072 406 3140 elegi,
466 3073 542 3125 ita
587 3078 645 3125 ut
690 3072 914 3126 alterum
961 3073 1224 3142 volumen,
1274 3072 1415 3140 quod
1460 3075 1621 3127 etiam
1673 3073 1874 3128 indices
1923 3075 2228 3142 continebit,

250 3170 430 3218 tamen
473 3166 566 3219 vix
613 3164 683 3220 ad
730 3165 887 3220 huius
933 3166 1075 3235 quod
1122 3184 1262 3221 nunc
1309 3165 1481 3221 editur
1527 3167 1781 3221 ambitum
1838 3173 2117 3222 extensum
2165 3169 2231 3222 iri

253 3257 528 3327 probabile
566 3260 648 3312 sit.

361 3349 511 3413 Quae
567 3351 633 3405 de
688 3354 958 3407 titulorum
1013 3354 1170 3429 huius
1226 3355 1507 3408 voluminis
1565 3359 1756 3420 aetate,
1826 3355 2225 3424 supplementis,

251 3443 687 3513 interpretatione
725 3453 846 3515 post
883 3449 1120 3517 singulas
1158 3448 1404 3517 plagulas
1439 3463 1721 3515 expressas
1759 3454 2097 3501 accesserunt
2135 3448 2229 3500 ad-
2267 3467 2272 3497 ι

251 3535 487 3600 notanda
536 3538 623 3591 vel
662 3539 1011 3609 emendanda,
1071 3558 1138 3595 ex
1187 3542 1377 3609 quibus
1425 3540 1570 3593 haud
1618 3541 1810 3609 exigua
1846 3557 1971 3610 pars
2008 3503 2274 3614 papyris!³

252 3628 482 3683 Tebtuni
506 3630 737 3686 inventis
759 3632 992 3703 debetur,
1016 3636 1195 3689 statim
1221 3634 1344 3688 huic
1362 3634 1618 3689 volumini
1645 3632 2013 3702 subiungenda
2039 3623 2238 3715 statuiss

2231 3722 2235 3775 1'
