2314 3970
102 219 202 270 200]
750 215 964 256 Aeizanas
995 215 1307 256 Axomitarum
1340 226 1432 256 rex.
1971 214 2075 264 299

534 289 684 296 ———--—-0

233 387 503 443 Ῥαειδᾶν4
557 385 642 441 καὶ
696 387 1004 459 ΑἰθΙιόπων5
1058 387 1144 441 καὶ
1200 387 1522 459 Σαβαειτᾶὺν6
1565 385 1651 441 καὶ
1705 389 1790 440 τοῦ
1838 385 2024 457 ΣιλεῆΊ
2065 386 2071 458 Ι

101 582 342 636 perspicua
387 580 488 632 sint,
536 577 847 620 difficultatem
894 578 1060 620 habere
1100 579 1199 619 visa
1243 579 1312 618 est
1350 578 1484 618 huius
1524 577 1705 618 tabulae
1745 587 1850 618 cum
1888 586 2078 618 recensu

102 665 258 706 regum
294 652 612 693 Axomitarum
653 651 946 704 comparatio,
995 663 1020 692 a
1060 662 1151 702 quo
1190 650 1383 690 A'izanae
1421 651 1467 690 et
1503 651 1743 691 Sa'iazanae
1780 650 1962 690 nomina
2000 649 2078 690 ab·

102 727 219 768 sunt.
279 725 427 777 Atque
472 723 754 776 antiquiores
799 723 998 776 quidem,
1043 724 1096 763 ut
1141 721 1244 774 Salt,
1290 720 1507 774 Niebuhr,
1554 722 1705 775 Franz,
1752 721 1935 763 eosdem
1979 732 2078 763 esse

101 798 309 840 statuunt
353 797 431 849 qui
470 796 562 836 illic
599 793 840 838 el-Abreha
881 797 926 836 et
963 791 1222 837 el-Atxbeka
1259 792 1555 846 appellentur.
1615 793 1672 834 At
1717 805 1822 834 cum
1867 795 1957 836 iam
2003 805 2078 835 ex·-

48 870 50 874 '
98 871 327 924 ploratum
358 869 417 910 sit
447 868 515 920 (cf.
548 868 774 909 Dillmann
805 879 847 921 p.
873 869 970 908 494.
1005 866 1167 908 Miiller
1197 877 1240 919 p.
1264 865 1332 917 25)
1354 865 1483 906 illum
1514 866 1783 907 laterculum
1814 867 2078 920 neutiquam

99 942 186 984 fide
216 942 402 994 dignum
433 951 532 982 esse
562 952 653 982 non
683 941 729 981 in
761 951 982 982 annorum
1014 938 1150 980 modo
1183 938 1400 991 numeris,
1442 937 1521 978 sed
1558 949 1614 978 ne
1657 939 1703 979 in
1743 939 1854 992 ipsis
1895 939 2079 992 quidem

100 1026 258 1067 regum
304 1013 580 1067 nominibus,
626 1014 738 1054 haec
782 1013 967 1065 quidem
1014 1011 1219 1064 quaestio
1264 1022 1382 1051 vana
1426 1012 1507 1051 est.
1569 1010 1694 1051 Idem
1745 1012 1975 1064 catalogus
2025 1023 2080 1052 ne

101 1087 327 1129 Zoscalem
379 1085 564 1139 quidem
605 1086 921 1126 Axomitarum
967 1084 1148 1125 saeculo
1198 1083 1345 1136 primo
1391 1093 1434 1135 p.
1477 1082 1578 1123 Chr.
1617 1093 1658 1123 n.
1700 1083 1754 1124 ad
1799 1082 1934 1124 finem
1979 1095 2082 1125 ver-

8 1147 9 1158 *
41 1191 43 1194 f
101 1160 230 1213 gente
266 1169 419 1211 regem
459 1159 514 1210 (n.
539 1157 661 1209 4991)
704 1156 852 1210 habet,
899 1156 1155 1208 frustraque
1195 1154 1439 1196 subtilibus
1477 1154 1678 1196 artificiis
1715 1155 1922 1196 homines
1961 1156 2082 1197 docti

9 1253 43 1302 2*
101 1230 304 1273 nonnulli
334 1231 432 1271 eius
470 1241 636 1271 nomen
673 1229 737 1270 illi
774 1228 1020 1270 obtrudere
1061 1228 1214 1268 conati
1252 1229 1370 1268 sunt.
1432 1227 1563 1279 Regis
1600 1227 1794 1269 A‘izanae
1834 1239 1998 1269 nomen
2036 1229 2082 1268 in

10 1327 45 1374 ιη
101 1303 231 1345 titulo
278 1302 480 1343 eiusdem
530 1301 711 1343 tabulae
756 1301 1022 1354 Aethiopico
1069 1311 1278 1341 sermone
1318 1300 1572 1353 composito
1610 1294 1792 1355 ‘Ayxdn
1836 1302 1916 1354 est,
1963 1301 2081 1341 unde

101 1376 259 1419 Miiller
288 1375 541 1416 rectissime
573 1374 764 1427 collegit,
795 1373 1136 1426 triphthongam
1160 1373 1434 1426 scripturam
1459 1383 1537 1425 per
1567 1386 1630 1413 αει
1661 1373 1705 1414 in
1731 1372 1900 1415 Graeco
1931 1384 2081 1414 exem-

99 1449 215 1503 plari
255 1449 498 1501 propterea
534 1446 783 1488 adhibitam
823 1456 935 1498 esse,
975 1446 1081 1498 quia
1119 1445 1280 1486 lit-teris
1323 1459 1365 1486 αι
1403 1445 1710 1498 diphthongus
1749 1458 1808 1500 ay
1846 1457 1934 1487 non
1973 1447 2081 1487 satis

22 1540 24 1542 v
101 1520 294 1574 exprimi
325 1520 559 1572 potuisset.
610 1519 674 1559 Ac
704 1529 804 1559 mea
835 1517 1018 1571 quidem
1053 1518 1274 1559 sententia
1304 1529 1386 1558 cur
1416 1517 1462 1558 id
1491 1517 1589 1558 fieri
1619 1518 1874 1571 nequiverit
1901 1519 1947 1559 in
1978 1529 2081 1572 pro-

101 1593 255 1647 patulo
286 1594 366 1634 est.
427 1591 634 1645 Namque
665 1591 846 1633 saeculo
879 1602 922 1644 p.
947 1591 1047 1632 Chr.
1071 1603 1112 1631 n.
1145 1592 1310 1644 quarto
1343 1590 1492 1632 medio
1524 1591 1614 1632 iam
1645 1590 1906 1643 ubicunque
1937 1591 2082 1632 homi-

44 1668 55 1723 ἱῚᾸ
101 1677 180 1707 nes
220 1665 387 1706 Graece
426 1664 733 1718 loquebantur
773 1677 816 1705 αι
854 1664 900 1704 in
945 1663 1199 1716 simplicem
1239 1663 1444 1705 vocalem
1483 1668 1507 1704 ἒ
1535 1664 1608 1704 vel
1648 1665 1679 1705 ἄ
1715 1664 1937 1705 coaluisse
1976 1675 2081 1704 cum

51 1739 54 1792 ,ᾗ
101 1739 338 1779 innumera
368 1737 455 1778 alia
484 1737 691 1790 exempla
713 1736 887 1789 docent,
919 1738 1019 1777 tum
1050 1736 1186 1777 huius
1218 1736 1361 1788 ipsius
1392 1736 1511 1776 tituli
1542 1748 1584 1777 v.
1609 1739 1676 1777 29.
1702 1739 1747 1776 34
1788 1750 1864 1790 μαι
1893 1747 1978 1789 pro
2014 1750 2080 1791 με,

44 1796 55 1865 ,μ’
99 1808 326 1867 ἀργύραιον
358 1821 442 1863 pro
475 1807 691 1866 ἀργύρεον.
753 1808 919 1850 Eadem
961 1809 1093 1862 plane
1130 1809 1307 1850 ratione
1347 1809 1503 1849 Graeci
1543 1809 1701 1850 aetatis
1741 1808 1966 1850 inferioris
2005 1809 2082 1849 ali—

46 1878 55 1933 J'
101 1882 283 1936 quando
329 1893 434 1923 cum
475 1882 678 1923 Latinam
724 1881 1056 1934 diphthongum
1096 1892 1159 1923 au
1203 1881 1299 1922 suis
1336 1881 1498 1922 litteris
1545 1881 1733 1922 reddere
1778 1881 1957 1934 vellent,
2004 1894 2082 1922 αου

45 1941 55 1966 ³*
102 1956 394 2009 scripserunt,
439 1954 657 2007 quonlam
702 1955 909 2007 ipsorum
947 1967 999 1995 αυ
1045 1956 1144 1994 tum
1182 1954 1272 1994 iam
1312 1955 1364 1994 ut
1409 1953 1545 1994 hodie
1582 1966 1638 1996 av
1679 1956 1758 1995 aut
1798 1951 1858 2007 af
1881 1953 2081 1995 sonabat.

45 2022 53 2077 J
103 2027 312 2070 Ceterum
349 2028 396 2068 in
426 2020 619 2068 Ῥαειδᾶν
651 2039 693 2068 v.
718 2029 741 2066 2
781 2026 970 2068 eandem
1008 2028 1144 2079 atque
1183 2027 1257 2067 hic
1295 2036 1394 2068 esse
1424 2027 1703 2080 triphthongi
1745 2027 1967 2067 rationem
1999 2023 2083 2068 ob-

18 2118 21 2140 l
103 2100 303 2142 servavit
340 2099 512 2142 Miiller.
689 2102 712 2139 2
754 2098 814 2141 Cf.
855 2111 895 2140 n.
921 2097 1093 2140 ⁴991·3.
1274 2102 1294 2138 3
1338 2099 1398 2140 Cf.
1441 2110 1482 2140 n.
1507 2098 1648 2141 49951.
1713 2099 1904 2141 Arabiae
1942 2099 2083 2141 felicis

20 2183 21 2186 ’
103 2169 300 2226 (Ῡεφηεπ)
333 2174 510 2226 partem
542 2171 865 2213 occidentalem
897 2172 1017 2212 circa
1048 2171 1252 2212 medium
1274 2172 1506 2213 saeculum
1538 2183 1580 2224 p.
1604 2171 1703 2213 Chr.
1726 2183 1768 2212 n.
1792 2174 2006 2225 quartum
2038 2173 2083 2214 in

103 2245 278 2286 dicione
322 2255 481 2297 regum
519 2244 834 2286 Axomitarum
878 2243 1019 2286 fuisse
1060 2245 1307 2286 memoriae
1352 2244 1585 2297 proditum
1627 2244 1812 2297 quidem
1857 2256 2083 2297 nusquam

20 2318 23 2339 ¹
103 2317 209 2360 alibi
241 2319 321 2358 est.
384 2317 468 2358 Sed
499 2328 604 2358 cum
636 2318 813 2358 constet
842 2317 933 2358 iam
971 2317 1122 2369 ipsum
1163 2317 1288 2369 regni
1331 2318 1564 2358 auctorem
1604 2317 1649 2356 in
1680 2316 1845 2358 Arabia
1879 2317 2083 2371 bellasse,

103 2390 188 2431 etsi
217 2390 257 2431 is
288 2389 474 2442 quidem
503 2388 716 2430 Arabiam
746 2388 922 2430 felicem
953 2400 1043 2430 non
1075 2389 1234 2442 attigit,
1272 2389 1352 2430 sed
1381 2389 1426 2430 in
1458 2389 1607 2430 littore
1639 2389 1904 2431 occidentali
1935 2391 2087 2431 tamen

55 2455 59 2514 ζ
102 2473 249 2515 usque
280 2462 337 2503 ad
367 2462 465 2502 eius
496 2462 715 2502 terminos
746 2463 902 2513 gentes
932 2460 1048 2503 feras
1082 2461 1190 2502 vicit
1220 2463 1373 2514 potius
1404 2473 1541 2514 quam
1573 2472 1711 2514 regno
1752 2473 1835 2503 suo
1867 2462 2085 2516 adiunxit,

105 2546 210 2576 cum
242 2534 351 2575 item
382 2535 573 2587 constet,
605 2534 724 2574 circa
755 2545 924 2575 annum
956 2536 1037 2575 525
1068 2544 1110 2586 p.
1135 2533 1234 2575 Chr.
1267 2534 1433 2575 iterum
1464 2534 1546 2575 has
1577 2535 1786 2586 regiones
1818 2534 1875 2576 ab
1905 2534 2086 2576 Aethio-

105 2607 240 2660 pibus
271 2607 350 2659 qui
381 2607 603 2647 vocantur
633 2605 845 2647 subactas
877 2617 988 2660 esse,
1027 2606 1138 2647 nihil
1176 2607 1281 2647 miri
1321 2608 1398 2648 aut
1438 2607 1638 2660 suspecti
1676 2606 1844 2648 hahere
1881 2607 2000 2648 tituli
2031 2608 2087 2649 de

59 2734 65 2738 Δ
105 2691 157 2721 ea
186 2691 235 2720 re
265 2679 577 2720 testimonium
608 2679 846 2720 verissime
877 2679 1190 2731 pronuntiavit
1218 2679 1390 2721 Miiller.
1442 2679 1492 2720 Id
1519 2690 1666 2719 unum
1697 2678 1888 2720 fortasse
1919 2679 2087 2733 ambigi

105 2753 221 2806 licet,
264 2753 416 2792 utrum
458 2753 557 2792 tum
595 2752 748 2804 ipsum
786 2751 922 2792 etiam
959 2752 1005 2792 in
1046 2752 1334 2804 possessione
1371 2751 1507 2793 fuerit
1539 2762 1632 2805 rex,
1669 2763 1723 2792 an
1755 2752 1912 2793 titulos
1943 2752 2083 2793 modo

60 2813 75 2886 ἐξ
105 2824 342 2876 regionum
382 2822 549 2875 quibus
588 2823 818 2876 quondam
858 2825 937 2864 aut
981 2824 1078 2876 ipse
1123 2825 1202 2864 aut
1238 2825 1434 2865 maiores
1481 2825 1579 2865 eius
1617 2824 1750 2877 potiti
1794 2826 1933 2878 erant,
1975 2825 2087 2878 ipsis

62 2918 68 2936 ‹
107 2897 284 2938 amissis
314 2896 562 2936 retinuerit.
703 2897 726 2936 4
766 2893 964 2951 Bas-ejdem
994 2907 1074 2936 arx
1105 2897 1226 2949 regia
1256 2896 1340 2938 fuit
1370 2897 1416 2937 in
1447 2896 1615 2950 oppido
1646 2893 1806 2950 Zafm,
1838 2897 1961 2949 quod
1992 2899 2089 2938 erat

61 2952 75 3031 *J
107 2970 242 3022 caput
271 2967 619 3020 Homeritarum,
658 2967 704 3008 id
745 2968 868 3020 quod
896 2968 1177 3010 Dillmannus
1207 2979 1250 3022 p.
1274 2971 1355 3010 207
1388 2971 1479 3010 not.
1504 2972 1520 3009 4
1561 2969 1820 3010 testimonio
1851 2968 2088 3010 Hamdanii

105 3040 328 3094 probavit.
381 3039 665 3092 Significatur
695 3040 832 3092 igitur
861 3040 1115 3082 dominium
1136 3043 1283 3083 terrae
1309 3041 1479 3094 duplici
1499 3042 1687 3094 ratione,
1719 3042 1920 3094 primum
1941 3042 2085 3093 gentis

64 3106 76 3133 '²
106 3124 222 3166 quae
252 3124 351 3154 eam
389 3112 564 3154 habitat
594 3113 788 3166 nomine,
829 3113 990 3154 deinde
1020 3115 1168 3166 regiae
1199 3114 1511 3168 appellatione.
1572 3113 1697 3156 Idem
1727 3113 1868 3154 habes
1899 3113 2011 3155 infra
2042 3114 2086 3154 in

56 3171 85 3242 {³3
107 3185 288 3227 Sabaeis
319 3185 424 3237 (not.
448 3189 485 3226 6.
511 3185 562 3237 7).
622 3185 686 3225 De
717 3186 942 3238 scriptura
982 3197 1064 3240 per
1095 3200 1161 3228 αει
1199 3186 1252 3228 cf.
1285 3189 1376 3228 not.
1402 3190 1440 3227 4.
1589 3190 1612 3227 5
1653 3185 1713 3228 Cf.
1747 3197 1788 3227 n.
1813 3184 1954 3226 49966.
2006 3185 2087 3227 Hic

109 3269 292 3310 quoque
329 3269 419 3299 non
456 3257 626 3298 incolas
663 3258 887 3298 montium
926 3258 1202 3313 Abessiniae‚
1245 3259 1324 3300 sed
1365 3258 1680 3300 meridionales
1718 3269 1877 3299 eorum
1910 3258 2086 3299 vicinos

108 3329 233 3370 innui
262 3332 400 3383 patet.
461 3329 546 3371 Sed
578 3330 754 3371 mireris
786 3330 910 3382 quod
951 3331 997 3372 hi
1036 3332 1115 3372 uni
1154 3343 1209 3373 ex
1250 3331 1462 3384 gentibus
1492 3330 1712 3372 Africanis
1752 3329 1914 3370 mediis
1952 3330 2086 3371 inter-

109 3404 343 3454 ponuntur
362 3401 600 3444 Arabibus.
652 3401 795 3449 Quam
826 3413 923 3444 rem
953 3403 1184 3457 expedivit
1202 3404 1428 3445 Dillmann
1460 3414 1565 3444 cum
1587 3404 1806 3455 moneret,
1837 3403 2087 3454 antiquitus

109 3485 261 3526 regem
305 3470 495 3527 (Pubba‘)
539 3475 891 3529 Homeritarum,
943 3478 988 3518 et
1031 3477 1117 3518 sub
1163 3477 1261 3518 eius
1317 3476 1508 3529 imperio
1560 3475 1811 3527 principem
1858 3472 2086 3530 (τύραννον)

109 3545 420 3599 Mopharitidis
462 3546 719 3600 possedisse
747 3547 877 3589 Muza
905 3549 1106 3602 itemque
1145 3549 1320 3601 Rhapta
1360 3559 1384 3588 e
1422 3548 1602 3599 regione
1630 3546 1821 3588 Arabiae
1861 3545 2001 3588 felicis
2042 3548 2086 3588 in

38 3678 41 3688 ‚
78 3643 79 3646 =
100 3616 275 3660 ,Azania
305 3619 411 3672 sita;
443 3631 534 3672 qua
564 3619 619 3660 de
648 3630 698 3660 re
727 3621 996 3672 provocavit
1021 3621 1078 3663 ad
1098 3621 1327 3674 Periplum
1348 3620 1487 3661 maris
1509 3619 1746 3672 Erythraei
1771 3621 1822 3659 46
1854 3630 1896 3672 p.
1920 3622 2018 3672 274,
2042 3623 2087 3660 6;

110 3686 282 3745 νέμεται
312 3688 359 3732 δὲ
379 3688 510 3746 αὐτὴν
544 3690 633 3747 (τὴν
654 3684 852 3744 Ἀζανίαν)
875 3691 986 3735 ’κατά
1007 3707 1047 3735 τι
1074 3690 1236 3734 δίκαιον
1262 3689 1440 3749 ἀρχαῖον
1467 3688 1780 3733 &maimonem
1812 3688 1868 3748 τῇ
1898 3688 2086 3747 βασιλείᾳ
