2314 3970
128 201 144 237 4
161 200 199 251 3]
585 232 587 235 .
721 197 980 251 Lysimachi
1011 198 1206 250 epistula
1236 198 1293 239 ad
1323 199 1511 241 Samios.
2045 207 2111 256 39

272 366 355 422 καὶ
393 370 439 421 οἱ
477 366 618 439 παρὰ
657 371 755 422 τῶν
798 368 1112 439 Πρ[ιη]Ινε’ων
1153 369 1514 431 ἀποσταλέντες
1555 371 1675 442 ὑπὲρ
1712 378 1801 443 τῆς
1839 375 2012 445 χώρας
2051 377 2112 444 ἧς

271 455 543 526 ἐτύγχανον
590 455 1081 526 ἠμφ[ισ]1βητηκότες
1127 457 1401 527 π[ρό]τερον
1451 453 1526 527 ἐφ’
1576 461 1735 529 ἡμῶν.
1815 461 1858 512 εἰ
1899 459 1985 530 μὲν
2026 461 2111 514 οὖν

211 552 235 591 5
269 542 615 612 προείδειμεν2
658 542 807 611 ἡμεῖς
854 541 1017 612 τήνΙΙδε
1054 542 1143 611 τὴν
1182 544 1357 613 χώραν
1398 544 1527 613 ὑμᾶς
1566 546 1642 614 ἐ[κ
1679 546 1945 614 τ]οσούτων
1985 548 2109 600 ἐτῶν

267 627 403 698 ἔχειν
452 625 538 679 καὶ
582 627 898 697 νέμε[σ]θ[αι,
951 623 1089 695 καθ’]
1131 627 1136 697 Ι
1177 630 1292 681 ὅλον
1341 630 1433 682 οὐκ
1481 629 1540 683 ἂν
1582 630 1980 702 ἐπεσπασάμεθα
2017 634 2112 704 τὴγ

264 715 447 785 κρίσιν·
487 715 571 766 νῦν
613 712 667 765 δὲ
706 711 1126 784 ὑπελαμβάνομεν
1167 715 1250 782 [ἐξ]
1293 714 1297 785 Ι
1343 715 1559 786 ὑπογύου
1598 716 1728 777 τινὸς
1765 720 1960 789 χρόνου,
1984 739 2109 771 παν-

264 802 419 859 τελῶς
456 800 717 870 γεγονέναι
752 800 840 870 τὴν
877 799 1179 869 ἐπί[βασιν3·
1211 800 1216 870 Ι
1247 801 1394 869 ο]ῧτω
1427 799 1526 872 γὰρ
1563 804 1683 873 ἡμῖν
1724 804 1979 857 ἐποιοῦντο
2019 805 2107 875 τὴν

268 886 439 955 μνείαν
487 886 538 938 ἐν
583 886 686 944 τοῖς
723 887 961 956 πρότερον
1001 886 1221 955 [λόγοις4
1261 886 1324 954 οἱ]
1366 886 1373 958 Ι
1414 890 1510 940 τῶν
1552 888 1814 959 Πριηνέων
1855 892 2104 962 πρέσβεις.

181 980 232 1021 10
263 973 319 1024 οὐ
374 971 469 1042 μὴν
518 968 620 1023 ἀλλ’
667 972 840 1042 ἐπειδὴ
880 976 1112 1042 παρῆσαν
1154 970 1204 1024 οἵ
1240 992 1293 1024 τε
1331 968 1445 1043 παρ’
1492 973 1645 1043 ὑμῶ[ν
1684 978 1914 1046 πρέσβεις
1951 977 1966 1047 Ι]
2003 978 2106 1046 idai

119 1131 261 1172 Huius
293 1132 562 1172 sententiam
595 1131 702 1172 olim
735 1129 877 1184 (syll.2
898 1130 1020 1182 3454)
1053 1131 1260 1183 probavi.
1321 1132 1406 1173 Sed
1450 1144 1568 1173 nunc
1606 1134 1734 1174 aliter
1773 1137 1929 1177 sentio.
1990 1136 2105 1178 Nam

32 1195 35 1224 3
119 1203 313 1243 honores
344 1203 615 1255 Lysimacho
650 1214 675 1243 a
695 1201 1012 1243 Prienensibus
1045 1202 1213 1243 decreti
1247 1203 1301 1254 (n.
1326 1204 1393 1254 44)
1425 1204 1498 1244 hic
1519 1205 1566 1245 in
1587 1216 1774 1246 censum
1806 1218 1895 1247 non
1917 1208 2106 1249 veniunt

32 1279 34 1298 ³
118 1285 222 1315 cum
269 1274 376 1327 quia
420 1274 658 1315 manifesto
704 1285 795 1316 non
833 1274 889 1315 ad
929 1275 1018 1315 hoc
1057 1274 1297 1315 arbitrium
1338 1275 1417 1316 sed
1457 1276 1514 1316 ad
1560 1277 1645 1318 alia
1676 1279 1794 1330 regis
1836 1279 1890 1319 de
1922 1280 2105 1320 civitate

117 1346 277 1386 merita
307 1346 526 1399 spectant,
565 1347 664 1386 tum
695 1346 803 1398 quia
833 1357 923 1386 non
954 1347 1143 1396 constat,
1184 1347 1342 1387 utrum
1375 1347 1448 1387 ille
1487 1348 1645 1389 titulus
1685 1350 1771 1389 hoc
1802 1351 1928 1402 prior
1960 1352 2018 1392 sit
2049 1363 2104 1392 an

116 1418 358 1470 posterior.
408 1417 523 1459 Nam
554 1418 600 1458 in
631 1418 896 1459 universum
931 1418 985 1457 de
1017 1418 1088 1458 his
1119 1429 1305 1470 quoque
1337 1419 1498 1460 litteris
1530 1421 1687 1461 eadem
1719 1422 1870 1462 valent
1901 1434 2017 1476 quae
2050 1424 2103 1463 de

115 1490 374 1542 populisciti
406 1489 526 1530 illius
557 1491 762 1542 tempore
794 1490 1023 1542 disputata
1055 1492 1161 1530 sunt
1191 1502 1231 1531 n.
1257 1490 1342 1543 441,
1375 1491 1455 1532 sed
1487 1493 1588 1532 uter
1609 1493 1838 1545 antiquior
1869 1495 1927 1534 sit
1958 1506 2012 1535 ex
2033 1496 2102 1536 his

30 1579 32 1581 >
114 1561 258 1603 titulis
288 1561 408 1602 latet.
470 1561 560 1602 Cur
600 1573 722 1602 nunc
751 1562 1075 1614 Lysimachum
1116 1562 1369 1602 secundum
1401 1564 1575 1604 Samios
1614 1563 1792 1605 dedisse
1831 1567 2101 1619 existimem,

114 1633 331 1685 primaria
361 1643 497 1673 causa
527 1634 608 1685 est,
649 1644 785 1684 quam
818 1633 1008 1685 protulit
1037 1633 1284 1686 Lenschau,
1324 1634 1448 1687 quod
1479 1636 1608 1675 aliter
1638 1637 1714 1676 vix
1755 1637 2101 1692 intellegeretur,

34 1697 38 1718 ³
113 1715 196 1744 cur
226 1715 304 1744 rex
334 1704 462 1745 initio
495 1704 550 1756 (v.
575 1704 612 1755 4)
656 1703 849 1745 fateatur
881 1706 917 1745 si
949 1706 1077 1757 prius
1109 1706 1318 1746 scivisset
1348 1717 1402 1747 ex
1432 1718 1571 1759 quam
1610 1707 1854 1760 longinquo
1893 1710 2103 1762 tempore

35 1824 37 1826 ³
114 1776 250 1816 Samii
280 1776 325 1816 in
357 1776 645 1829 possessione
676 1775 846 1829 fuisset,
889 1787 937 1816 se
969 1778 1153 1817 omnino
1187 1777 1242 1817 de
1273 1778 1358 1818 hac
1389 1789 1437 1818 re
1469 1778 1709 1819 arbitrium
1740 1791 1829 1820 non
1862 1783 2101 1833 susceptu-

113 1859 216 1888 rum
247 1847 397 1889 fuisse.
455 1847 570 1889 Nam
603 1848 641 1888 si
671 1848 782 1889 haec
813 1859 949 1888 causa
980 1848 1186 1889 sufficere
1217 1849 1257 1888 ei
1289 1849 1531 1891 videbatur
1569 1852 1620 1891 ut
1653 1852 1837 1892 omnino
1874 1863 1969 1892 rem
1992 1865 2100 1893 eon-

111 1921 368 1960 troversam
399 1930 498 1960 esse
529 1922 713 1971 negaret
743 1930 890 1972 neque
922 1920 1136 1972 precibus
1167 1921 1479 1962 Prienensium
1511 1933 1689 1963 morem
1721 1926 1907 1977 gereret,
1950 1937 2100 1966 nonne

112 1991 270 2032 eadem
301 1990 554 2032 sufficiebat
583 1992 648 2044 ut,
680 2002 787 2031 cum
818 1992 908 2032 iam
941 1991 1181 2032 arbitrium
1213 1993 1269 2033 ad
1300 2004 1405 2033 eum
1439 1993 1638 2034 delatum
1670 1997 1802 2048 esset,
1845 1997 2097 2038 secundum

27 2103 29 2105 ,
111 2063 284 2104 Samios
314 2060 565 2104 iudicaret?
615 2062 800 2103 Accedit
830 2063 975 2116 aliud;
1008 2075 1172 2116 nempe
1203 2076 1294 2106 non
1315 2066 1497 2107 videtur
1527 2067 1584 2107 ad
1605 2077 1761 2108 casum
1783 2068 1942 2121 redire,
1975 2070 2098 2121 quod

28 2135 30 2138 '
110 2135 293 2175 Prienae
324 2134 510 2187 quidem
549 2135 639 2176 duo
671 2134 855 2176 arbitria
894 2136 1175 2177 Rhodiorum
1218 2136 1303 2187 (Gr.
1336 2138 1469 2179 inser.
1501 2139 1547 2179 in
1579 2139 1655 2179 the
1686 2140 1792 2180 Brit.
1827 2151 1942 2181 mus.
1975 2142 2046 2193 III,
2072 2145 2088 2181 4

107 2217 149 2247 n.
172 2206 381 2258 CCCCIII)
413 2208 458 2246 et
487 2208 671 2248 senatus
702 2207 893 2249 Romani
926 2207 1046 2259 (ibid.
1080 2209 1269 2250 CCCCV.
1308 2208 1436 2262 Syll.2
1458 2211 1553 2261 345)
1586 2211 1722 2263 lapidi
1746 2212 1886 2253 incisa
1915 2213 2098 2254 inventa

26 2311 29 2314 .
114 2280 232 2331 sunt,
264 2290 381 2331 quae
411 2278 661 2319 secundum
690 2279 953 2321 Prienenses
985 2281 1089 2322 data
1119 2283 1237 2334 sunt,
1270 2293 1417 2333 neque
1447 2294 1556 2323 vero
1587 2283 1731 2324 ullum
1759 2284 2002 2335 vestigium
2025 2285 2098 2324 vel

26 2383 40 2406 -.·
108 2350 243 2391 huius
274 2350 532 2402 Lysimachi
562 2351 783 2404 epistulae
803 2352 876 2392 vel
908 2351 1077 2392 decreti
1108 2353 1184 2393 Cn.
1207 2353 1358 2393 Manlii
1378 2353 1590 2394 Volsonis
1622 2366 1715 2406 quo
1750 2356 1868 2395 terra
1898 2356 2096 2407 litigiosa

108 2422 268 2462 Samiis
299 2421 474 2463 reddita
504 2424 586 2475 est,
618 2423 738 2463 Sami
767 2434 875 2464 vero
909 2424 983 2464 hic
1013 2424 1129 2476 lapis
1160 2422 1450 2476 comparuit?
1501 2426 1568 2465 An
1600 2427 1855 2468 statuemus
1887 2427 1932 2467 in
1964 2427 2094 2467 tabu-

109 2493 231 2534 lariis
263 2493 446 2546 quidem
477 2494 724 2546 utrobique
763 2505 921 2536 omnes
960 2496 1097 2536 huius
1136 2497 1470 2537 controversiae
1509 2498 1680 2538 litteras
1720 2498 1955 2550 diligenter
1986 2510 2095 2539 con-

26 2551 42 2609 7.
108 2566 310 2606 servatas
348 2575 460 2618 esse,
501 2565 581 2606 sed
621 2565 848 2618 lapidibus
887 2567 1137 2619 insculptas
1174 2569 1419 2620 utramque
1457 2569 1689 2609 civitatem
1722 2580 1798 2610 eas
1834 2569 1972 2611 modo
2010 2582 2093 2622 pu-

106 2635 224 2677 blice
254 2637 562 2690 proposuisse,
603 2648 716 2690 quas
748 2638 892 2690 ipsius
933 2639 1225 2690 potissimum
1265 2640 1503 2680 interesset
1541 2640 1754 2681 omnibus
1793 2643 1922 2682 notas
1961 2639 2091 2681 esse?

107 2707 318 2748 Ceterum
359 2708 614 2760 Lysimachi
661 2708 843 2751 decreto
891 2721 1052 2762 magna
1091 2722 1147 2751 ex
1187 2712 1316 2763 parte
1366 2711 1550 2763 quidem
1591 2711 1691 2752 finis
1737 2713 1978 2764 impositus
2025 2715 2093 2753 est

107 2778 375 2831 longinquae
406 2779 485 2820 liti.
544 2779 659 2821 Nam
690 2792 807 2833 quae
838 2782 996 2833 postea
1027 2781 1142 2823 facta
1174 2784 1279 2823 sunt
1315 2782 1500 2823 arbitria
1533 2794 1622 2824 non
1653 2783 1710 2824 ad
1739 2785 1886 2824 totam
1916 2785 2092 2825 Batine-

28 2886 43 2913 z
107 2850 200 2891 tida
230 2851 507 2904 spectabant,
546 2852 626 2892 sed
657 2853 713 2893 ad
754 2853 993 2893 castellum
1024 2854 1069 2894 in
1107 2865 1159 2894 ea
1190 2854 1327 2895 situm
1361 2866 1467 2895 cum
1506 2856 1624 2906 agris
1664 2856 2090 2898 circumiacentibus

27 2911 52 2970 ⁴³²?
108 2921 179 2972 (cf.
198 2924 290 2962 not.
317 2926 354 2963 6.
378 2923 460 2974 20).
595 2927 619 2963 2
660 2924 744 2965 Pro
768 2922 1053 2980 προήιὸειμεν,
1086 2925 1349 2967 confusione
1371 2926 1756 2978 diphthongorum
1780 2938 1861 2979 per
1882 2927 1955 2967 illa
1975 2929 2090 2967 tem-

28 2984 42 3021 ῙᾸ
106 3004 217 3046 pora
252 2993 438 3035 Athenis
479 2994 541 3046 (K.
572 2995 866 3037 Meisterhans
906 2996 1102 3037 Gramm.
1146 2997 1225 3037 der
1263 2999 1339 3038 att.
1383 2997 1574 3039 Inscbr.3
1604 3010 1646 3050 p.
1682 3002 1733 3039 36
1751 2998 1863 3050 sqq.)
1903 2999 2087 3050 quidem

105 3063 482 3118 frequentissima,
532 3066 640 3107 alibi
680 3068 850 3109 rariore
888 3068 1086 3121 quidem,
1131 3068 1211 3109 sed
1247 3071 1397 3110 tamen
1439 3070 1703 3122 neutiquam
1745 3070 1958 3110 inaudita.
2026 3070 2086 3111 Cf.

106 3135 153 3177 E.
175 3137 428 3178 Schweizer
466 3138 745 3179 Grammatik
788 3139 868 3180 der
897 3141 1296 3192 pergamenisehen
1327 3141 1592 3182 Inschriften
1623 3152 1664 3193 p.
1691 3144 1757 3181 60.
1907 3144 1929 3180 3
1970 3142 2088 3194 Sup-

105 3207 248 3261 plevi;
294 3206 541 3266 ἐπί[κτησιν]
579 3210 758 3251 Boeckh
800 3213 845 3251 et
881 3211 1027 3252 Hicks.
1091 3212 1176 3252 Sed
1221 3213 1266 3253 in
1312 3214 1397 3254 hac
1434 3213 1618 3265 quidem
1657 3223 1768 3252 voce
1809 3213 2085 3265 praepositio

105 3278 257 3320 locum
301 3291 393 3321 non
436 3279 585 3333 habet,
631 3284 683 3322 ut
726 3285 960 3335 praeterea
1004 3283 1174 3336 ubique
1222 3285 1277 3335 (v.
1308 3287 1324 3324 4
1338 3288 1375 3324 2.
1409 3288 1474 3324 47,
1506 3288 1572 3324 26.
1603 3284 1668 3333 28)
1713 3284 1903 3335 simplex
1939 3288 2085 3339 κτῆσις

36 3362 38 3382 1
106 3351 327 3404 seriptum
358 3351 496 3393 fuisse
527 3355 727 3405 apparet.
788 3354 844 3394 At
876 3352 1098 3410 ἐπιβαίνειν
1132 3355 1331 3396 sollenne
1362 3357 1430 3396 est
1461 3355 1515 3395 de
1556 3365 1608 3394 eo
1642 3355 1721 3406 qui
1759 3355 1804 3395 in
1835 3357 2086 3408 possessio-

34 3467 35 3470 *
107 3432 211 3476 nem
241 3422 368 3464 fundi
398 3424 588 3465 alicuius
621 3426 755 3466 venit.
896 3428 918 3466 4
960 3427 1110 3468 Primo
1141 3427 1220 3468 uni
1251 3428 1512 3467 Prienenses
1543 3426 1812 3477 legationem
1844 3427 1901 3467 ad
1931 3439 2083 3480 regem

106 3494 325 3535 miserunt
355 3507 470 3548 quae
501 3496 624 3537 illam
654 3498 822 3538 terram
844 3499 1088 3551 repeteret;
1120 3509 1235 3550 quae
1256 3498 1302 3538 hi
1324 3498 1456 3549 legati
1483 3497 1604 3550 apud
1624 3508 1776 3550 regem
1797 3498 1938 3540 verba
1968 3499 2083 3540 fece-

105 3565 223 3617 runt,
241 3576 292 3606 ea
307 3566 381 3606 hic
402 3564 442 3607 οἱ
463 3565 656 3625 πρότεροι
676 3565 796 3625 λόγοι
817 3572 935 3610 sunt.
982 3570 1096 3609 Tum
1118 3569 1190 3609 ille
1211 3570 1513 3620 utrorumque
1535 3569 1704 3621 legatos
1727 3569 1783 3611 ad
1804 3581 1853 3611 se
1875 3572 2084 3612 evocavit

107 3635 185 3686 qui
205 3646 389 3678 causam
413 3641 605 3680 orarent.
655 3641 718 3681 Ea
733 3652 850 3694 quae
871 3642 1132 3682 Prienenses
1153 3642 1250 3680 tum
1268 3640 1572 3693 protulerunt,
1590 3640 1847 3683 referuntur
1863 3654 1904 3702 ν.
1917 3646 1961 3682 44
1983 3643 2098 3694 sqq.
