2314 3970
117 208 216 260 242]
596 205 810 246 Seleucus
831 207 848 245 Ι
879 205 1062 247 Nicator
1094 205 1331 257 (306—280
1357 217 1393 246 a.
1418 205 1518 246 Chr.
1541 204 1612 255 n.).
1990 204 2093 254 319

115 379 144 435 ἡ
175 377 377 436 πρότερον
408 374 622 420 Πελόπεια
650 375 722 418 ’καὶ
742 373 992 433 Σεμίραμις,
1022 374 1106 419 ἀπὸ
1130 373 1342 419 Σελεύκου
1375 379 1448 418 τοῦ
1476 372 1716 431 Νικάτορος
1746 371 1985 433 Λυσιμάχῳ
2018 389 2098 416 πο·

114 449 346 506 λεμοῦντος
375 448 447 492 ’καὶ
475 447 734 495 ἀκούσαντος
766 447 829 490 ὅτι
858 446 1049 506 θυγάτηρ
1079 447 1194 506 αὐτῷ
1222 447 1366 506 γέγονε
1393 448 1471 504 τὴν
1500 446 1622 491 πόλιν
1655 445 1831 489 ἐκάλεσε
1863 443 2099 503 Θυγάτειρα

116 523 363 574 (structura
393 522 612 563 enuntiati
643 521 880 563 manifesto
913 521 969 562 ab
1001 522 1301 574 epitomatore
1331 520 1540 572 turbata).
1602 521 1722 561 Inter
1761 519 1900 560 urbes
1931 519 2099 572 Lydiae

115 596 376 635 recensetur
405 595 510 646 post
538 593 736 635 Nacrasa
764 594 817 645 (n.
842 593 979 646 2901),
1012 595 1115 634 ante
1143 593 1413 644 Magnesiam
1448 591 1505 633 ad
1534 592 1755 645 Sipylum,
1789 603 1814 632 a
1844 591 2098 632 Ptolemaeo

116 666 271 718 Geogr.
285 665 336 718 V,
360 669 398 719 2,
422 668 474 706 44
507 677 550 718 p.
568 669 663 719 820,
688 668 724 706 4.
776 666 837 706 Cf.
870 666 1104 717 praeterea
1132 663 1286 716 Polyb.
1309 663 1423 716 XVI,
1448 667 1487 717 4,
1510 667 1547 704 7.
1596 664 1774 715 XXXII,
1799 666 1867 717 27,
1890 666 1957 703 40.
2004 663 2098 703 Liv.

114 737 332 790 XXXVII,
356 740 394 790 8,
419 740 455 776 7.
498 740 565 790 37,
591 741 628 777 6.
670 739 738 790 44,
764 739 801 777 4.
853 737 1026 777 Plinius
1056 735 1107 776 N.
1131 735 1236 775 hist.
1257 735 1309 787 V,
1335 738 1431 775 445.
1458 738 1551 775 426.
1602 736 1667 775 De
1698 735 1993 776 Macedonum
2025 745 2100 775 co-

114 809 237 850 lonia
278 819 383 849 cum
421 809 507 849 hac
536 809 833 861 insci-lptione
864 808 1073 850 convenit
1103 807 1325 858 Straboni,
1365 806 1646 858 eandemque
1687 808 1910 848 monstrat
1939 807 2099 847 titulus

116 880 378 933 sepulcralis
410 881 502 921 illic
530 881 743 922 inventus
774 881 885 921 Bull.
910 880 964 920 de
995 890 1110 920 corr.
1133 878 1242 919 Hell.
1265 878 1306 918 X
1339 881 1448 919 4886
1480 889 1523 929 p.
1549 881 1630 919 398
1663 890 1706 919 n.
1729 882 1767 919 4;
1810 874 2066 933 Μενέδημος
2091 875 2097 931 Ι

114 948 421 1006 Νεοπτολέμου
457 950 463 1006 Ι
497 948 724 994 Μακεδών.
776 953 1013 992 Seleucum
1034 950 1247 992 Nicatora
1267 950 1558 1002 potissimum
1590 961 1690 990 eam
1723 950 1965 992 deduxisse
1988 962 2100 1002 quo-

48 1013 50 1016 ’
116 1025 266 1064 minus
288 1024 513 1077 Stephano
538 1024 779 1066 credamus
810 1023 919 1064 nihil
949 1022 1150 1075 impedit.
1210 1021 1323 1063 Nam
1355 1022 1478 1062 recte
1509 1021 1693 1073 quidem
1726 1033 1884 1062 omnes
1916 1022 2003 1062 fide
2034 1023 2101 1062 in-

116 1096 297 1147 dignam
337 1095 656 1137 iudicaverunt
694 1096 998 1137 narrationem
1038 1094 1092 1135 de
1134 1093 1270 1134 filiola
1310 1095 1427 1147 nata,
1467 1094 1638 1145 quippe
1677 1104 1792 1145 quae
1831 1104 2001 1134 conexa
2044 1094 2103 1134 sit

115 1178 220 1208 cum
258 1168 454 1208 nominis
494 1168 775 1209 derivatione
817 1167 1001 1207 omnino
1048 1165 1256 1206 absurda.
1317 1165 1374 1206 At
1410 1165 1483 1205 hic
1530 1176 1622 1205 non
1669 1166 1825 1218 magis,
1872 1176 2010 1217 quam
2056 1165 2102 1205 in

37 1264 46 1269 -
115 1239 451 1292 antiquioribus
482 1240 674 1280 coloniis
706 1239 995 1290 Graecorum,
1035 1237 1250 1278 credibile
1280 1238 1350 1278 est
1380 1237 1436 1278 ab
1468 1237 1638 1278 eisdem
1671 1237 1751 1289 qui
1781 1237 1887 1278 talia
1918 1237 2102 1288 excogi-

114 1313 263 1353 tarent
300 1312 435 1352 etiam
475 1315 683 1364 tempora
721 1311 905 1363 originis
946 1311 991 1350 et
1027 1310 1212 1351 nomina
1250 1309 1536 1350 conditorum
1584 1308 1731 1350 efficta
1777 1320 1888 1350 esse.
1957 1308 2104 1356 Quare

115 1385 238 1424 recte
268 1384 307 1424 si
336 1383 446 1436 quid
468 1383 602 1424 video
633 1383 911 1435 Stephanum
943 1382 1087 1422 secuti
1119 1383 1225 1423 sunt
1252 1382 1391 1434 Clerc,
1422 1381 1576 1434 Radet,
1607 1381 1921 1422 Hiinerwadel.
1973 1379 2103 1428 Quod

115 1466 226 1495 vero
269 1466 324 1496 ex
353 1455 604 1497 Menedemi
642 1455 874 1508 epitaphio
906 1449 1120 1495 ‘fortasse
1159 1455 1249 1495 iam
1280 1453 1520 1494 Alexandri
1552 1455 1606 1495 M.
1638 1449 1794 1506 regno’
1833 1452 2102 1494 Macedones

37 1562 42 1567 ,
115 1527 341 1580 Thyatiris
371 1527 600 1568 habitasse
631 1527 802 1579 colligit·
831 1525 976 1579 Niese,
1008 1537 1096 1567 non
1130 1526 1261 1578 plane
1290 1526 1504 1566 convenit
1534 1537 1639 1566 eum
1671 1526 1856 1566 editoris
1888 1525 2102 1566 observa—

114 1599 254 1652 tione,
286 1599 364 1651 qui
395 1600 525 1640 testis
557 1599 764 1640 oculatus
795 1599 1072 1652 pronuntiat,
1105 1609 1186 1651 per
1216 1598 1469 1639 litterarum
1500 1597 1668 1639 formas
1695 1598 1830 1638 licere
1857 1597 2100 1638 ascendere

40 1722 43 1726 ι
116 1665 283 1723 ‘usque
323 1670 379 1712 ad
418 1672 636 1724 primos
678 1680 1042 1711 successores
1080 1664 1344 1711 Alexandri’
1376 1671 1493 1710 inter
1522 1681 1639 1722 quos
1678 1670 1832 1722 ipsum
1865 1669 2100 1709 Seleucum

115 1741 324 1783 Nicatora
356 1741 495 1783 fuisse
525 1753 658 1783 nemo
689 1743 876 1794 ignorat.

226 1982 336 2038 212
387 1987 580 2036 Tabula
617 1987 681 2035 ab
720 1988 955 2036 omnibus
992 1988 1223 2053 partibus
1270 1991 1475 2053 praeter
1512 1987 1747 2036 dextram
1785 1987 1976 2053 mutila,
2025 1987 2101 2033 in-

117 2077 269 2123 venta
307 2087 439 2123 anno
482 2071 616 2122 ⁴873
658 2074 709 2122 in
734 2074 847 2123 vico
872 2070 1238 2140 Aktsehi-Ko‘i,
1279 2074 1365 2139 qui
1391 2073 1680 2139 Thymbrae
1710 2074 1896 2122 veteris
1934 2074 2102 2121 locum

117 2161 270 2225 tenet,
309 2160 359 2207 in
396 2159 608 2225 praedio
635 2159 867 2224 Calverti,
909 2174 1010 2225 quo
1051 2160 1217 2208 delata
1241 2159 1443 2209 videtur
1481 2174 1547 2208 ex
1571 2159 1840 2208 ruderibus
1867 2159 1939 2206 Ilii
1964 2159 2100 2208 novi.

119 2246 207 2295 Ed.
259 2245 313 2294 G.
344 2245 630 2295 Hirschfeld
680 2245 910 2295 Archaol.
953 2246 1165 2310 Zeitung
1202 2246 1383 2294 XXXII
1434 2244 1570 2294 ⁴875
1610 2262 1660 2311 p.
1696 2245 1793 2293 ⁴55
1834 2259 1883 2293 n.
1914 2245 1961 2293 2.
2028 2243 2100 2293 Cf.

118 2346 249 2396 quae
293 2331 670 2381 adnotaverunt
716 2333 794 2381 W.
834 2332 1173 2381 Hiinerwadel
1233 2331 1595 2397 Forschungen
1647 2345 1739 2380 zur
1785 2330 1963 2380 Gesch.
2015 2330 2103 2379 des

60 2455 62 2458 .
118 2417 307 2482 Konigs
354 2417 686 2482 Lysimachos
731 2433 780 2482 p.
815 2417 932 2466 404.
1008 2418 1063 2466 Β.
1101 2417 1447 2467 Haussoullier
1491 2406 1679 2467 Etudes
1726 2431 1814 2466 sur
1858 2412 2104 2465 l'histoire

121 2502 183 2552 de
221 2503 355 2552 Milet
392 2507 441 2552 et
479 2504 547 2553 du
584 2504 885 2568 Didymeion
923 2519 972 2568 p.
1005 2504 1088 2552 62.

263 2672 626 2682 -----------
640 2665 683 2696 ιο
735 2644 1082 2711 [----------
1118 2644 1124 2714 Ι
1160 2644 1607 2711 ------------]α
1648 2643 1734 2712 μὲν
1778 2644 1998 2714 ἱερε[-·--
2037 2644 2104 2702 ὡς

235 2802 430 2843 Litterae
460 2802 688 2856 volgares3
728 2805 768 2844 O
801 2804 845 2843 et
874 2803 915 2844 Ω
946 2804 1131 2855 reliquis
1171 2803 1401 2856 aliquanto
1442 2803 1657 2844 minores.
1809 2806 1824 2842 4
1875 2802 2104 2855 Supplevi.

42 2906 43 2910 ,
122 2873 405 2914 Manifestum
438 2876 507 2915 est
536 2875 610 2915 hic
642 2875 793 2916 nescIO
824 2875 935 2927 quid
964 2875 1152 2916 honoris
1184 2876 1431 2928 praemiive
1453 2875 1634 2916 decerni
1666 2875 1759 2928 regi
1781 2874 1966 2916 Seleuco
1999 2875 2106 2926 quia

124 2945 296 2985 amicus
329 2945 387 2985 stt
416 2946 575 2998 populi
607 2946 849 2987 Iliensium.
911 2946 996 2995 Qui
1039 2959 1130 3000 rex,
1171 2948 1300 2988 cuius
1342 2948 1388 2987 in
1418 2946 1673 2988 honoribus
1714 2949 1864 2987 totum
1896 2948 2107 2987 versatur

123 3016 243 3057 tituli
272 3019 605 3070 argumentum,
637 3018 734 3058 sine
765 3017 906 3059 dubio
938 3020 1060 3059 recte
1091 3018 1148 3059 ab
1179 3018 1354 3060 editore
1385 3019 1659 3071 intellegitur
1689 3019 1901 3058 Seleucus
1927 3019 1943 3057 I
1974 3017 2105 3058 Nica-

46 3129 48 3147 :
124 3088 196 3129 tor
226 3088 465 3139 (306———280
501 3101 539 3130 a.
562 3089 662 3130 Chr.
685 3090 756 3141 n.).
817 3090 993 3131 Etenim
1031 3092 1233 3132 Suetonii
1274 3091 1457 3143 quidem
1498 3091 1801 3132 narrationem
1846 3090 1997 3130 Claud.
2030 3092 2104 3130 25:

85 3212 91 3214 ‚
123 3155 381 3212 Iliensibus,
422 3159 559 3214 quasi
586 3158 822 3203 Romanae
846 3159 995 3217 yeutis
1024 3160 1296 3215 auctoribus,
1338 3160 1508 3204 tributa
1536 3159 1592 3203 iu
1613 3163 1884 3216 perpetuum
1913 3158 2104 3213 remisit,

125 3228 312 3274 recitata
339 3234 478 3274 vetere
506 3229 701 3287 epistula
726 3245 892 3288 yraeea
918 3236 1101 3276 senatus
1125 3232 1372 3289 populique
1402 3231 1617 3286 Romani,
1651 3231 1829 3275 Seleuco
1859 3230 1959 3287 reqi
1986 3230 2106 3274 ami-

52 3331 53 3334 =
123 3299 286 3345 citiam
315 3306 354 3346 et
381 3302 634 3346 societatem
654 3302 723 3347 ita
751 3303 933 3348 demum
955 3304 1225 3360 pollicentis,
1255 3304 1302 3348 si
1320 3303 1679 3359 eomanyuineos
1708 3317 1814 3347 suos
1833 3302 2020 3346 Ilienses
2050 3303 2106 3346 ab

127 3372 257 3416 omui
291 3387 422 3418 onere
451 3373 682 3418 immunes
706 3374 1006 3430 praestitisset
1035 3379 1131 3419 sine
1163 3378 1301 3418 dubio
1333 3380 1410 3418 aut
1449 3388 1553 3418 cum
1582 3376 1832 3417 Niebuhrio
1870 3376 1926 3417 ad
1956 3376 2106 3417 Seleu-

125 3454 231 3485 cum
264 3447 302 3486 II
333 3447 596 3488 CalIInicum
630 3448 871 3499 (246—226
904 3461 941 3490 a.
963 3450 1080 3502 Chr.)
1113 3451 1190 3490 aut
1221 3450 1274 3490 ad
1306 3449 1542 3489 Seleucum
1572 3449 1628 3488 III
1662 3448 1916 3489 Ceraunum
1950 3447 2105 3499 (226-

130 3518 210 3556 223
233 3529 270 3558 a.
293 3518 408 3570 Chr.)
441 3519 720 3561 referendam
751 3531 862 3574 esse,
901 3521 979 3562 sed
1019 3521 1074 3562 de
1111 3522 1272 3562 neutro
1304 3532 1359 3561 ex
1390 3521 1454 3560 eis
1494 3521 1567 3560 hic
1598 3520 1785 3572 cogitari
1823 3520 1958 3561 licere
2000 3531 2105 3560 cum

122 3589 234 3639 quia
271 3590 312 3630 ei
342 3591 420 3632 vix
460 3591 582 3632 nudo
614 3592 795 3632 nomine
836 3590 1030 3648 βασιλεὺς
1068 3589 1279 3638 Σέλευκος
1319 3593 1415 3633 sine
1453 3593 1666 3644 paternae
1709 3592 1895 3644 originis
1937 3592 2104 3632 indici0

59 3674 62 3714 ς
129 3659 340 3711 appellati
370 3664 533 3716 essent,
566 3665 663 3703 tum
695 3665 882 3717 propter
911 3664 1212 3705 litteraturam
1235 3664 1362 3704 initio
1385 3663 1505 3704 tertii
1527 3675 1564 3704 a.
1588 3663 1689 3704 Chr.
1714 3674 1753 3703 n.
1777 3663 1920 3704 multo
1943 3663 2106 3705 melius
