2314 3970
254 208 353 259 138
933 207 980 247 11.
1030 206 1230 257 Regnum
1263 206 1542 257 Lagidarum.
2098 209 2228 261 [86-

252 392 293 434 p.
318 380 465 432 CXIX)
499 381 674 420 monuit
705 379 813 431 Hall,
846 379 907 419 ita
939 380 990 418 ut
1020 378 1258 419 manifesto
1293 381 1452 420 neutra
1483 380 1678 421 nominis
1710 380 1853 422 forma
1884 382 2005 434 apud
2037 383 2227 436 scripto-

252 464 323 494 res
355 453 411 494 ad
442 453 602 493 calami
634 452 810 502 lapsum
843 451 1049 491 revocari
1080 452 1237 503 possit.
1299 451 1521 492 Videntur
1557 452 1695 502 igitur
1726 454 1814 493 iam
1857 453 2106 505 antiquitus
2138 454 2226 495 duo

252 525 388 566 fuisse
418 525 566 566 vicina
599 522 766 575 oppida
798 522 965 563 Etenna
997 525 1042 563 et
1072 523 1281 576 Cotenna,
1314 525 1365 563 ut
1386 523 1741 575 Byzantinorum
1775 527 1919 565 aetate
1951 525 2087 566 fuisse
2119 537 2227 566 con-

252 599 340 638 stat
371 596 436 647 (cf.
469 596 536 636 W.
559 596 606 638 R.
629 595 823 647 Ramsay
855 595 964 635 Hist.
999 595 1153 647 Geogr.
1187 595 1234 636 of
1260 595 1364 636 Asia
1395 595 1545 636 minor
1575 606 1616 648 p.
1644 596 1752 646 448).
1901 601 1924 637 9
1965 598 2226 638 Proximum

253 670 358 722 post
389 670 636 719 strategum
667 667 818 707 locum
849 668 971 707 tenet
1002 668 1099 708 eius
1131 668 1327 708 vicarius
1361 665 1601 726 (διάδοχος),
1639 671 1747 720 post
1785 669 1907 709 hunc
1948 669 2051 710 dux.
2112 670 2226 711 Nam

250 738 460 796 ἡγεμόνας
491 750 567 780 eos
598 739 888 791 potissimum
920 739 1116 780 militum
1148 740 1358 781 ductores
1398 739 1651 791 appellatos
1682 751 1782 781 esse
1813 741 1892 793 qui
1931 751 2111 783 summo
2143 744 2228 783 im-

249 813 374 865 perio
407 811 589 863 strategi
623 810 852 852 subiuncti
883 814 1035 853 essent
1065 814 1225 852 notum
1257 814 1336 852 est.
1399 811 1459 852 Cf.
1492 822 1534 852 n.
1560 815 1610 851 69
1622 811 1652 852 3.

357 1011 426 1066 87
479 1015 620 1064 Basis
668 1014 984 1065 inaedificata
1028 1014 1184 1064 Philis
1233 1016 1283 1063 in
1330 1030 1477 1065 muro
1528 1016 1593 1064 ad
1638 1016 1776 1082 ripas
1822 1016 2056 1066 fluminis.
2135 1017 2223 1066 Ed.

249 1104 307 1152 R.
335 1102 546 1167 Lepsius
580 1101 882 1151 Denkmtiler
917 1102 1007 1150 XII
1043 1118 1093 1167 p.
1120 1102 1185 1153 82
1223 1117 1272 1151 n.
1300 1101 1397 1150 ⁴97
1450 1100 1529 1169 (Μ.
1560 1103 1613 1151 L.
1643 1103 1823 1152 Strack
1861 1103 1950 1152 Die
1986 1104 2227 1169 Dynastie

253 1190 342 1238 der
375 1190 661 1238 Ptolemaer
697 1204 747 1254 p.
778 1188 880 1238 238
919 1203 967 1237 n.
1000 1187 1101 1253 58).

383 1313 539 1387 Ὑπὲρ
587 1316 833 1387 βασιλέως
873 1313 1219 1385 Πτολεμαίου1
1264 1314 1350 1368 καὶ
1399 1314 1693 1387 βασιλίσσης
1736 1316 1740 1386 Ι
1777 1312 2048 1388 Ἀρσινόης,
2095 1318 2225 1370 θεῶν

398 1403 772 1472 Φιλοπατόρων,
832 1401 918 1455 καὶ
971 1401 1293 1471 Πτολεμαίωι
1345 1401 1351 1471 Ι
1401 1405 1494 1454 τῶι
1541 1403 1654 1455 υἱῶι
1703 1403 1913 1472 αότῶνῖ,
1971 1402 2228 1474 Σαράπιδι

382 1483 532 1541 Ἴσιδι
569 1488 800 1558 Σωτῆρσι
840 1487 845 1558 1
888 1486 1161 1559 Σωκράτης
1192 1485 1566 1559 Ἀπολλοδώρου
1606 1489 1849 1560 Λο[κρός].

364 1649 556 1690 Litterae
586 1646 855 1700 ΑΑΚΘΠΣΦ
873 1680 882 1689 .
943 1648 1104 1689 Hastae
1134 1648 1208 1689 hic
1238 1649 1329 1689 illic
1354 1649 1610 1702 paullulum
1631 1650 1907 1691 incurvatae.
2027 1655 2043 1690 4
2083 1651 2226 1692 Ptole·

250 1732 406 1762 maeus
436 1721 493 1761 IV
524 1721 783 1773 Philopator
814 1721 1054 1772 (224—205
1079 1732 1116 1762 a.
1141 1721 1242 1764 Chr.
1264 1721 1336 1773 n.).
1493 1724 1516 1760 2
1557 1721 1643 1769 Qui
1673 1725 1831 1774 postea
1861 1722 2118 1775 Epiphanes
2149 1735 2226 1776 ap-

252 1794 442 1846 pellatus
473 1795 554 1834 est.
615 1794 657 1834 Is
689 1805 804 1834 anno
837 1796 918 1834 209
950 1795 1082 1834 natus
1113 1795 1194 1846 est,
1232 1794 1458 1846 siquidem
1489 1794 1688 1835 Iustinus
1718 1794 1855 1847 XXX,
1880 1798 1919 1848 2,
1943 1799 1966 1835 6
1998 1806 2103 1836 eum
2134 1808 2225 1848 quo

250 1869 455 1918 tempore
484 1866 613 1918 pater
643 1865 806 1906 obierit
842 1866 1193 1918 quinquennem,
1233 1866 1536 1918 Hieronymus
1573 1866 1619 1906 in
1649 1866 1878 1906 Danielem
1916 1870 1962 1906 44
2010 1870 2227 1919 quattuor

252 1949 391 1980 annos
429 1939 586 1978 natum
625 1937 763 1978 fuisse
803 1937 949 1978 refert.
1012 1937 1071 1978 Cf.
1104 1949 1144 1979 n.
1169 1938 1266 1978 901-
1290 1936 1365 1978 134.
1426 1939 1480 1978 Μ.
1511 1938 1555 1978 L.
1586 1938 1742 1979 Strack
1779 1938 1861 1978 Die
1889 1938 2107 1991 Dynastie
2146 1940 2227 1980 der
2312 1980 2314 1989 .

251 2011 500 2051 Ptolemaer
529 2021 572 2062 p.
597 2013 677 2050 495
710 2011 801 2050 not.
825 2013 892 2050 46.
952 2010 1142 2051 Dativus
1172 2009 1235 2066 τῷ
1266 2008 1363 2066 υἱῷ,
1407 2021 1544 2062 quem
1584 2021 1676 2050 non
1713 2021 1850 2062 posse
1889 2022 1979 2051 non
2020 2011 2077 2052 ab
2118 2008 2224 2066 ὑπὲρ

249 2082 446 2135 pendere
477 2082 697 2134 particula
735 2080 807 2123 καὶ
846 2082 1012 2123 indicio
1046 2084 1127 2135 est,
1166 2082 1323 2123 eadem
1365 2093 1554 2123 casuum
1593 2081 1855 2123 confusione
1894 2093 1978 2135 pro
2017 2084 2224 2135 genetivo

249 2157 496 2207 usurpatus
528 2156 609 2207 est,
641 2166 782 2206 quam
813 2154 952 2195 habes
985 2165 1121 2207 supra
1154 2166 1196 2195 n.
1222 2158 1286 2207 47,
1310 2158 1348 2195 4.
1372 2157 1411 2194 2.

356 2354 429 2408 88
481 2358 582 2406 Ara
610 2358 828 2407 rotunda
857 2358 1127 2407 marmoris
1153 2358 1351 2407 candidi
1382 2358 1592 2406 maculis
1623 2358 1960 2407 subcaeruleis
1992 2358 2226 2424 distincti,
2284 2391 2287 2393 -

250 2445 455 2494 inventa
481 2445 610 2494 inter
635 2445 822 2493 rudera
849 2445 1031 2494 domus
1054 2445 1288 2510 privatae
1313 2445 1365 2492 in
1384 2444 1497 2493 vico
1520 2440 1722 2493 Ialowa
1749 2445 1844 2494 sito
1863 2459 2025 2510 prope
2046 2445 2228 2494 Seston
2272 2470 2286 2514 g

251 2532 524 2596 antiquam.
577 2531 666 2580 Ed.
696 2531 756 2580 H.
787 2530 841 2580 G.
871 2532 1064 2595 Lolling
1090 2531 1248 2580 Mitth.
1279 2531 1368 2580 des
1394 2530 1531 2580 arch.
1560 2531 1679 2580 Inst.
1709 2531 1761 2579 in
1785 2530 1949 2581 Athen
1966 2532 2030 2581 Vl
2051 2531 2089 2597 (4
2105 2529 2226 2598 881)

250 2632 301 2682 p.
325 2617 426 2668 209
476 2615 555 2684 (Μ
584 2618 637 2665 L.
668 2617 848 2666 Strack
895 2618 982 2667 Die
1019 2618 1259 2682 Dynastie
1297 2618 1387 2666 der
1424 2618 1711 2666 Ptolemaer
1746 2633 1797 2683 p.
1822 2617 1924 2666 238
1964 2632 2012 2666 n.
2036 2615 2138 2684 59).

386 2754 538 2828 Ὑπὲρ
590 2758 834 2828 βασιλέως
883 2757 1199 2826 Πτολεμαίου
1244 2756 1330 2811 καὶ
1380 2758 1674 2828 βασιλίσσης
1722 2757 1729 2830 Ι
1774 2754 2041 2829 Ἀρσινόης,
2092 2760 2224 2812 θεῶν

396 2843 808 2913 Φιλοπατόρω[ν,]
850 2844 856 2911 1
896 2841 981 2896 καὶ
1016 2847 1103 2896 τοῦ
1142 2843 1231 2896 ὑοῦ
1271 2843 1433 2896 αὐτῶν
1473 2843 1862 2913 Πτολεμαί[ο]υ1
1902 2844 1907 2914 Ι
1949 2845 2087 2905 θεοῖς
2124 2846 2226 2906 τοῖς

343 2943 367 2984 5
396 2930 446 2981 ἐν
487 2927 912 2999 Σαμ,οθράικ[η]ι2
946 2929 962 2999 Η
991 2926 1298 3000 Ἀριστάρχη
1339 2928 1576 2982 Μικύθου
1616 2929 1942 3001 Περγαμηνή.

367 3090 559 3131 Litterae
588 3090 793 3142 volgares
824 3091 1003 3142 praeter
1032 3091 1166 3131 ΑΠΣ.
1315 3093 1331 3129 4
1378 3090 1579 3130 Titulum
1618 3101 1765 3142 neque
1801 3101 1916 3131 anno
1949 3093 2030 3131 209
2061 3102 2099 3131 a.
2122 3091 2222 3131 Chr.
2291 3102 2293 3108 ·

254 3163 554 3214 antiquiorem
591 3173 738 3214 neque
776 3173 892 3203 anno
925 3164 1005 3202 205
1044 3162 1339 3202 recentiorem
1377 3172 1476 3202 esse
1514 3173 1568 3202 ex
1610 3162 1674 3202 eis
1706 3163 1894 3214 apparet
1924 3173 2040 3214 quae
2078 3174 2120 3203 n.
2145 3160 2226 3204 87²

254 3235 465 3276 adnotata
486 3235 603 3275 sunt.
751 3237 774 3273 2
816 3233 1056 3285 Lollingius
1078 3234 1244 3285 monet,
1276 3234 1360 3274 etsi
1381 3245 1436 3274 ex
1463 3234 1609 3275 insula
1630 3234 1918 3275 Samothrace
1938 3234 2059 3274 haud
2079 3245 2224 3286 pauca
2287 3233 2290 3287 j

255 3308 546 3347 monumenta
577 3306 662 3347 alio
695 3306 841 3347 delata
871 3306 1032 3357 essent,
1063 3306 1215 3345 tamen
1246 3305 1361 3345 hanc
1391 3316 1515 3346 aram
1545 3306 1642 3346 sine
1670 3305 1809 3346 dubio
1831 3306 1945 3346 Sesti
1965 3306 2011 3346 in
2031 3306 2220 3347 delubro
2286 3307 2289 3331 ⁵

254 3380 516 3430 Magnorum
545 3379 744 3419 Deorum
776 3377 1117 3418 Samothracum
1161 3376 1412 3417 dedicatam
1463 3388 1575 3430 esse,
1627 3388 1731 3418 cum
1770 3378 1877 3430 quia
1917 3377 2222 3419 Chersonesus

257 3449 470 3489 Thracica
499 3451 609 3490 tunc
639 3450 856 3501 temporis
887 3449 1022 3489 etiam
1053 3449 1098 3489 in
1129 3448 1486 3489 Ptolemaeorum
1517 3449 1693 3490 dicione
1723 3449 1893 3501 fuisset,
1936 3449 2243 3490 Samothrace

257 3531 343 3561 non
382 3521 505 3572 item,
543 3523 640 3561 tum
680 3522 786 3573 quia
815 3521 967 3573 ipsum
1006 3519 1361 3561 additamentum
1400 3522 1491 3565 τοῖς
1522 3518 1564 3561 ἐν
1598 3508 1864 3577 Σαμοθρᾴκῃ
1901 3520 2095 3573 doceret,
2133 3531 2221 3560 non
2282 3517 2283 3522 ’

257 3593 303 3631 in
323 3592 422 3643 ipsa
443 3592 588 3633 insula
609 3595 955 3633 monumentum
977 3592 1127 3633 fuisse.
1177 3592 1241 3631 De
1262 3591 1383 3632 cultu
1409 3592 1602 3633 deorum
1624 3592 1967 3634 Samothracum
1999 3591 2051 3632 cf.
2075 3603 2115 3632 n.
2136 3590 2218 3631 691.
