<?xml version="1.0" encoding="UTF-8"?>
<!DOCTYPE html PUBLIC "-//W3C//DTD XHTML 1.0 Transitional//EN"
    "http://www.w3.org/TR/xhtml1/DTD/xhtml1-transitional.dtd">
<html xmlns="http://www.w3.org/1999/xhtml" xml:lang="en" lang="en">
 <head>
  <title>
</title>
<meta http-equiv="Content-Type" content="text/html;charset=utf-8" />
  <meta name='ocr-system' content='tesseract 3.04.00' />
  <meta name='ocr-capabilities' content='ocr_page ocr_carea ocr_par ocr_line ocrx_word'/>
</head>
<body>
  <div class='ocr_page' id='page_1' title='image "./orientisgraeciin01dittuoft_0188.png"; bbox 0 0 2314 3970; ppageno 0'>
   <div class='ocr_carea' id='block_1_1' title="bbox 292 208 2252 261">
    <p class='ocr_par' dir='ltr' id='par_1_1' title="bbox 292 208 2252 261">
     <span class='ocr_line' id='line_1_1' title="bbox 292 208 2252 261; baseline -0.009 -4"><span class='ocrx_word' id='word_1_1' title='bbox 292 212 392 261; x_wconf 88' lang='grc'><strong>174</strong></span> <span class='ocrx_word' id='word_1_2' title='bbox 966 209 1015 249; x_wconf 95' lang='grc' dir='ltr'><strong>ΙΙ.</strong></span> <span class='ocrx_word' id='word_1_3' title='bbox 1061 209 1262 261; x_wconf 84' lang='lat' dir='ltr'><strong>Regnum</strong></span> <span class='ocrx_word' id='word_1_4' title='bbox 1293 208 1573 261; x_wconf 89' lang='lat' dir='ltr'><strong>Lagidarum.</strong></span> <span class='ocrx_word' id='word_1_5' title='bbox 2126 209 2252 261; x_wconf 78' lang='grc'>[98-</span> 
     </span>
    </p>
   </div>
   <div class='ocr_carea' id='block_1_2' title="bbox 271 380 2256 1914">
    <p class='ocr_par' dir='ltr' id='par_1_2' title="bbox 428 380 2256 455">
     <span class='ocr_line' id='line_1_2' title="bbox 428 380 2256 455; baseline 0.001 -19"><span class='ocrx_word' id='word_1_6' title='bbox 428 382 674 441; x_wconf 83' lang='grc' dir='ltr'>Βασιλεὺς</span> <span class='ocrx_word' id='word_1_7' title='bbox 715 381 1057 452; x_wconf 81' lang='grc' dir='ltr'><strong>Πτολεμαῖος1</strong></span> <span class='ocrx_word' id='word_1_8' title='bbox 1106 380 1192 434; x_wconf 82' lang='grc' dir='ltr'><strong>καὶ</strong></span> <span class='ocrx_word' id='word_1_9' title='bbox 1241 381 1508 452; x_wconf 84' lang='grc' dir='ltr'>βασίλισσα</span> <span class='ocrx_word' id='word_1_10' title='bbox 1547 380 1885 455; x_wconf 54' lang='lat' dir='ltr'><strong>Kleonai-:pff</strong></span> <span class='ocrx_word' id='word_1_11' title='bbox 1924 383 1930 452; x_wconf 86' lang='grc' dir='ltr'>Ι</span> <span class='ocrx_word' id='word_1_12' title='bbox 1979 380 2087 438; x_wconf 75' lang='grc' dir='ltr'><strong>θεοὶ</strong></span> <span class='ocrx_word' id='word_1_13' title='bbox 2116 381 2256 437; x_wconf 83' lang='grc' dir='ltr'>Ἐπι-</span> 
     </span>
    </p>

    <p class='ocr_par' dir='ltr' id='par_1_3' title="bbox 426 465 1748 540">
     <span class='ocr_line' id='line_1_3' title="bbox 426 465 1748 540; baseline 0 -18"><span class='ocrx_word' id='word_1_14' title='bbox 426 470 648 540; x_wconf 66' lang='grc' dir='ltr'><strong>φανεῖςῧ,</strong></span> <span class='ocrx_word' id='word_1_15' title='bbox 687 466 772 521; x_wconf 80' lang='grc' dir='ltr'><strong>καὶ</strong></span> <span class='ocrx_word' id='word_1_16' title='bbox 812 467 1124 537; x_wconf 84' lang='grc' dir='ltr'>Πτολεμαῖος</span> <span class='ocrx_word' id='word_1_17' title='bbox 1163 470 1189 520; x_wconf 82' lang='grc' dir='ltr'><strong>ὁ</strong></span> <span class='ocrx_word' id='word_1_18' title='bbox 1229 467 1365 528; x_wconf 79' lang='grc' dir='ltr'>υἱὸς4</span> <span class='ocrx_word' id='word_1_19' title='bbox 1396 465 1748 539; x_wconf 80' lang='grc' dir='ltr'>Ἀσκληπιῶι5.</span> 
     </span>
    </p>

    <p class='ocr_par' dir='ltr' id='par_1_4' title="bbox 271 628 2256 1914">
     <span class='ocr_line' id='line_1_4' title="bbox 396 628 2254 682; baseline 0.002 -13"><span class='ocrx_word' id='word_1_20' title='bbox 396 634 411 670; x_wconf 94' lang='grc'><strong>4</strong></span> <span class='ocrx_word' id='word_1_21' title='bbox 452 629 734 670; x_wconf 83' lang='lat' dir='ltr'><strong>Ptolemaeus</strong></span> <span class='ocrx_word' id='word_1_22' title='bbox 764 628 802 668; x_wconf 84' lang='lat' dir='ltr'><strong>V</strong></span> <span class='ocrx_word' id='word_1_23' title='bbox 833 628 1087 682; x_wconf 84' lang='lat' dir='ltr'><strong>Epiphanes</strong></span> <span class='ocrx_word' id='word_1_24' title='bbox 1134 629 1366 679; x_wconf 77' lang='grc'>(205-484</span> <span class='ocrx_word' id='word_1_25' title='bbox 1411 641 1449 670; x_wconf 90' lang='grc'><strong>3.</strong></span> <span class='ocrx_word' id='word_1_26' title='bbox 1486 628 1587 671; x_wconf 86' lang='lat' dir='ltr'><strong>Chr.</strong></span> <span class='ocrx_word' id='word_1_27' title='bbox 1624 629 1695 681; x_wconf 90' lang='lat' dir='ltr'><strong>n.).</strong></span> <span class='ocrx_word' id='word_1_28' title='bbox 1900 633 1924 669; x_wconf 79' lang='lat'><strong>2</strong></span> <span class='ocrx_word' id='word_1_29' title='bbox 1965 629 2024 671; x_wconf 85' lang='lat' dir='ltr'><strong>Cf.</strong></span> <span class='ocrx_word' id='word_1_30' title='bbox 2064 642 2105 671; x_wconf 93' lang='lat' dir='ltr'><strong>n.</strong></span> <span class='ocrx_word' id='word_1_31' title='bbox 2139 634 2189 671; x_wconf 99' lang='grc'><strong>90</strong></span> <span class='ocrx_word' id='word_1_32' title='bbox 2206 630 2254 672; x_wconf 84' lang='lat'><strong>²9.</strong></span> 
     </span>
     <span class='ocr_line' id='line_1_5' title="bbox 282 696 2256 758; baseline 0.001 -16"><span class='ocrx_word' id='word_1_33' title='bbox 282 706 303 742; x_wconf 86' lang='lat'><strong>3</strong></span> <span class='ocrx_word' id='word_1_34' title='bbox 344 702 488 742; x_wconf 89' lang='lat' dir='ltr'><strong>Etiam</strong></span> <span class='ocrx_word' id='word_1_35' title='bbox 519 700 624 742; x_wconf 88' lang='lat' dir='ltr'><strong>alibi</strong></span> <span class='ocrx_word' id='word_1_36' title='bbox 656 701 847 742; x_wconf 90' lang='lat' dir='ltr'><strong>alterum</strong></span> <span class='ocrx_word' id='word_1_37' title='bbox 881 711 1132 752; x_wconf 85' lang='lat' dir='ltr'><strong>cognomen</strong></span> <span class='ocrx_word' id='word_1_38' title='bbox 1161 696 1438 758; x_wconf 77' lang='grc' dir='ltr'>Εὐχάριστος,</span> <span class='ocrx_word' id='word_1_39' title='bbox 1469 696 1728 757; x_wconf 78' lang='grc' dir='ltr'>Εὐχάριστοι</span> <span class='ocrx_word' id='word_1_40' title='bbox 1759 702 1997 754; x_wconf 92' lang='lat' dir='ltr'><strong>aliquando</strong></span> <span class='ocrx_word' id='word_1_41' title='bbox 2030 703 2256 743; x_wconf 85' lang='lat' dir='ltr'><strong>omittitur</strong></span> 
     </span>
     <span class='ocr_line' id='line_1_6' title="bbox 280 772 2255 827; baseline 0.001 -13"><span class='ocrx_word' id='word_1_42' title='bbox 280 785 385 814; x_wconf 91' lang='lat' dir='ltr'><strong>cum</strong></span> <span class='ocrx_word' id='word_1_43' title='bbox 417 774 461 814; x_wconf 91' lang='lat' dir='ltr'><strong>in</strong></span> <span class='ocrx_word' id='word_1_44' title='bbox 498 773 616 826; x_wconf 89' lang='lat' dir='ltr'><strong>regis</strong></span> <span class='ocrx_word' id='word_1_45' title='bbox 656 773 791 814; x_wconf 90' lang='lat' dir='ltr'><strong>unius</strong></span> <span class='ocrx_word' id='word_1_46' title='bbox 830 772 1135 825; x_wconf 77' lang='lat' dir='ltr'><strong>designatione</strong></span> <span class='ocrx_word' id='word_1_47' title='bbox 1173 773 1227 823; x_wconf 93' lang='lat' dir='ltr'><strong>(n.</strong></span> <span class='ocrx_word' id='word_1_48' title='bbox 1252 775 1319 826; x_wconf 89' lang='grc'><strong>94,</strong></span> <span class='ocrx_word' id='word_1_49' title='bbox 1343 775 1381 812; x_wconf 82' lang='grc'><strong>2.</strong></span> <span class='ocrx_word' id='word_1_50' title='bbox 1415 775 1482 825; x_wconf 88' lang='grc'><strong>93,</strong></span> <span class='ocrx_word' id='word_1_51' title='bbox 1507 773 1558 825; x_wconf 90' lang='grc'><strong>4),</strong></span> <span class='ocrx_word' id='word_1_52' title='bbox 1597 774 1695 814; x_wconf 92' lang='lat' dir='ltr'><strong>tum</strong></span> <span class='ocrx_word' id='word_1_53' title='bbox 1735 773 1815 814; x_wconf 90' lang='lat' dir='ltr'><strong>ubi</strong></span> <span class='ocrx_word' id='word_1_54' title='bbox 1856 774 1953 815; x_wconf 90' lang='lat' dir='ltr'><strong>eius</strong></span> <span class='ocrx_word' id='word_1_55' title='bbox 1995 777 2040 815; x_wconf 92' lang='lat' dir='ltr'><strong>et</strong></span> <span class='ocrx_word' id='word_1_56' title='bbox 2077 775 2255 827; x_wconf 89' lang='lat' dir='ltr'><strong>reginae</strong></span> 
     </span>
     <span class='ocr_line' id='line_1_7' title="bbox 278 844 2254 901; baseline 0.001 -15"><span class='ocrx_word' id='word_1_57' title='bbox 278 846 554 886; x_wconf 82' lang='lat' dir='ltr'><strong>coniunctim</strong></span> <span class='ocrx_word' id='word_1_58' title='bbox 591 845 760 886; x_wconf 89' lang='lat' dir='ltr'><strong>mentio</strong></span> <span class='ocrx_word' id='word_1_59' title='bbox 802 844 852 885; x_wconf 90' lang='lat' dir='ltr'><strong>fit</strong></span> <span class='ocrx_word' id='word_1_60' title='bbox 889 845 944 896; x_wconf 90' lang='lat' dir='ltr'><strong>(n.</strong></span> <span class='ocrx_word' id='word_1_61' title='bbox 969 848 1037 898; x_wconf 91' lang='grc'><strong>99,</strong></span> <span class='ocrx_word' id='word_1_62' title='bbox 1061 846 1113 896; x_wconf 89' lang='grc'><strong>8).</strong></span> <span class='ocrx_word' id='word_1_63' title='bbox 1174 845 1382 886; x_wconf 86' lang='lat' dir='ltr'><strong>Ceterum</strong></span> <span class='ocrx_word' id='word_1_64' title='bbox 1424 844 1498 885; x_wconf 90' lang='lat' dir='ltr'><strong>hic</strong></span> <span class='ocrx_word' id='word_1_65' title='bbox 1541 844 1707 886; x_wconf 87' lang='lat' dir='ltr'><strong>Saltius</strong></span> <span class='ocrx_word' id='word_1_66' title='bbox 1747 846 2018 888; x_wconf 85' lang='grc' dir='ltr'>ΕΠΙΦΑΝΕΣ</span> <span class='ocrx_word' id='word_1_67' title='bbox 2059 846 2254 901; x_wconf 80' lang='lat' dir='ltr'><strong>exhibet,</strong></span> 
     </span>
     <span class='ocr_line' id='line_1_8' title="bbox 278 917 2256 972; baseline 0.001 -14"><span class='ocrx_word' id='word_1_68' title='bbox 278 929 403 959; x_wconf 90' lang='lat' dir='ltr'><strong>mero</strong></span> <span class='ocrx_word' id='word_1_69' title='bbox 434 929 586 959; x_wconf 89' lang='lat' dir='ltr'><strong>errore</strong></span> <span class='ocrx_word' id='word_1_70' title='bbox 617 918 655 959; x_wconf 89' lang='lat' dir='ltr'><strong>si</strong></span> <span class='ocrx_word' id='word_1_71' title='bbox 686 917 796 971; x_wconf 90' lang='lat' dir='ltr'><strong>quid</strong></span> <span class='ocrx_word' id='word_1_72' title='bbox 826 917 971 960; x_wconf 89' lang='lat' dir='ltr'><strong>video.</strong></span> <span class='ocrx_word' id='word_1_73' title='bbox 1141 920 1162 957; x_wconf 72' lang='lat'>4</span> <span class='ocrx_word' id='word_1_74' title='bbox 1206 917 1290 966; x_wconf 88' lang='lat' dir='ltr'><strong>Qui</strong></span> <span class='ocrx_word' id='word_1_75' title='bbox 1321 918 1479 970; x_wconf 85' lang='lat' dir='ltr'><strong>postea</strong></span> <span class='ocrx_word' id='word_1_76' title='bbox 1510 917 1750 968; x_wconf 76' lang='grc'>(484-446</span> <span class='ocrx_word' id='word_1_77' title='bbox 1772 930 1809 959; x_wconf 94' lang='grc'><strong>3.</strong></span> <span class='ocrx_word' id='word_1_78' title='bbox 1833 918 1933 959; x_wconf 87' lang='lat' dir='ltr'>Chr.</span> <span class='ocrx_word' id='word_1_79' title='bbox 1957 919 2012 970; x_wconf 92' lang='lat' dir='ltr'><strong>n.)</strong></span> <span class='ocrx_word' id='word_1_80' title='bbox 2052 920 2256 972; x_wconf 88' lang='lat' dir='ltr'><strong>regnavit</strong></span> 
     </span>
     <span class='ocr_line' id='line_1_9' title="bbox 277 989 2252 1043; baseline 0 -12"><span class='ocrx_word' id='word_1_81' title='bbox 277 990 557 1031; x_wconf 82' lang='lat' dir='ltr'><strong>Ptolemaeus</strong></span> <span class='ocrx_word' id='word_1_82' title='bbox 586 990 644 1030; x_wconf 92' lang='lat' dir='ltr'><strong>VI</strong></span> <span class='ocrx_word' id='word_1_83' title='bbox 674 990 962 1031; x_wconf 85' lang='lat' dir='ltr'><strong>Philometor.</strong></span> <span class='ocrx_word' id='word_1_84' title='bbox 1022 990 1239 1031; x_wconf 82' lang='lat' dir='ltr'><strong>Minorem</strong></span> <span class='ocrx_word' id='word_1_85' title='bbox 1279 989 1422 1030; x_wconf 89' lang='lat' dir='ltr'><strong>filium</strong></span> <span class='ocrx_word' id='word_1_86' title='bbox 1453 989 1760 1031; x_wconf 86' lang='lat' dir='ltr'><strong>Ptolemaeum</strong></span> <span class='ocrx_word' id='word_1_87' title='bbox 1789 990 1886 1030; x_wconf 88' lang='lat' dir='ltr'>VIII</span> <span class='ocrx_word' id='word_1_88' title='bbox 1917 990 2184 1043; x_wconf 88' lang='lat' dir='ltr'><strong>Euergetam</strong></span> <span class='ocrx_word' id='word_1_89' title='bbox 2216 992 2252 1031; x_wconf 93' lang='lat' dir='ltr'><strong>II</strong></span> 
     </span>
     <span class='ocr_line' id='line_1_10' title="bbox 276 1061 2253 1118; baseline 0.001 -15"><span class='ocrx_word' id='word_1_90' title='bbox 276 1064 375 1103; x_wconf 90' lang='lat' dir='ltr'><strong>tum</strong></span> <span class='ocrx_word' id='word_1_91' title='bbox 407 1073 511 1103; x_wconf 90' lang='lat' dir='ltr'><strong>cum</strong></span> <span class='ocrx_word' id='word_1_92' title='bbox 541 1063 630 1103; x_wconf 94' lang='lat' dir='ltr'><strong>hoc</strong></span> <span class='ocrx_word' id='word_1_93' title='bbox 659 1062 875 1103; x_wconf 90' lang='lat' dir='ltr'><strong>sacellum</strong></span> <span class='ocrx_word' id='word_1_94' title='bbox 905 1061 1189 1103; x_wconf 86' lang='lat' dir='ltr'><strong>dedicaretur</strong></span> <span class='ocrx_word' id='word_1_95' title='bbox 1218 1061 1419 1102; x_wconf 90' lang='lat' dir='ltr'><strong>nondum</strong></span> <span class='ocrx_word' id='word_1_96' title='bbox 1451 1062 1608 1102; x_wconf 89' lang='lat' dir='ltr'><strong>natum</strong></span> <span class='ocrx_word' id='word_1_97' title='bbox 1638 1061 1778 1104; x_wconf 87' lang='lat' dir='ltr'><strong>fuisse</strong></span> <span class='ocrx_word' id='word_1_98' title='bbox 1799 1063 1914 1104; x_wconf 91' lang='lat' dir='ltr'><strong>Letr.</strong></span> <span class='ocrx_word' id='word_1_99' title='bbox 1938 1063 2040 1104; x_wconf 89' lang='lat' dir='ltr'><strong>inde</strong></span> <span class='ocrx_word' id='word_1_100' title='bbox 2061 1063 2253 1118; x_wconf 84' lang='lat' dir='ltr'><strong>collegit,</strong></span> 
     </span>
     <span class='ocr_line' id='line_1_11' title="bbox 275 1133 2254 1188; baseline 0.001 -12"><span class='ocrx_word' id='word_1_101' title='bbox 275 1135 402 1188; x_wconf 90' lang='lat' dir='ltr'><strong>quod</strong></span> <span class='ocrx_word' id='word_1_102' title='bbox 432 1135 562 1176; x_wconf 90' lang='lat' dir='ltr'><strong>aliter</strong></span> <span class='ocrx_word' id='word_1_103' title='bbox 591 1135 844 1177; x_wconf 88' lang='lat' dir='ltr'><strong>necessario</strong></span> <span class='ocrx_word' id='word_1_104' title='bbox 875 1135 1114 1187; x_wconf 90' lang='lat' dir='ltr'><strong>utriusque</strong></span> <span class='ocrx_word' id='word_1_105' title='bbox 1145 1134 1314 1175; x_wconf 89' lang='lat' dir='ltr'><strong>mentio</strong></span> <span class='ocrx_word' id='word_1_106' title='bbox 1349 1133 1550 1175; x_wconf 84' lang='lat' dir='ltr'><strong>facienda</strong></span> <span class='ocrx_word' id='word_1_107' title='bbox 1581 1134 1677 1187; x_wconf 83' lang='lat' dir='ltr'><strong>fuit,</strong></span> <span class='ocrx_word' id='word_1_108' title='bbox 1717 1135 1849 1176; x_wconf 90' lang='lat' dir='ltr'><strong>solita</strong></span> <span class='ocrx_word' id='word_1_109' title='bbox 1878 1134 2071 1176; x_wconf 85' lang='lat' dir='ltr'><strong>formula</strong></span> <span class='ocrx_word' id='word_1_110' title='bbox 2101 1134 2173 1177; x_wconf 76' lang='grc' dir='ltr'><strong>καὶ</strong></span> <span class='ocrx_word' id='word_1_111' title='bbox 2200 1134 2254 1178; x_wconf 85' lang='grc' dir='ltr'><strong>τὰ</strong></span> 
     </span>
     <span class='ocr_line' id='line_1_12' title="bbox 273 1206 2249 1260; baseline 0.001 -12"><span class='ocrx_word' id='word_1_112' title='bbox 273 1206 415 1260; x_wconf 73' lang='grc' dir='ltr'>τέκνα,</span> <span class='ocrx_word' id='word_1_113' title='bbox 453 1219 568 1260; x_wconf 90' lang='lat' dir='ltr'><strong>quae</strong></span> <span class='ocrx_word' id='word_1_114' title='bbox 609 1208 808 1250; x_wconf 89' lang='lat' dir='ltr'><strong>occurrit</strong></span> <span class='ocrx_word' id='word_1_115' title='bbox 838 1219 879 1248; x_wconf 92' lang='lat' dir='ltr'><strong>n.</strong></span> <span class='ocrx_word' id='word_1_116' title='bbox 903 1211 971 1260; x_wconf 91' lang='grc'><strong>99,</strong></span> <span class='ocrx_word' id='word_1_117' title='bbox 994 1210 1032 1249; x_wconf 90' lang='grc'><strong>8.</strong></span> <span class='ocrx_word' id='word_1_118' title='bbox 1077 1210 1173 1260; x_wconf 90' lang='grc'>400,</span> <span class='ocrx_word' id='word_1_119' title='bbox 1198 1210 1235 1247; x_wconf 89' lang='grc'><strong>8.</strong></span> <span class='ocrx_word' id='word_1_120' title='bbox 1280 1209 1376 1259; x_wconf 89' lang='grc'>404,</span> <span class='ocrx_word' id='word_1_121' title='bbox 1401 1210 1439 1247; x_wconf 84' lang='lat'><strong>3.</strong></span> <span class='ocrx_word' id='word_1_122' title='bbox 1499 1207 1593 1248; x_wconf 90' lang='lat' dir='ltr'><strong>Iam</strong></span> <span class='ocrx_word' id='word_1_123' title='bbox 1625 1217 1730 1248; x_wconf 90' lang='lat' dir='ltr'><strong>cum</strong></span> <span class='ocrx_word' id='word_1_124' title='bbox 1762 1207 2063 1250; x_wconf 91' lang='lat' dir='ltr'><strong>Philometora</strong></span> <span class='ocrx_word' id='word_1_125' title='bbox 2103 1220 2141 1250; x_wconf 89' lang='lat' dir='ltr'><strong>a.</strong></span> <span class='ocrx_word' id='word_1_126' title='bbox 2174 1211 2249 1249; x_wconf 88' lang='grc'><strong>488</strong></span> 
     </span>
     <span class='ocr_line' id='line_1_13' title="bbox 274 1278 2251 1332; baseline 0 -11"><span class='ocrx_word' id='word_1_127' title='bbox 274 1293 313 1321; x_wconf 88' lang='grc'><strong>3.</strong></span> <span class='ocrx_word' id='word_1_128' title='bbox 327 1280 426 1321; x_wconf 89' lang='lat' dir='ltr'><strong>Chr.</strong></span> <span class='ocrx_word' id='word_1_129' title='bbox 449 1282 606 1321; x_wconf 89' lang='lat' dir='ltr'><strong>natum</strong></span> <span class='ocrx_word' id='word_1_130' title='bbox 627 1290 726 1321; x_wconf 90' lang='lat' dir='ltr'><strong>esse</strong></span> <span class='ocrx_word' id='word_1_131' title='bbox 748 1280 952 1321; x_wconf 90' lang='lat' dir='ltr'><strong>omnium</strong></span> <span class='ocrx_word' id='word_1_132' title='bbox 975 1279 1172 1320; x_wconf 85' lang='lat' dir='ltr'><strong>maxime</strong></span> <span class='ocrx_word' id='word_1_133' title='bbox 1193 1278 1426 1332; x_wconf 89' lang='lat' dir='ltr'><strong>probabile</strong></span> <span class='ocrx_word' id='word_1_134' title='bbox 1448 1290 1500 1320; x_wconf 88' lang='lat' dir='ltr'><strong>ac</strong></span> <span class='ocrx_word' id='word_1_135' title='bbox 1520 1290 1662 1332; x_wconf 89' lang='lat' dir='ltr'><strong>paene</strong></span> <span class='ocrx_word' id='word_1_136' title='bbox 1684 1281 1858 1320; x_wconf 91' lang='lat' dir='ltr'><strong>certum</strong></span> <span class='ocrx_word' id='word_1_137' title='bbox 1880 1281 1938 1321; x_wconf 91' lang='lat' dir='ltr'><strong>sit</strong></span> <span class='ocrx_word' id='word_1_138' title='bbox 1959 1281 2026 1332; x_wconf 90' lang='grc' dir='ltr'><strong>(Μ.</strong></span> <span class='ocrx_word' id='word_1_139' title='bbox 2038 1281 2083 1321; x_wconf 93' lang='lat' dir='ltr'><strong>L.</strong></span> <span class='ocrx_word' id='word_1_140' title='bbox 2096 1281 2251 1322; x_wconf 90' lang='lat' dir='ltr'><strong>Strack</strong></span> 
     </span>
     <span class='ocr_line' id='line_1_14' title="bbox 273 1351 2251 1405; baseline 0.001 -12"><span class='ocrx_word' id='word_1_141' title='bbox 273 1353 354 1393; x_wconf 89' lang='lat' dir='ltr'><strong>Die</strong></span> <span class='ocrx_word' id='word_1_142' title='bbox 373 1353 588 1405; x_wconf 87' lang='lat' dir='ltr'><strong>Dynastie</strong></span> <span class='ocrx_word' id='word_1_143' title='bbox 610 1351 688 1393; x_wconf 88' lang='lat' dir='ltr'><strong>der</strong></span> <span class='ocrx_word' id='word_1_144' title='bbox 709 1351 960 1393; x_wconf 76' lang='lat' dir='ltr'><strong>Ptolemaer</strong></span> <span class='ocrx_word' id='word_1_145' title='bbox 980 1363 1022 1405; x_wconf 88' lang='lat' dir='ltr'><strong>p.</strong></span> <span class='ocrx_word' id='word_1_146' title='bbox 1046 1355 1126 1393; x_wconf 84' lang='grc'><strong>497</strong></span> <span class='ocrx_word' id='word_1_147' title='bbox 1159 1353 1253 1392; x_wconf 90' lang='lat' dir='ltr'><strong>not.</strong></span> <span class='ocrx_word' id='word_1_148' title='bbox 1277 1354 1293 1391; x_wconf 88' lang='grc'>4</span> <span class='ocrx_word' id='word_1_149' title='bbox 1306 1351 1359 1404; x_wconf 93' lang='grc'><strong>9),</strong></span> <span class='ocrx_word' id='word_1_150' title='bbox 1391 1352 1613 1392; x_wconf 88' lang='lat' dir='ltr'><strong>minorem</strong></span> <span class='ocrx_word' id='word_1_151' title='bbox 1635 1363 1746 1393; x_wconf 88' lang='lat' dir='ltr'><strong>vero</strong></span> <span class='ocrx_word' id='word_1_152' title='bbox 1768 1352 1950 1393; x_wconf 85' lang='lat' dir='ltr'><strong>fratrem</strong></span> <span class='ocrx_word' id='word_1_153' title='bbox 1972 1353 2129 1405; x_wconf 91' lang='lat' dir='ltr'><strong>utique</strong></span> <span class='ocrx_word' id='word_1_154' title='bbox 2149 1355 2251 1394; x_wconf 89' lang='lat' dir='ltr'><strong>ante</strong></span> 
     </span>
     <span class='ocr_line' id='line_1_15' title="bbox 274 1424 2251 1477; baseline 0.001 -12"><span class='ocrx_word' id='word_1_155' title='bbox 274 1427 466 1465; x_wconf 90' lang='lat' dir='ltr'><strong>mortem</strong></span> <span class='ocrx_word' id='word_1_156' title='bbox 497 1425 638 1477; x_wconf 87' lang='lat' dir='ltr'><strong>patris</strong></span> <span class='ocrx_word' id='word_1_157' title='bbox 662 1424 750 1475; x_wconf 90' lang='grc'>(484</span> <span class='ocrx_word' id='word_1_158' title='bbox 780 1436 818 1465; x_wconf 89' lang='grc'><strong>3.</strong></span> <span class='ocrx_word' id='word_1_159' title='bbox 841 1424 970 1477; x_wconf 91' lang='lat' dir='ltr'><strong>Chr.),</strong></span> <span class='ocrx_word' id='word_1_160' title='bbox 1000 1424 1166 1464; x_wconf 88' lang='lat' dir='ltr'><strong>horum</strong></span> <span class='ocrx_word' id='word_1_161' title='bbox 1199 1434 1420 1465; x_wconf 89' lang='lat' dir='ltr'><strong>annorum</strong></span> <span class='ocrx_word' id='word_1_162' title='bbox 1451 1424 1655 1465; x_wconf 89' lang='lat' dir='ltr'><strong>terminis</strong></span> <span class='ocrx_word' id='word_1_163' title='bbox 1677 1425 1961 1465; x_wconf 90' lang='lat' dir='ltr'><strong>monumenti</strong></span> <span class='ocrx_word' id='word_1_164' title='bbox 1989 1425 2115 1477; x_wconf 91' lang='lat' dir='ltr'><strong>origo</strong></span> <span class='ocrx_word' id='word_1_165' title='bbox 2146 1436 2251 1467; x_wconf 91' lang='lat' dir='ltr'><strong>con-</strong></span> 
     </span>
     <span class='ocr_line' id='line_1_16' title="bbox 273 1495 2251 1550; baseline 0 -12"><span class='ocrx_word' id='word_1_166' title='bbox 273 1498 454 1550; x_wconf 90' lang='lat' dir='ltr'><strong>tinetur,</strong></span> <span class='ocrx_word' id='word_1_167' title='bbox 492 1508 519 1538; x_wconf 91' lang='grc'><strong>3</strong></span> <span class='ocrx_word' id='word_1_168' title='bbox 548 1508 639 1549; x_wconf 88' lang='lat' dir='ltr'><strong>qua</strong></span> <span class='ocrx_word' id='word_1_169' title='bbox 667 1496 886 1549; x_wconf 90' lang='lat' dir='ltr'><strong>temporis</strong></span> <span class='ocrx_word' id='word_1_170' title='bbox 918 1495 1174 1537; x_wconf 89' lang='lat' dir='ltr'><strong>definitione</strong></span> <span class='ocrx_word' id='word_1_171' title='bbox 1205 1496 1295 1536; x_wconf 89' lang='lat' dir='ltr'><strong>iam</strong></span> <span class='ocrx_word' id='word_1_172' title='bbox 1326 1496 1552 1537; x_wconf 89' lang='lat' dir='ltr'><strong>Letronnii</strong></span> <span class='ocrx_word' id='word_1_173' title='bbox 1589 1498 1703 1538; x_wconf 90' lang='lat' dir='ltr'><strong>ratio</strong></span> <span class='ocrx_word' id='word_1_174' title='bbox 1738 1508 1828 1538; x_wconf 89' lang='lat' dir='ltr'><strong>non</strong></span> <span class='ocrx_word' id='word_1_175' title='bbox 1858 1508 2130 1550; x_wconf 85' lang='lat' dir='ltr'><strong>magnopere</strong></span> <span class='ocrx_word' id='word_1_176' title='bbox 2160 1497 2251 1539; x_wconf 85' lang='lat' dir='ltr'><strong>dis-</strong></span> 
     </span>
     <span class='ocr_line' id='line_1_17' title="bbox 274 1566 2250 1623; baseline 0.001 -13"><span class='ocrx_word' id='word_1_177' title='bbox 274 1571 440 1622; x_wconf 85' lang='lat' dir='ltr'><strong>crepat.</strong></span> <span class='ocrx_word' id='word_1_178' title='bbox 499 1570 550 1610; x_wconf 92' lang='lat' dir='ltr'><strong>In</strong></span> <span class='ocrx_word' id='word_1_179' title='bbox 576 1569 846 1610; x_wconf 89' lang='lat' dir='ltr'><strong>Wilkinsoni</strong></span> <span class='ocrx_word' id='word_1_180' title='bbox 877 1568 1136 1622; x_wconf 89' lang='lat' dir='ltr'><strong>apographo</strong></span> <span class='ocrx_word' id='word_1_181' title='bbox 1168 1568 1385 1609; x_wconf 89' lang='lat' dir='ltr'><strong>articulus</strong></span> <span class='ocrx_word' id='word_1_182' title='bbox 1416 1570 1519 1609; x_wconf 90' lang='lat' dir='ltr'><strong>ante</strong></span> <span class='ocrx_word' id='word_1_183' title='bbox 1549 1566 1641 1614; x_wconf 81' lang='grc' dir='ltr'>υἱός</span> <span class='ocrx_word' id='word_1_184' title='bbox 1671 1569 1909 1623; x_wconf 89' lang='lat' dir='ltr'><strong>omittitur,</strong></span> <span class='ocrx_word' id='word_1_185' title='bbox 1947 1580 2084 1622; x_wconf 90' lang='lat' dir='ltr'><strong>quem</strong></span> <span class='ocrx_word' id='word_1_186' title='bbox 2114 1569 2250 1611; x_wconf 87' lang='lat' dir='ltr'><strong>habet</strong></span> 
     </span>
     <span class='ocr_line' id='line_1_18' title="bbox 273 1640 2248 1693; baseline 0.001 -12"><span class='ocrx_word' id='word_1_187' title='bbox 273 1641 375 1682; x_wconf 89' lang='lat' dir='ltr'><strong>Salt.</strong></span> <span class='ocrx_word' id='word_1_188' title='bbox 522 1644 546 1681; x_wconf 85' lang='lat'>5</span> <span class='ocrx_word' id='word_1_189' title='bbox 579 1641 627 1681; x_wconf 90' lang='lat' dir='ltr'><strong>In</strong></span> <span class='ocrx_word' id='word_1_190' title='bbox 657 1640 815 1682; x_wconf 90' lang='lat' dir='ltr'><strong>eodem</strong></span> <span class='ocrx_word' id='word_1_191' title='bbox 853 1640 1017 1681; x_wconf 86' lang='lat' dir='ltr'><strong>sacello</strong></span> <span class='ocrx_word' id='word_1_192' title='bbox 1051 1640 1214 1681; x_wconf 88' lang='lat' dir='ltr'><strong>Saltius</strong></span> <span class='ocrx_word' id='word_1_193' title='bbox 1256 1650 1304 1680; x_wconf 92' lang='lat' dir='ltr'><strong>se</strong></span> <span class='ocrx_word' id='word_1_194' title='bbox 1342 1640 1643 1693; x_wconf 87' lang='lat' dir='ltr'><strong>anaglypham</strong></span> <span class='ocrx_word' id='word_1_195' title='bbox 1684 1640 1755 1681; x_wconf 91' lang='lat' dir='ltr'><strong>dei</strong></span> <span class='ocrx_word' id='word_1_196' title='bbox 1796 1641 2037 1693; x_wconf 89' lang='lat' dir='ltr'><strong>imaginem</strong></span> <span class='ocrx_word' id='word_1_197' title='bbox 2067 1642 2248 1683; x_wconf 90' lang='lat' dir='ltr'><strong>nomine</strong></span> 
     </span>
     <span class='ocr_line' id='line_1_19' title="bbox 271 1709 2247 1767; baseline 0.001 -14"><span class='ocrx_word' id='word_1_198' title='bbox 271 1713 545 1766; x_wconf 86' lang='lat' dir='ltr'><strong>Aegyptiaco</strong></span> <span class='ocrx_word' id='word_1_199' title='bbox 590 1709 743 1755; x_wconf 73' lang='lat' dir='ltr'><strong>Imuth</strong></span> <span class='ocrx_word' id='word_1_200' title='bbox 779 1712 852 1753; x_wconf 86' lang='lat' dir='ltr'><strong>vel</strong></span> <span class='ocrx_word' id='word_1_201' title='bbox 889 1709 1101 1767; x_wconf 78' lang='lat' dir='ltr'><strong>Imuthph</strong></span> <span class='ocrx_word' id='word_1_202' title='bbox 1141 1712 1339 1765; x_wconf 89' lang='lat' dir='ltr'><strong>ascripto</strong></span> <span class='ocrx_word' id='word_1_203' title='bbox 1378 1711 1547 1753; x_wconf 90' lang='lat' dir='ltr'><strong>vidisse</strong></span> <span class='ocrx_word' id='word_1_204' title='bbox 1585 1714 1790 1765; x_wconf 89' lang='lat' dir='ltr'><strong>testatur,</strong></span> <span class='ocrx_word' id='word_1_205' title='bbox 1828 1723 1965 1765; x_wconf 89' lang='lat' dir='ltr'><strong>quem</strong></span> <span class='ocrx_word' id='word_1_206' title='bbox 2002 1725 2028 1754; x_wconf 91' lang='lat' dir='ltr'><strong>a</strong></span> <span class='ocrx_word' id='word_1_207' title='bbox 2069 1713 2247 1755; x_wconf 89' lang='lat' dir='ltr'><strong>Graecis</strong></span> 
     </span>
     <span class='ocr_line' id='line_1_20' title="bbox 271 1783 2246 1839; baseline 0.001 -13"><span class='ocrx_word' id='word_1_208' title='bbox 271 1785 463 1826; x_wconf 89' lang='lat' dir='ltr'><strong>eundem</strong></span> <span class='ocrx_word' id='word_1_209' title='bbox 501 1787 637 1838; x_wconf 91' lang='lat' dir='ltr'><strong>atque</strong></span> <span class='ocrx_word' id='word_1_210' title='bbox 679 1786 887 1839; x_wconf 90' lang='lat' dir='ltr'><strong>ipsorum</strong></span> <span class='ocrx_word' id='word_1_211' title='bbox 923 1785 1242 1838; x_wconf 85' lang='lat' dir='ltr'><strong>Aesculapium</strong></span> <span class='ocrx_word' id='word_1_212' title='bbox 1282 1783 1490 1826; x_wconf 89' lang='lat' dir='ltr'><strong>habitum</strong></span> <span class='ocrx_word' id='word_1_213' title='bbox 1519 1795 1620 1826; x_wconf 91' lang='lat' dir='ltr'><strong>esse</strong></span> <span class='ocrx_word' id='word_1_214' title='bbox 1660 1796 1715 1826; x_wconf 82' lang='lat' dir='ltr'><strong>ex</strong></span> <span class='ocrx_word' id='word_1_215' title='bbox 1746 1795 1923 1839; x_wconf 83' lang='lat' dir='ltr'><strong>papyro</strong></span> <span class='ocrx_word' id='word_1_216' title='bbox 1955 1796 2172 1839; x_wconf 89' lang='lat' dir='ltr'><strong>apparere</strong></span> <span class='ocrx_word' id='word_1_217' title='bbox 2201 1786 2246 1826; x_wconf 92' lang='lat' dir='ltr'><strong>in</strong></span> 
     </span>
     <span class='ocr_line' id='line_1_21' title="bbox 272 1851 1386 1914; baseline -0.002 -16"><span class='ocrx_word' id='word_1_218' title='bbox 272 1869 363 1910; x_wconf 89' lang='lat' dir='ltr'><strong>quo</strong></span> <span class='ocrx_word' id='word_1_219' title='bbox 396 1858 618 1910; x_wconf 88' lang='lat' dir='ltr'><strong>scriptum</strong></span> <span class='ocrx_word' id='word_1_220' title='bbox 648 1857 707 1898; x_wconf 91' lang='lat' dir='ltr'><strong>sit</strong></span> <span class='ocrx_word' id='word_1_221' title='bbox 735 1851 998 1914; x_wconf 73' lang='grc' dir='ltr'>Ἀσκληπιός,</span> <span class='ocrx_word' id='word_1_222' title='bbox 1030 1854 1051 1897; x_wconf 84' lang='grc' dir='ltr'>ὅ</span> <span class='ocrx_word' id='word_1_223' title='bbox 1084 1853 1195 1898; x_wconf 78' lang='grc' dir='ltr'>ἐστιν</span> <span class='ocrx_word' id='word_1_224' title='bbox 1221 1851 1386 1912; x_wconf 75' lang='grc' dir='ltr'>Ἰμούθ.</span> 
     </span>
    </p>
   </div>
   <div class='ocr_carea' id='block_1_3' title="bbox 264 2100 2314 2862">
    <p class='ocr_par' dir='ltr' id='par_1_5' title="bbox 264 2100 2314 2862">
     <span class='ocr_line' id='line_1_22' title="bbox 378 2100 2285 2172; baseline 0.002 -19"><span class='ocrx_word' id='word_1_225' title='bbox 378 2100 454 2154; x_wconf 83' lang='grc'><strong>99</strong></span> <span class='ocrx_word' id='word_1_226' title='bbox 503 2104 733 2154; x_wconf 86' lang='lat' dir='ltr'><strong>Plinthus</strong></span> <span class='ocrx_word' id='word_1_227' title='bbox 771 2105 951 2170; x_wconf 91' lang='lat' dir='ltr'><strong>lapidis</strong></span> <span class='ocrx_word' id='word_1_228' title='bbox 989 2105 1249 2154; x_wconf 84' lang='lat' dir='ltr'><strong>basanitae</strong></span> <span class='ocrx_word' id='word_1_229' title='bbox 1286 2103 1487 2167; x_wconf 81' lang='lat' dir='ltr'><strong>viridis3</strong></span> <span class='ocrx_word' id='word_1_230' title='bbox 1533 2106 1676 2169; x_wconf 88' lang='lat' dir='ltr'><strong>origo</strong></span> <span class='ocrx_word' id='word_1_231' title='bbox 1714 2105 1919 2154; x_wconf 89' lang='lat' dir='ltr'><strong>incerta.</strong></span> <span class='ocrx_word' id='word_1_232' title='bbox 1991 2106 2047 2155; x_wconf 91' lang='lat' dir='ltr'><strong>In</strong></span> <span class='ocrx_word' id='word_1_233' title='bbox 2090 2110 2245 2172; x_wconf 87' lang='lat' dir='ltr'><strong>portu</strong></span> <span class='ocrx_word' id='word_1_234' title='bbox 2279 2131 2285 2162; x_wconf 76' lang='grc' dir='ltr'><strong>χ</strong></span> 
     </span>
     <span class='ocr_line' id='line_1_23' title="bbox 270 2187 2277 2258; baseline 0.001 -19"><span class='ocrx_word' id='word_1_235' title='bbox 270 2191 453 2240; x_wconf 89' lang='lat' dir='ltr'><strong>Pisano</strong></span> <span class='ocrx_word' id='word_1_236' title='bbox 492 2187 762 2258; x_wconf 65' lang='lat' dir='ltr'><strong>(Divorno)</strong></span> <span class='ocrx_word' id='word_1_237' title='bbox 802 2191 1180 2257; x_wconf 84' lang='lat' dir='ltr'><strong>exscripserunt</strong></span> <span class='ocrx_word' id='word_1_238' title='bbox 1216 2190 1482 2256; x_wconf 85' lang='lat' dir='ltr'><strong>Millingen,</strong></span> <span class='ocrx_word' id='word_1_239' title='bbox 1530 2191 1670 2240; x_wconf 91' lang='lat' dir='ltr'><strong>cuius</strong></span> <span class='ocrx_word' id='word_1_240' title='bbox 1722 2192 2011 2258; x_wconf 84' lang='lat' dir='ltr'><strong>exemplum</strong></span> <span class='ocrx_word' id='word_1_241' title='bbox 2056 2192 2242 2257; x_wconf 92' lang='lat' dir='ltr'><strong>publici</strong></span> <span class='ocrx_word' id='word_1_242' title='bbox 2276 2207 2277 2210; x_wconf 47' lang='lat'>¹</span> 
     </span>
     <span class='ocr_line' id='line_1_24' title="bbox 268 2265 2283 2345; baseline 0.002 -20"><span class='ocrx_word' id='word_1_243' title='bbox 268 2277 391 2327; x_wconf 90' lang='lat' dir='ltr'><strong>iuris</strong></span> <span class='ocrx_word' id='word_1_244' title='bbox 429 2277 545 2327; x_wconf 88' lang='lat' dir='ltr'><strong>fecit</strong></span> <span class='ocrx_word' id='word_1_245' title='bbox 581 2278 833 2328; x_wconf 89' lang='lat' dir='ltr'><strong>Letronne</strong></span> <span class='ocrx_word' id='word_1_246' title='bbox 872 2276 1189 2327; x_wconf 89' lang='lat' dir='ltr'><strong>Recherches</strong></span> <span class='ocrx_word' id='word_1_247' title='bbox 1214 2291 1347 2344; x_wconf 91' lang='lat' dir='ltr'><strong>pour</strong></span> <span class='ocrx_word' id='word_1_248' title='bbox 1384 2277 1545 2327; x_wconf 84' lang='lat' dir='ltr'><strong>servir</strong></span> <span class='ocrx_word' id='word_1_249' title='bbox 1582 2277 1613 2326; x_wconf 81' lang='lat' dir='ltr'><strong>a</strong></span> <span class='ocrx_word' id='word_1_250' title='bbox 1643 2276 1886 2328; x_wconf 83' lang='lat' dir='ltr'><strong>l&#39;histoire</strong></span> <span class='ocrx_word' id='word_1_251' title='bbox 1924 2278 1986 2328; x_wconf 88' lang='lat' dir='ltr'><strong>de</strong></span> <span class='ocrx_word' id='word_1_252' title='bbox 2010 2265 2242 2345; x_wconf 81' lang='lat' dir='ltr'><strong>l&#39;Egypte</strong></span> <span class='ocrx_word' id='word_1_253' title='bbox 2271 2294 2283 2315; x_wconf 64' lang='lat'><strong>²-</strong></span> 
     </span>
     <span class='ocr_line' id='line_1_25' title="bbox 267 2360 2245 2430; baseline -0.002 -16"><span class='ocrx_word' id='word_1_254' title='bbox 267 2380 318 2430; x_wconf 90' lang='lat' dir='ltr'><strong>p.</strong></span> <span class='ocrx_word' id='word_1_255' title='bbox 342 2364 427 2430; x_wconf 83' lang='grc'><strong>52,</strong></span> <span class='ocrx_word' id='word_1_256' title='bbox 467 2368 517 2414; x_wconf 82' lang='lat' dir='ltr'><strong>et</strong></span> <span class='ocrx_word' id='word_1_257' title='bbox 554 2364 714 2414; x_wconf 88' lang='lat' dir='ltr'><strong>Giulio</strong></span> <span class='ocrx_word' id='word_1_258' title='bbox 743 2364 961 2414; x_wconf 90' lang='lat' dir='ltr'><strong>Cordero</strong></span> <span class='ocrx_word' id='word_1_259' title='bbox 988 2360 1064 2413; x_wconf 92' lang='lat' dir='ltr'><strong>de’</strong></span> <span class='ocrx_word' id='word_1_260' title='bbox 1092 2365 1225 2414; x_wconf 87' lang='lat' dir='ltr'><strong>conti</strong></span> <span class='ocrx_word' id='word_1_261' title='bbox 1265 2364 1314 2413; x_wconf 92' lang='lat' dir='ltr'><strong>di</strong></span> <span class='ocrx_word' id='word_1_262' title='bbox 1352 2363 1399 2413; x_wconf 89' lang='lat' dir='ltr'><strong>S.</strong></span> <span class='ocrx_word' id='word_1_263' title='bbox 1430 2363 1652 2430; x_wconf 88' lang='lat' dir='ltr'><strong>Quirino,</strong></span> <span class='ocrx_word' id='word_1_264' title='bbox 1692 2365 1779 2430; x_wconf 91' lang='lat' dir='ltr'><strong>qui</strong></span> <span class='ocrx_word' id='word_1_265' title='bbox 1816 2364 1970 2414; x_wconf 90' lang='lat' dir='ltr'><strong>edidit</strong></span> <span class='ocrx_word' id='word_1_266' title='bbox 2007 2363 2245 2415; x_wconf 83' lang='lat' dir='ltr'><strong>Giornale.</strong></span> 
     </span>
     <span class='ocr_line' id='line_1_26' title="bbox 267 2438 2314 2518; baseline 0.001 -19"><span class='ocrx_word' id='word_1_267' title='bbox 267 2450 498 2500; x_wconf 81' lang='lat' dir='ltr'><strong>arcadico</strong></span> <span class='ocrx_word' id='word_1_268' title='bbox 536 2451 650 2499; x_wconf 93' lang='lat' dir='ltr'><strong>XIX</strong></span> <span class='ocrx_word' id='word_1_269' title='bbox 687 2447 862 2518; x_wconf 88' lang='grc'>(4823)</span> <span class='ocrx_word' id='word_1_270' title='bbox 908 2466 958 2516; x_wconf 92' lang='lat' dir='ltr'><strong>p.</strong></span> <span class='ocrx_word' id='word_1_271' title='bbox 981 2451 1101 2502; x_wconf 90' lang='grc'>206.</span> <span class='ocrx_word' id='word_1_272' title='bbox 1178 2451 1255 2500; x_wconf 85' lang='lat' dir='ltr'><strong>Ex</strong></span> <span class='ocrx_word' id='word_1_273' title='bbox 1301 2449 1381 2500; x_wconf 89' lang='lat' dir='ltr'><strong>his</strong></span> <span class='ocrx_word' id='word_1_274' title='bbox 1427 2455 1476 2500; x_wconf 86' lang='lat' dir='ltr'><strong>et</strong></span> <span class='ocrx_word' id='word_1_275' title='bbox 1514 2451 1755 2500; x_wconf 84' lang='lat' dir='ltr'><strong>Minutolii</strong></span> <span class='ocrx_word' id='word_1_276' title='bbox 1801 2450 2100 2517; x_wconf 84' lang='lat' dir='ltr'><strong>apographo</strong></span> <span class='ocrx_word' id='word_1_277' title='bbox 2145 2438 2274 2501; x_wconf 45' lang='lat' dir='ltr'><strong>mi?</strong></span> <span class='ocrx_word' id='word_1_278' title='bbox 2313 2448 2314 2459; x_wconf 57' lang='lat'>¹</span> 
     </span>
     <span class='ocr_line' id='line_1_27' title="bbox 267 2533 2244 2607; baseline 0.002 -23"><span class='ocrx_word' id='word_1_279' title='bbox 267 2537 486 2586; x_wconf 90' lang='lat' dir='ltr'><strong>nusculis</strong></span> <span class='ocrx_word' id='word_1_280' title='bbox 525 2537 751 2586; x_wconf 90' lang='lat' dir='ltr'><strong>confecto</strong></span> <span class='ocrx_word' id='word_1_281' title='bbox 789 2537 831 2586; x_wconf 89' lang='lat' dir='ltr'><strong>J.</strong></span> <span class='ocrx_word' id='word_1_282' title='bbox 860 2537 1022 2586; x_wconf 87' lang='lat' dir='ltr'><strong>Franz</strong></span> <span class='ocrx_word' id='word_1_283' title='bbox 1061 2536 1112 2587; x_wconf 90' lang='lat' dir='ltr'><strong>C.</strong></span> <span class='ocrx_word' id='word_1_284' title='bbox 1141 2537 1177 2587; x_wconf 93' lang='lat' dir='ltr'><strong>I.</strong></span> <span class='ocrx_word' id='word_1_285' title='bbox 1207 2536 1264 2586; x_wconf 87' lang='lat' dir='ltr'><strong>G.</strong></span> <span class='ocrx_word' id='word_1_286' title='bbox 1295 2534 1432 2607; x_wconf 84' lang='grc'>4677</span> <span class='ocrx_word' id='word_1_287' title='bbox 1473 2533 1552 2604; x_wconf 92' lang='lat' dir='ltr'><strong>(M.</strong></span> <span class='ocrx_word' id='word_1_288' title='bbox 1582 2538 1634 2586; x_wconf 95' lang='lat' dir='ltr'><strong>L.</strong></span> <span class='ocrx_word' id='word_1_289' title='bbox 1665 2537 1845 2587; x_wconf 86' lang='lat' dir='ltr'><strong>Strack</strong></span> <span class='ocrx_word' id='word_1_290' title='bbox 1881 2538 1972 2587; x_wconf 90' lang='lat' dir='ltr'><strong>Die</strong></span> <span class='ocrx_word' id='word_1_291' title='bbox 1997 2538 2244 2603; x_wconf 66' lang='lat' dir='ltr'><strong>Dynastie‘</strong></span> 
     </span>
     <span class='ocr_line' id='line_1_28' title="bbox 267 2607 2307 2690; baseline 0.002 -20"><span class='ocrx_word' id='word_1_292' title='bbox 267 2622 357 2671; x_wconf 91' lang='lat' dir='ltr'><strong>der</strong></span> <span class='ocrx_word' id='word_1_293' title='bbox 394 2623 680 2672; x_wconf 67' lang='lat' dir='ltr'><strong>Ptolemaer</strong></span> <span class='ocrx_word' id='word_1_294' title='bbox 715 2638 765 2688; x_wconf 93' lang='lat' dir='ltr'><strong>p.</strong></span> <span class='ocrx_word' id='word_1_295' title='bbox 790 2623 891 2673; x_wconf 88' lang='grc'><strong>246</strong></span> <span class='ocrx_word' id='word_1_296' title='bbox 933 2639 980 2672; x_wconf 90' lang='lat' dir='ltr'><strong>n.</strong></span> <span class='ocrx_word' id='word_1_297' title='bbox 1006 2620 1088 2673; x_wconf 84' lang='lat'><strong>77.</strong></span> <span class='ocrx_word' id='word_1_298' title='bbox 1155 2622 1243 2674; x_wconf 90' lang='lat' dir='ltr'><strong>Ch.</strong></span> <span class='ocrx_word' id='word_1_299' title='bbox 1269 2623 1445 2673; x_wconf 90' lang='lat' dir='ltr'><strong>Michel</strong></span> <span class='ocrx_word' id='word_1_300' title='bbox 1483 2623 1683 2673; x_wconf 90' lang='lat' dir='ltr'><strong>Recueil</strong></span> <span class='ocrx_word' id='word_1_301' title='bbox 1714 2619 1912 2674; x_wconf 90' lang='lat' dir='ltr'><strong>d’inscr.</strong></span> <span class='ocrx_word' id='word_1_302' title='bbox 1942 2623 2025 2674; x_wconf 90' lang='lat' dir='ltr'><strong>Gr.</strong></span> <span class='ocrx_word' id='word_1_303' title='bbox 2052 2640 2102 2690; x_wconf 90' lang='lat' dir='ltr'><strong>p.</strong></span> <span class='ocrx_word' id='word_1_304' title='bbox 2134 2607 2246 2674; x_wconf 75' lang='lat'><strong>874&#39;</strong></span> <span class='ocrx_word' id='word_1_305' title='bbox 2303 2619 2307 2629; x_wconf 82' lang='grc'><strong>’</strong></span> 
     </span>
     <span class='ocr_line' id='line_1_29' title="bbox 266 2697 2305 2775; baseline 0.002 -19"><span class='ocrx_word' id='word_1_306' title='bbox 266 2723 314 2758; x_wconf 89' lang='lat' dir='ltr'><strong>n.</strong></span> <span class='ocrx_word' id='word_1_307' title='bbox 347 2708 518 2774; x_wconf 88' lang='grc'>4344).</span> <span class='ocrx_word' id='word_1_308' title='bbox 584 2708 655 2758; x_wconf 91' lang='lat' dir='ltr'><strong>Cf.</strong></span> <span class='ocrx_word' id='word_1_309' title='bbox 696 2724 826 2774; x_wconf 79' lang='lat' dir='ltr'><strong>quae</strong></span> <span class='ocrx_word' id='word_1_310' title='bbox 862 2710 1236 2759; x_wconf 83' lang='lat' dir='ltr'><strong>adnotaverunt</strong></span> <span class='ocrx_word' id='word_1_311' title='bbox 1271 2710 1313 2759; x_wconf 87' lang='lat' dir='ltr'><strong>J.</strong></span> <span class='ocrx_word' id='word_1_312' title='bbox 1343 2709 1399 2760; x_wconf 87' lang='lat' dir='ltr'><strong>G.</strong></span> <span class='ocrx_word' id='word_1_313' title='bbox 1425 2711 1657 2775; x_wconf 90' lang='lat' dir='ltr'><strong>Droysen</strong></span> <span class='ocrx_word' id='word_1_314' title='bbox 1695 2710 1867 2760; x_wconf 90' lang='lat' dir='ltr'><strong>Kleine</strong></span> <span class='ocrx_word' id='word_1_315' title='bbox 1904 2709 2157 2761; x_wconf 76' lang='lat' dir='ltr'><strong>Schriften</strong></span> <span class='ocrx_word' id='word_1_316' title='bbox 2192 2708 2238 2760; x_wconf 88' lang='lat' dir='ltr'><strong>H</strong></span> <span class='ocrx_word' id='word_1_317' title='bbox 2300 2697 2305 2741; x_wconf 66' lang='lat'><strong>,⁷</strong></span> 
     </span>
     <span class='ocr_line' id='line_1_30' title="bbox 264 2784 2258 2862; baseline 0.001 -18"><span class='ocrx_word' id='word_1_318' title='bbox 264 2810 314 2860; x_wconf 86' lang='lat' dir='ltr'><strong>p.</strong></span> <span class='ocrx_word' id='word_1_319' title='bbox 345 2795 463 2844; x_wconf 75' lang='lat'><strong>362.</strong></span> <span class='ocrx_word' id='word_1_320' title='bbox 528 2795 583 2844; x_wconf 89' lang='lat' dir='ltr'><strong>A.</strong></span> <span class='ocrx_word' id='word_1_321' title='bbox 611 2794 847 2845; x_wconf 76' lang='lat' dir='ltr'><strong>wilhelm</strong></span> <span class='ocrx_word' id='word_1_322' title='bbox 886 2795 1016 2845; x_wconf 65' lang='grc' dir='ltr'><strong>σῶα.</strong></span> <span class='ocrx_word' id='word_1_323' title='bbox 1044 2797 1136 2861; x_wconf 77' lang='lat' dir='ltr'><strong>gel.</strong></span> <span class='ocrx_word' id='word_1_324' title='bbox 1164 2797 1285 2845; x_wconf 90' lang='lat' dir='ltr'><strong>Anz.</strong></span> <span class='ocrx_word' id='word_1_325' title='bbox 1318 2796 1454 2845; x_wconf 75' lang='lat'>⁴898</span> <span class='ocrx_word' id='word_1_326' title='bbox 1495 2812 1542 2845; x_wconf 88' lang='lat' dir='ltr'><strong>n.</strong></span> <span class='ocrx_word' id='word_1_327' title='bbox 1574 2797 1602 2844; x_wconf 88' lang='lat'><strong>3</strong></span> <span class='ocrx_word' id='word_1_328' title='bbox 1643 2813 1692 2862; x_wconf 87' lang='lat' dir='ltr'><strong>p.</strong></span> <span class='ocrx_word' id='word_1_329' title='bbox 1724 2797 1843 2847; x_wconf 72' lang='lat'><strong>24⁴.</strong></span> <span class='ocrx_word' id='word_1_330' title='bbox 2238 2784 2258 2821; x_wconf 76' lang='grc'><strong>’-</strong></span> 
     </span>
    </p>
   </div>
   <div class='ocr_carea' id='block_1_4' title="bbox 409 2933 2297 3009">
    <p class='ocr_par' dir='ltr' id='par_1_6' title="bbox 409 2933 2297 3009">
     <span class='ocr_line' id='line_1_31' title="bbox 409 2933 2297 3009; baseline 0.002 -21"><span class='ocrx_word' id='word_1_331' title='bbox 409 2934 721 3006; x_wconf 83' lang='grc' dir='ltr'>Πτολεμαῖον</span> <span class='ocrx_word' id='word_1_332' title='bbox 768 2933 850 2988; x_wconf 85' lang='grc' dir='ltr'><strong>τὸν</strong></span> <span class='ocrx_word' id='word_1_333' title='bbox 897 2936 1460 3008; x_wconf 64' lang='grc' dir='ltr'><strong>οἰρχισυιῳατοφι’)λοικα1</strong></span> <span class='ocrx_word' id='word_1_334' title='bbox 1509 2937 1514 3007; x_wconf 91' lang='grc' dir='ltr'>Ι</span> <span class='ocrx_word' id='word_1_335' title='bbox 1568 2935 1654 2990; x_wconf 85' lang='grc' dir='ltr'><strong>καὶ</strong></span> <span class='ocrx_word' id='word_1_336' title='bbox 1710 2937 2101 3009; x_wconf 65' lang='grc' dir='ltr'><strong>ἀρχικύνηγονῖ,</strong></span> <span class='ocrx_word' id='word_1_337' title='bbox 2149 2937 2230 2992; x_wconf 80' lang='grc' dir='ltr'><strong>τὸν</strong></span> <span class='ocrx_word' id='word_1_338' title='bbox 2294 2938 2297 2976; x_wconf 66' lang='lat'><em>³</em></span> 
     </span>
    </p>
   </div>
   <div class='ocr_carea' id='block_1_5' title="bbox 262 3097 2293 3727">
    <p class='ocr_par' dir='ltr' id='par_1_7' title="bbox 262 3097 2293 3727">
     <span class='ocr_line' id='line_1_32' title="bbox 379 3097 2293 3156; baseline 0.001 -18"><span class='ocrx_word' id='word_1_339' title='bbox 379 3098 569 3139; x_wconf 90' lang='lat' dir='ltr'><strong>Litterae</strong></span> <span class='ocrx_word' id='word_1_340' title='bbox 612 3097 820 3150; x_wconf 83' lang='lat' dir='ltr'><strong>volgares</strong></span> <span class='ocrx_word' id='word_1_341' title='bbox 863 3099 1042 3150; x_wconf 89' lang='lat' dir='ltr'><strong>praeter</strong></span> <span class='ocrx_word' id='word_1_342' title='bbox 1086 3098 1224 3138; x_wconf 86' lang='grc' dir='ltr'>ΘΠΣ.</span> <span class='ocrx_word' id='word_1_343' title='bbox 1390 3101 1407 3137; x_wconf 93' lang='grc'><strong>4</strong></span> <span class='ocrx_word' id='word_1_344' title='bbox 1453 3097 1575 3138; x_wconf 91' lang='lat' dir='ltr'><strong>Idem</strong></span> <span class='ocrx_word' id='word_1_345' title='bbox 1620 3097 1759 3139; x_wconf 89' lang='lat' dir='ltr'><strong>habes</strong></span> <span class='ocrx_word' id='word_1_346' title='bbox 1804 3109 1846 3139; x_wconf 88' lang='lat' dir='ltr'><strong>n.</strong></span> <span class='ocrx_word' id='word_1_347' title='bbox 1872 3101 1967 3151; x_wconf 90' lang='grc'>444,</span> <span class='ocrx_word' id='word_1_348' title='bbox 1991 3102 2029 3139; x_wconf 91' lang='grc'><strong>8.</strong></span> <span class='ocrx_word' id='word_1_349' title='bbox 2071 3101 2168 3152; x_wconf 86' lang='grc'>443,</span> <span class='ocrx_word' id='word_1_350' title='bbox 2190 3097 2241 3139; x_wconf 74' lang='grc' dir='ltr'><strong>Ξ</strong></span> <span class='ocrx_word' id='word_1_351' title='bbox 2291 3154 2293 3156; x_wconf 12' lang='lat' dir='ltr'>v</span> 
     </span>
     <span class='ocr_line' id='line_1_33' title="bbox 265 3162 2236 3224; baseline 0 -15"><span class='ocrx_word' id='word_1_352' title='bbox 265 3169 360 3223; x_wconf 83' lang='grc'>430,</span> <span class='ocrx_word' id='word_1_353' title='bbox 386 3172 422 3211; x_wconf 77' lang='grc'><strong>4.</strong></span> <span class='ocrx_word' id='word_1_354' title='bbox 455 3173 551 3224; x_wconf 79' lang='grc'>432,</span> <span class='ocrx_word' id='word_1_355' title='bbox 575 3173 612 3211; x_wconf 82' lang='grc'><strong>5.</strong></span> <span class='ocrx_word' id='word_1_356' title='bbox 647 3171 739 3223; x_wconf 71' lang='grc'>449,</span> <span class='ocrx_word' id='word_1_357' title='bbox 765 3172 801 3210; x_wconf 86' lang='grc'><strong>3.</strong></span> <span class='ocrx_word' id='word_1_358' title='bbox 860 3168 960 3211; x_wconf 90' lang='lat' dir='ltr'><strong>Non</strong></span> <span class='ocrx_word' id='word_1_359' title='bbox 991 3168 1187 3210; x_wconf 87' lang='lat' dir='ltr'><strong>officium</strong></span> <span class='ocrx_word' id='word_1_360' title='bbox 1224 3169 1406 3222; x_wconf 90' lang='lat' dir='ltr'><strong>aliquod</strong></span> <span class='ocrx_word' id='word_1_361' title='bbox 1436 3170 1641 3223; x_wconf 88' lang='lat' dir='ltr'><strong>militare,</strong></span> <span class='ocrx_word' id='word_1_362' title='bbox 1681 3169 1760 3211; x_wconf 88' lang='lat' dir='ltr'><strong>sed</strong></span> <span class='ocrx_word' id='word_1_363' title='bbox 1790 3170 1977 3211; x_wconf 89' lang='lat' dir='ltr'><strong>honoris</strong></span> <span class='ocrx_word' id='word_1_364' title='bbox 2008 3181 2061 3211; x_wconf 89' lang='lat' dir='ltr'><strong>ac</strong></span> <span class='ocrx_word' id='word_1_365' title='bbox 2090 3162 2236 3223; x_wconf 72' lang='lat' dir='ltr'><strong>digni-2</strong></span> 
     </span>
     <span class='ocr_line' id='line_1_34' title="bbox 264 3241 2236 3301; baseline 0.002 -20"><span class='ocrx_word' id='word_1_366' title='bbox 264 3242 366 3282; x_wconf 89' lang='lat' dir='ltr'><strong>tatis</strong></span> <span class='ocrx_word' id='word_1_367' title='bbox 397 3242 585 3294; x_wconf 88' lang='lat' dir='ltr'><strong>gradum</strong></span> <span class='ocrx_word' id='word_1_368' title='bbox 617 3241 855 3294; x_wconf 88' lang='lat' dir='ltr'><strong>significari</strong></span> <span class='ocrx_word' id='word_1_369' title='bbox 884 3241 1060 3294; x_wconf 91' lang='lat' dir='ltr'><strong>pridem</strong></span> <span class='ocrx_word' id='word_1_370' title='bbox 1092 3243 1380 3294; x_wconf 87' lang='lat' dir='ltr'><strong>perspectum</strong></span> <span class='ocrx_word' id='word_1_371' title='bbox 1419 3243 1500 3283; x_wconf 90' lang='lat' dir='ltr'><strong>est.</strong></span> <span class='ocrx_word' id='word_1_372' title='bbox 1561 3241 1704 3290; x_wconf 88' lang='lat' dir='ltr'><strong>Quem</strong></span> <span class='ocrx_word' id='word_1_373' title='bbox 1741 3243 1794 3283; x_wconf 92' lang='lat' dir='ltr'><strong>ut</strong></span> <span class='ocrx_word' id='word_1_374' title='bbox 1831 3243 2052 3283; x_wconf 88' lang='lat' dir='ltr'><strong>minorem</strong></span> <span class='ocrx_word' id='word_1_375' title='bbox 2092 3242 2236 3301; x_wconf 61' lang='lat' dir='ltr'><strong>fuiss01</strong></span> 
     </span>
     <span class='ocr_line' id='line_1_35' title="bbox 263 3306 2289 3372; baseline 0.001 -18"><span class='ocrx_word' id='word_1_376' title='bbox 263 3325 400 3366; x_wconf 91' lang='lat' dir='ltr'><strong>quam</strong></span> <span class='ocrx_word' id='word_1_377' title='bbox 431 3319 637 3370; x_wconf 75' lang='grc' dir='ltr'>συγγενῶν</span> <span class='ocrx_word' id='word_1_378' title='bbox 668 3315 714 3354; x_wconf 91' lang='lat' dir='ltr'><strong>et</strong></span> <span class='ocrx_word' id='word_1_379' title='bbox 743 3310 958 3369; x_wconf 73' lang='grc' dir='ltr'><strong>ὁμοτίμων</strong></span> <span class='ocrx_word' id='word_1_380' title='bbox 987 3316 1078 3359; x_wconf 87' lang='grc' dir='ltr'><strong>τοῖς</strong></span> <span class='ocrx_word' id='word_1_381' title='bbox 1109 3310 1334 3370; x_wconf 74' lang='grc' dir='ltr'>συγγενέσι,</span> <span class='ocrx_word' id='word_1_382' title='bbox 1367 3314 1586 3354; x_wconf 90' lang='lat' dir='ltr'><strong>maiorem</strong></span> <span class='ocrx_word' id='word_1_383' title='bbox 1614 3325 1751 3367; x_wconf 89' lang='lat' dir='ltr'><strong>quam</strong></span> <span class='ocrx_word' id='word_1_384' title='bbox 1783 3311 1918 3371; x_wconf 82' lang='grc' dir='ltr'>φίλων</span> <span class='ocrx_word' id='word_1_385' title='bbox 1949 3316 1993 3355; x_wconf 86' lang='lat' dir='ltr'><strong>et</strong></span> <span class='ocrx_word' id='word_1_386' title='bbox 2019 3311 2237 3372; x_wconf 58' lang='grc' dir='ltr'>διαδόχων.</span> <span class='ocrx_word' id='word_1_387' title='bbox 2287 3306 2289 3311; x_wconf 72' lang='grc'><strong>’</strong></span> 
     </span>
     <span class='ocr_line' id='line_1_36' title="bbox 263 3382 2227 3442; baseline 0.001 -16"><span class='ocrx_word' id='word_1_388' title='bbox 263 3387 450 3439; x_wconf 89' lang='lat' dir='ltr'><strong>constat,</strong></span> <span class='ocrx_word' id='word_1_389' title='bbox 488 3387 551 3426; x_wconf 88' lang='lat' dir='ltr'><strong>ita</strong></span> <span class='ocrx_word' id='word_1_390' title='bbox 580 3396 802 3438; x_wconf 88' lang='lat' dir='ltr'><strong>quaenam</strong></span> <span class='ocrx_word' id='word_1_391' title='bbox 841 3386 956 3426; x_wconf 85' lang='lat' dir='ltr'><strong>ratio</strong></span> <span class='ocrx_word' id='word_1_392' title='bbox 995 3385 1111 3426; x_wconf 87' lang='lat' dir='ltr'><strong>inter</strong></span> <span class='ocrx_word' id='word_1_393' title='bbox 1151 3382 1630 3442; x_wconf 74' lang='grc' dir='ltr'>ἀρχισωματοφυλάκων</span> <span class='ocrx_word' id='word_1_394' title='bbox 1671 3388 1716 3427; x_wconf 91' lang='lat' dir='ltr'><strong>et</strong></span> <span class='ocrx_word' id='word_1_395' title='bbox 1753 3390 1837 3427; x_wconf 84' lang='grc' dir='ltr'><strong>τῶν</strong></span> <span class='ocrx_word' id='word_1_396' title='bbox 1878 3386 2056 3442; x_wconf 86' lang='grc' dir='ltr'>πρώτων</span> <span class='ocrx_word' id='word_1_397' title='bbox 2095 3383 2227 3442; x_wconf 60' lang='grc' dir='ltr'>φίλων</span> 
     </span>
     <span class='ocr_line' id='line_1_37' title="bbox 264 3444 2285 3511; baseline 0 -14"><span class='ocrx_word' id='word_1_398' title='bbox 264 3456 319 3506; x_wconf 87' lang='lat' dir='ltr'><strong>(v.</strong></span> <span class='ocrx_word' id='word_1_399' title='bbox 345 3459 381 3496; x_wconf 85' lang='lat'><strong>3.</strong></span> <span class='ocrx_word' id='word_1_400' title='bbox 413 3460 574 3510; x_wconf 76' lang='grc' dir='ltr'>ιι.4ο3,</span> <span class='ocrx_word' id='word_1_401' title='bbox 599 3461 636 3498; x_wconf 87' lang='lat'><strong>3.</strong></span> <span class='ocrx_word' id='word_1_402' title='bbox 669 3459 825 3511; x_wconf 77' lang='grc'>449,4.</span> <span class='ocrx_word' id='word_1_403' title='bbox 865 3460 961 3511; x_wconf 75' lang='lat'><strong>⁴28,</strong></span> <span class='ocrx_word' id='word_1_404' title='bbox 986 3459 1023 3498; x_wconf 85' lang='grc'><strong>3.</strong></span> <span class='ocrx_word' id='word_1_405' title='bbox 1063 3458 1219 3510; x_wconf 74' lang='lat'><strong>436,4.</strong></span> <span class='ocrx_word' id='word_1_406' title='bbox 1262 3458 1418 3510; x_wconf 59' lang='lat' dir='ltr'><strong>iam.</strong></span> <span class='ocrx_word' id='word_1_407' title='bbox 1462 3460 1556 3511; x_wconf 75' lang='lat'><strong>⁴55,</strong></span> <span class='ocrx_word' id='word_1_408' title='bbox 1588 3460 1627 3499; x_wconf 79' lang='lat'><strong>2.</strong></span> <span class='ocrx_word' id='word_1_409' title='bbox 1669 3460 1825 3511; x_wconf 75' lang='lat'><strong>460,3.</strong></span> <span class='ocrx_word' id='word_1_410' title='bbox 1865 3457 2023 3511; x_wconf 77' lang='grc'>474,4)</span> <span class='ocrx_word' id='word_1_411' title='bbox 2063 3444 2238 3499; x_wconf 79' lang='lat' dir='ltr'><strong>classes&#39;</strong></span> <span class='ocrx_word' id='word_1_412' title='bbox 2284 3445 2285 3458; x_wconf 68' lang='lat'><em>²</em></span> 
     </span>
     <span class='ocr_line' id='line_1_38' title="bbox 262 3514 2283 3582; baseline 0 -15"><span class='ocrx_word' id='word_1_413' title='bbox 262 3527 520 3580; x_wconf 89' lang='lat' dir='ltr'><strong>intercedat,</strong></span> <span class='ocrx_word' id='word_1_414' title='bbox 549 3528 750 3569; x_wconf 91' lang='lat' dir='ltr'><strong>nondum</strong></span> <span class='ocrx_word' id='word_1_415' title='bbox 781 3528 837 3569; x_wconf 89' lang='lat' dir='ltr'><strong>ad</strong></span> <span class='ocrx_word' id='word_1_416' title='bbox 866 3528 1088 3581; x_wconf 92' lang='lat' dir='ltr'><strong>liquidum</strong></span> <span class='ocrx_word' id='word_1_417' title='bbox 1108 3527 1378 3581; x_wconf 88' lang='lat' dir='ltr'><strong>perductum</strong></span> <span class='ocrx_word' id='word_1_418' title='bbox 1409 3530 1488 3581; x_wconf 91' lang='lat' dir='ltr'><strong>est,</strong></span> <span class='ocrx_word' id='word_1_419' title='bbox 1519 3530 1603 3570; x_wconf 90' lang='lat' dir='ltr'><strong>etsi</strong></span> <span class='ocrx_word' id='word_1_420' title='bbox 1624 3528 1939 3582; x_wconf 89' lang='lat' dir='ltr'><strong>probabilibus</strong></span> <span class='ocrx_word' id='word_1_421' title='bbox 1960 3540 2066 3570; x_wconf 88' lang='lat' dir='ltr'><strong>sane</strong></span> <span class='ocrx_word' id='word_1_422' title='bbox 2096 3514 2234 3581; x_wconf 60' lang='lat' dir='ltr'><strong>arguss¹v</strong></span> <span class='ocrx_word' id='word_1_423' title='bbox 2280 3549 2283 3577; x_wconf 56' lang='lat'>1</span> 
     </span>
     <span class='ocr_line' id='line_1_39' title="bbox 263 3597 2281 3658; baseline 0.003 -20"><span class='ocrx_word' id='word_1_424' title='bbox 263 3600 426 3638; x_wconf 90' lang='lat' dir='ltr'><strong>mentis</strong></span> <span class='ocrx_word' id='word_1_425' title='bbox 478 3610 589 3640; x_wconf 91' lang='lat' dir='ltr'><strong>usus</strong></span> <span class='ocrx_word' id='word_1_426' title='bbox 642 3600 891 3642; x_wconf 89' lang='lat' dir='ltr'><strong>Lumbroso</strong></span> <span class='ocrx_word' id='word_1_427' title='bbox 946 3600 1223 3641; x_wconf 84' lang='lat' dir='ltr'><strong>Becherches</strong></span> <span class='ocrx_word' id='word_1_428' title='bbox 1267 3611 1310 3653; x_wconf 92' lang='lat' dir='ltr'><strong>p.</strong></span> <span class='ocrx_word' id='word_1_429' title='bbox 1346 3603 1419 3641; x_wconf 89' lang='grc'><strong>494</strong></span> <span class='ocrx_word' id='word_1_430' title='bbox 1472 3600 1538 3652; x_wconf 76' lang='lat' dir='ltr'><strong>(cf.</strong></span> <span class='ocrx_word' id='word_1_431' title='bbox 1578 3599 1703 3652; x_wconf 75' lang='grc'>4042)</span> <span class='ocrx_word' id='word_1_432' title='bbox 1756 3597 2232 3658; x_wconf 64' lang='grc' dir='ltr'>ἀρχισωματοφύλάκαξ</span> <span class='ocrx_word' id='word_1_433' title='bbox 2278 3599 2281 3646; x_wconf 74' lang='grc' dir='ltr'>ξ</span> 
     </span>
     <span class='ocr_line' id='line_1_40' title="bbox 263 3658 2279 3727; baseline 0 -18"><span class='ocrx_word' id='word_1_434' title='bbox 263 3670 532 3723; x_wconf 88' lang='lat' dir='ltr'><strong>superiores,</strong></span> <span class='ocrx_word' id='word_1_435' title='bbox 561 3668 659 3717; x_wconf 84' lang='grc' dir='ltr'>τοὺς</span> <span class='ocrx_word' id='word_1_436' title='bbox 688 3671 882 3727; x_wconf 84' lang='grc' dir='ltr'>πρώτους</span> <span class='ocrx_word' id='word_1_437' title='bbox 913 3669 1060 3727; x_wconf 76' lang='grc' dir='ltr'>φίλους</span> <span class='ocrx_word' id='word_1_438' title='bbox 1091 3671 1322 3714; x_wconf 81' lang='lat' dir='ltr'><strong>inferiores</strong></span> <span class='ocrx_word' id='word_1_439' title='bbox 1353 3671 1567 3723; x_wconf 85' lang='lat' dir='ltr'><strong>dignitate</strong></span> <span class='ocrx_word' id='word_1_440' title='bbox 1598 3671 1734 3713; x_wconf 72' lang='lat' dir='ltr'><strong>ruisse</strong></span> <span class='ocrx_word' id='word_1_441' title='bbox 1766 3672 1967 3713; x_wconf 89' lang='lat' dir='ltr'><strong>coniecit.</strong></span> <span class='ocrx_word' id='word_1_442' title='bbox 2018 3671 2219 3713; x_wconf 88' lang='lat' dir='ltr'><strong>Ceterum</strong></span> <span class='ocrx_word' id='word_1_443' title='bbox 2276 3658 2279 3694; x_wconf 80' lang='lat' dir='ltr'>j</span> 
     </span>
    </p>
   </div>
   <div class='ocr_carea' id='block_1_6' title="bbox 2272 2508 2314 3970">
    <p class='ocr_par' dir='ltr' id='par_1_8' title="bbox 2272 2508 2314 3970">
     <span class='ocr_line' id='line_1_41' title="bbox 2272 2508 2314 3970; baseline 0 -481"><span class='ocrx_word' id='word_1_444' title='bbox 2272 2508 2314 3970; x_wconf 95' lang='lat' dir='ltr'><strong>   </strong></span> 
     </span>
    </p>
   </div>
  </div>
 </body>
</html>
