2314 3970
227 139 331 190 552
696 139 765 179 VI.
811 140 959 190 Regna
988 139 1152 180 Asiana
1185 140 1370 181 minora.
1434 144 1473 180 4.
1503 142 1725 194 Bithynia.
2102 143 2200 196 [345

370 313 600 367 Βίαντι15
655 313 747 362 τῶι
787 310 1088 380 πρεσβευτᾶι
1135 310 1620 379 ἀτῑοκαταστ[ι’ῖισαι16
1674 316 1765 366 τῶι
1808 314 1991 366 θεῶι17
2047 314 2150 383 καὶ]
2191 315 2197 385 Ι

366 404 451 454 τᾶι
504 399 660 463 πόλει,
722 396 755 448 ἃ
810 394 897 447 καὶ
950 397 1215 466 παρέδωκε
1272 394 1401 456 Βίας
1459 394 1544 449 διὰ
1600 402 1695 450 τῶν
1749 400 2198 470 προγεγραμμένων

368 486 624 556 ἀρχόντων
642 485 683 518 18
736 482 804 551 [ἐν
853 484 937 534 τᾶι
985 482 1237 552 πρώται19
1289 481 1596 554 ἐκ]Ικλησιάι,
1649 485 1858 554 σώματα
1912 485 2196 557 τριάκοντα,

367 572 399 623 ἃ
449 568 536 622 καὶ
585 568 722 627 ἔδοξε
777 571 859 620 τᾶι
907 570 1051 621 πόλει
1102 567 1334 627 διατάξαι
1382 568 1480 637 [ἐπὶ
1524 566 1617 629 τὰς
1668 570 2009 641 ὁπηρεσίαςῖθ]
2059 572 2063 642 Ι
2115 571 2201 625 καὶ

366 658 515 726 δόμεν
579 656 680 714 τοῖς
748 654 834 724 μὲν
901 656 1104 725 ταμίαις
1169 653 1370 708 Κλέωνι
1419 647 1666 726 c'Hpoogffi
1722 656 1807 710 καὶ
1871 657 2203 729 Ταραντίνω[ι

284 758 335 798 15
368 742 772 814 Δρομοκλείδα22
829 741 978 813 πο]ἱΙτ“ι
1030 738 1123 801 τὰς
1180 742 1281 801 όεις
1326 738 1418 801 τὰς
1467 739 1604 813 ἱερὰς
1655 743 1864 813 σώματα
1910 745 2077 811 πέντε,
2126 744 2201 804 οἷς

364 831 585 899 ὀνόματα
661 828 1113 898 μετο[νομασθέντα
1195 830 1251 881 ἐκ
1325 835 1421 880 τῶν
1493 829 1832 900 ἐπιχωρίων23
1902 830 2201 901 ----]Ῑσίων,

218 1075 289 1120 ἐπὶ
318 1080 419 1119 πᾶσι
447 1073 712 1117 συντέθεικεν
743 1072 901 1116 ἄτοπον
934 1071 1145 1132 ἐπίταγμα
1174 1073 1248 1115 καὶ
1278 1071 1426 1128 δεινόν,
1459 1072 1619 1116 ἐκπιεῖν
1648 1088 1702 1130 με
1731 1072 1920 1116 κελεύων
1940 1073 2017 1130 τὴν
2038 1072 2199 1118 θάλασ-
2307 1110 2309 1117 ,

219 1162 295 1190 σαν
337 1151 381 1190 et
410 1148 609 1189 Flinders
639 1147 786 1188 Petrie
823 1147 988 1199 papyri
1018 1147 1056 1186 11
1096 1157 1140 1199 p.
1165 1149 1216 1187 63
1250 1158 1291 1187 n.
1315 1146 1398 1186 XX
1421 1149 1458 1199 3,
1482 1149 1505 1186 7
1525 1157 1623 1199 sqq.
1667 1144 1989 1202 πυνθανομένου
2029 1145 2075 1188 δέ
2117 1161 2198 1201 μου
2291 1133 2309 1161 “’

216 1222 292 1263 τοῦ
336 1214 429 1275 παρ’
469 1218 597 1261 αὐτοῦ
642 1216 708 1271 ε(ἰ’)
753 1232 792 1260 τι
838 1215 1118 1264 συντεθεικὼς
1164 1216 1295 1259 αὐτῶι
1339 1215 1446 1273 εἴης.
1491 1212 1616 1259 ‘num
1662 1218 1773 1271 quid
1821 1219 1863 1259 ei
1907 1214 2197 1260 mandasses'.
2283 1207 2295 1226 ‘⁸

216 1297 271 1334 45
313 1292 373 1333 Cf.
407 1294 499 1333 not.
524 1295 590 1332 42.
767 1294 819 1330 46
859 1290 957 1331 Hoc
996 1289 1193 1331 verbum
1231 1291 1380 1342 primo
1422 1292 1610 1343 aspectu
1648 1290 1796 1331 favere
1826 1291 2007 1333 videtur
2038 1291 2198 1332 Couvii

216 1364 581 1418 interpretationi
611 1363 717 1415 (not.
742 1367 779 1403 9.
802 1362 884 1414 40).
946 1361 1031 1403 Sed
1061 1362 1306 1403 tenendum
1328 1365 1409 1415 est,
1441 1362 1487 1403 id
1507 1364 1559 1403 ut
1589 1359 1835 1404 ἀποδιδόναι
1865 1365 1910 1403 et
1931 1363 2198 1404 Latinorum
2283 1403 2286 1412 ,

215 1436 396 1479 reddere
433 1437 570 1478 etiam
609 1435 664 1476 de
701 1446 750 1475 re
787 1435 1003 1487 usurpari
1043 1444 1178 1487 posse
1216 1445 1355 1487 quam
1393 1435 1510 1487 quis,
1555 1436 1608 1475 ut
1642 1434 1900 1487 epistulam,
1946 1435 2111 1488 accipit
2154 1437 2200 1476 et
2288 1493 2297 1510 ι

215 1520 377 1550 rursus
409 1508 497 1560 dat,
540 1518 686 1560 neque
723 1517 834 1547 vero
875 1506 1022 1547 eidem
1064 1517 1090 1547 a
1119 1517 1210 1558 quo
1243 1506 1430 1558 accepit.
1607 1509 1658 1546 47
1700 1506 1937 1559 Supplevit
1973 1507 2198 1548 Baunack.

217 1579 337 1633 αὐτὰ]
366 1584 437 1622 τᾶι
466 1578 588 1621 πόλει
616 1579 784 1632 Couve,
815 1578 939 1630 quod
958 1578 1082 1618 iusto
1103 1577 1290 1619 brevius
1312 1579 1394 1618 est.
1445 1575 1552 1619 αὐτὰ
1573 1575 1710 1632 ἀσινῆ]
1728 1581 1799 1619 τᾶι
1821 1576 1942 1619 πόλει
1972 1579 2196 1632 Pomtow,

217 1653 343 1706 quod
371 1651 654 1694 Baunackius
686 1662 776 1691 non
806 1650 971 1691 iniuria
1011 1650 1212 1691 otiosum
1243 1650 1486 1691 existimat.
1639 1653 1691 1690 48
1733 1650 1924 1702 Legatus
1962 1651 2199 1702 magistra-

217 1725 355 1778 tibus,
395 1726 424 1766 i.
454 1736 491 1765 e.
523 1724 730 1765 archonti
771 1724 817 1763 et
855 1722 1055 1763 buleutis
1096 1722 1233 1763 tradit
1276 1722 1516 1775 mancipia,
1557 1723 1598 1762 ei
1628 1732 1788 1763 rursus
1826 1722 1872 1762 in
1911 1723 2107 1763 comitiis
2145 1734 2198 1764 ea

217 1797 387 1850 populo
425 1797 624 1849 tradunt,
662 1807 802 1848 quam
839 1806 920 1847 per
959 1795 1246 1837 occasionem
1288 1795 1385 1835 sine
1422 1793 1562 1835 dubio
1600 1795 1738 1835 etiam
1775 1794 1949 1846 legatus
1990 1795 2107 1846 regis
2139 1795 2196 1836 ab

217 1870 304 1910 illis
335 1869 622 1910 introductus
652 1867 794 1908 verba
822 1866 940 1908 facit.
1088 1870 1139 1907 49
1184 1867 1560 1919 supplementum
1589 1877 1811 1919 perquam
1841 1866 2031 1907 dubium
2042 1877 2053 1918 ;
2087 1863 2201 1908 ἐννό-
2280 1857 2291 1878 ’“

219 1955 304 1995 μωι
334 1941 532 1981 restituit
563 1940 729 1991 Couve,
767 1940 812 1980 at
853 1950 942 1980 non
973 1940 1043 1979 est
1073 1949 1155 1979 cur
1183 1939 1230 1978 in
1268 1939 1507 1979 ordinariis
1547 1939 1840 1991 potissimum
1871 1939 2068 1979 comitiis
2099 1938 2200 1979 illos
2280 1926 2290 1992 'g

216 2014 422 2055 homines
454 2013 644 2053 traditos
675 2023 775 2052 esse
806 2011 986 2052 definite
1027 2011 1298 2052 enuntietur.
1359 2011 1426 2051 Ex
1464 2011 1529 2051 eis
1566 2021 1682 2063 quae
1712 2011 1919 2052 Pomtow
1956 2012 2201 2064 proposuit

214 2089 285 2126 τᾶι
314 2085 479 2142 πρώται
508 2084 610 2125 ideo
643 2084 841 2124 maxime
870 2084 1030 2136 placet,
1070 2083 1179 2135 quia
1209 2083 1275 2123 sic
1304 2084 1452 2123 totum
1484 2082 1716 2134 negotium
1748 2093 1774 2122 a
1803 2082 1949 2134 legato
1981 2083 2078 2123 sine
2111 2082 2200 2123 ulla
2281 2092 2284 2094 ’

215 2169 345 2198 mora
374 2157 612 2209 peractum
642 2156 881 2196 indicatur.
929 2154 1087 2207 Neque
1117 2155 1238 2195 enim
1269 2155 1325 2195 de
1355 2156 1473 2195 stato
1495 2153 1694 2206 quodam
1716 2153 1874 2194 ordine
1903 2154 2198 2195 ecclesiarum

215 2230 306 2271 hoc
334 2230 619 2282 interpretor,
655 2227 736 2269 sed
765 2227 963 2280 primam
993 2226 1202 2279 intellego
1235 2237 1351 2279 quae
1382 2227 1489 2279 post
1517 2226 1687 2267 Biantis
1716 2226 1918 2279 Delphos
1950 2226 2199 2267 adventum

214 2301 369 2343 habita
398 2301 469 2342 sit.
627 2303 678 2340 20
723 2300 767 2340 Si
799 2297 988 2347 διατάξαι
1018 2298 1272 2351 imperandi
1303 2298 1351 2340 vi
1388 2299 1672 2351 acciperetur
1701 2297 1924 2338 infinitivo
1957 2295 2196 2356 [ὑπηρετεῖν

213 2378 291 2414 τῶι
320 2371 439 2425 θεῶι]
470 2372 543 2414 vel
573 2370 682 2426 [ἱερὰ
712 2368 829 2426 εἶμεν
859 2376 939 2412 τῶι
969 2368 1089 2423 θεῶι]
1121 2371 1344 2423 suppleto,
1385 2371 1475 2411 hoc
1508 2369 1647 2411 verbo
1689 2369 1809 2410 idem
1848 2369 1941 2410 fere
1972 2370 2198 2411 enuntiari
2279 2423 2285 2431 ¹

214 2445 341 2498 quod
369 2446 461 2486 iam
491 2445 537 2484 in
564 2441 680 2493 ἔδοξε
711 2444 879 2484 inesset
898 2454 1004 2483 vere
1035 2444 1212 2484 monuit
1241 2443 1463 2483 Pomtow.
1514 2441 1661 2490 Quare
1691 2442 1755 2482 ita
1784 2442 1994 2495 supplevi
2023 2444 2076 2483 ut
2106 2440 2198 2483 δια-

212 2516 335 2566 τάξαι
367 2518 425 2558 sit
453 2510 721 2569 ‘disponere'
760 2510 908 2556 ‘suum
943 2516 1108 2568 cuique
1138 2515 1290 2556 locum
1329 2508 1583 2566 assignare'.
1643 2513 1704 2554 Cf.
1736 2513 1946 2555 Herodot.
1975 2513 2086 2567 VIII,
2119 2515 2193 2555 34:

211 2587 287 2635 τὰς
319 2587 364 2629 δὲ
395 2586 517 2634 πόλις
548 2586 686 2629 αὐτῶν
728 2587 1031 2639 (Boeotorum)
1065 2585 1216 2642 ἄνδρες
1246 2582 1497 2632 Μακεδόνες
1536 2583 1858 2642 διατεταγμένοι
1889 2586 1930 2638 (i.
1962 2597 1999 2626 e.
2031 2586 2195 2638 singuli

212 2663 260 2703 in
298 2661 472 2713 singula
510 2660 677 2712 oppida
714 2660 856 2711 missi)
899 2658 1055 2707 ἔσωζον
1095 2657 1175 2700 ὑπὸ
1213 2654 1483 2714 Ἀλεξάνδρου
1524 2655 1892 2715 ἀποπεμφθέντες.
2041 2661 2084 2698 24
2132 2658 2194 2700 Cf.

213 2735 422 2775 Pomtow
453 2733 713 2784 Philologus
745 2732 835 2771 LIV
868 2743 910 2784 p.
934 2735 1030 2785 237,
1069 2732 1149 2784 qui
1179 2732 1295 2772 duos
1327 2731 1533 2772 homines
1564 2731 1699 2771 huius
1730 2730 1942 2783 nominis,
1982 2742 2119 2770 avum
2151 2732 2196 2770 et

212 2808 424 2858 nepotem
448 2805 696 2857 distinguit,
728 2815 782 2844 ex
813 2803 980 2856 quibus
1011 2804 1084 2844 ille
1115 2803 1218 2844 inde
1249 2815 1275 2844 a
1306 2804 1502 2855 septima
1532 2813 1588 2843 ex
1617 2803 1682 2843 eis
1704 2801 1941 2854 aetatibus,
1973 2813 2089 2854 quae
2115 2814 2194 2844 no-

213 2877 414 2919 minibus
440 2876 726 2917 sacerdotum
748 2877 1077 2928 perpetuorum
1094 2875 1314 2927 Apollinis
1334 2875 1638 2927 designantur,
1660 2885 1808 2926 usque
1829 2873 1887 2915 ad
1905 2873 2194 2915 undecimam

211 2951 255 2991 in
289 2949 540 2991 sacerdotio
571 2948 667 3001 fuit,
698 2949 772 2988 hic
802 2960 828 2988 a
856 2949 990 2988 tertia
1019 2948 1196 2988 decima
1225 2947 1283 2988 ad
1312 2948 1518 2999 quintam
1550 2947 1786 2988 decimam.
1846 2947 1937 2987 Iam
1971 2957 2075 2987 eum
2107 2947 2194 2988 hoc

211 3021 446 3063 decretum
468 3021 764 3062 duodecimae
786 3020 944 3061 aetatis
967 3020 1038 3073 sit,
1071 3030 1242 3060 avusne
1273 3031 1329 3059 an
1350 3030 1493 3071 nepos
1523 3019 1598 3059 hic
1627 3018 1951 3070 intellegendus
1983 3019 2042 3058 sit
2071 3021 2193 3060 recte

212 3095 258 3134 in
288 3094 437 3135 medio
469 3093 684 3146 relinquit
714 3094 759 3134 P.
925 3095 978 3132 22
1020 3092 1257 3144 Supplevit
1287 3092 1506 3132 Pomtow.
1567 3086 1844 3143 [Μνασιθέου]
1877 3091 2044 3131 Couve.
2106 3091 2192 3131 Sed

211 3166 503 3206 Tarantinum
540 3164 778 3207 Mnasithei
808 3163 834 3205 f.
867 3175 973 3205 cum
1018 3164 1108 3204 iam
1156 3164 1283 3204 sexta
1329 3165 1474 3204 aetate
1520 3162 1624 3214 (fere
1660 3164 1887 3203 454-444
1918 3174 1956 3203 a.
1986 3162 2087 3203 Chr.
2118 3163 2189 3215 n.),

212 3238 429 3278 archonte
462 3237 599 3277 Eucle
635 3237 875 3278 Callistrati
909 3236 952 3288 f„
993 3235 1110 3276 inter
1144 3236 1283 3275 testes
1320 3236 1609 3275 recenseatur
1649 3234 1735 3286 (Gr.
1771 3234 2114 3275 Dialektinschr.
2153 3235 2190 3273 II
2279 3282 2281 3286 Α

210 3320 254 3361 p.
280 3312 360 3350 354
393 3321 435 3350 n.
458 3311 584 3361 4936,
610 3309 691 3361 44),
723 3308 825 3361 plus
857 3319 994 3360 quam
1027 3307 1325 3348 semisaeculo
1355 3308 1463 3359 post
1493 3307 1731 3347 etiamtum
1755 3305 1902 3346 officio
1935 3307 2189 3358 quaestoris
2273 3312 2275 3314 ·

209 3380 419 3421 functum
465 3392 564 3422 esse
609 3381 707 3421 iure
751 3380 1053 3433 improbabile
1096 3379 1327 3420 existimat
1370 3379 1415 3419 P.
1475 3379 1767 3419 Tarantinum
1807 3377 2122 3418 Dromoclidae
2162 3377 2188 3418 f.

212 3453 470 3504 complures
501 3453 621 3493 illius
652 3453 810 3493 aetatis
849 3453 968 3493 tituli
1006 3451 1187 3503 habent,
1227 3461 1343 3502 quos
1382 3451 1644 3503 composuit
1673 3451 1879 3491 Pomtow
1910 3449 2067 3490 Philol.
2098 3448 2189 3488 LIV

212 3533 255 3575 p.
280 3527 375 3564 237.
436 3526 547 3565 Sane
578 3524 675 3565 fieri
705 3525 840 3565 etiam
873 3535 1009 3576 posse
1039 3525 1091 3564 ut
1121 3522 1388 3563 Tarantinus
1410 3522 1641 3563 Xenocriti
1663 3521 1688 3562 f.
1723 3532 1778 3562 ex
1798 3521 1941 3562 titulis
1971 3531 2114 3562 nonae
2144 3521 2189 3560 et
2272 3548 2274 3553 ·

212 3594 413 3636 decimae
443 3597 600 3637 aetatis
631 3598 766 3637 notus
797 3596 872 3636 hic
902 3595 1191 3647 significetur.
