2314 3970
1 2514 4 2538 ῐ

3 2699 6 2726 ί

4 2779 6 2803 l

80 232 148 284 97]
470 225 755 267 Ptolemaeus
778 223 815 264 V
846 223 1102 276 Epiphanes
1134 222 1368 273 (205-484
1398 232 1434 262 a.
1458 220 1558 261 Chr.
1583 220 1652 272 n.).
1952 222 2045 270 171

167 417 192 457 5
225 397 536 469 Πτολεμαῖος
576 392 844 451 Ἐπικύδου
885 395 892 467 Ι
935 396 960 448 ὁ
1014 392 1282 465 ἐπιστάτης
1325 396 1423 447 τῶν
1469 395 1788 466 φυλακιτῶν2
1822 392 1838 464 ΙΙ
1873 391 1959 446 καὶ
2006 395 2053 447 οἱ

221 488 271 539 ἐν
306 482 529 556 Ἀθρίβει
560 479 834 537 Ἰουδαῖοι3
874 482 880 554 Ι
919 481 1008 554 τὴν
1046 480 1366 554 προσευχὴν4
1406 480 1412 551 Ι
1453 480 1559 551 θεῷ
1587 476 1854 552 Ὑψίστῳῧ.

76 655 278 698 Wilcken
314 653 493 695 mavult
529 653 584 694 de
614 652 917 693 Philometore
952 650 1253 703 interpretari,
1292 650 1462 702 quippe
1493 660 1630 703 quem
1662 650 1841 691 constet
1876 648 2052 690 Iudaeis

74 728 316 784 praecipue
346 725 600 768 indulsisse.
660 724 733 776 (Cf.
763 722 959 777 Mahaffy
990 722 1082 764 The
1103 722 1276 774 empire
1298 721 1347 762 of
1371 721 1447 763 the
1467 722 1707 763 Ptolemies
1736 733 1779 776 p.
1806 721 1916 773 344.)
1968 721 2052 762 Sed

74 803 170 856 ipse
201 800 364 842 fatetur
394 799 618 840 incertum
650 808 762 851 esse,
805 796 912 850 quia
949 795 1109 837 titulus
1146 806 1188 836 n.
1213 796 1294 834 429
1332 794 1469 835 etiam
1502 794 1771 848 Euergetam
1810 792 2052 853 προσευχήν

74 874 268 928 aliquam
299 871 553 914 condidisse
584 870 756 912 doceat.
818 869 965 918 Quare
995 877 1067 908 res
1098 867 1145 907 in
1176 865 1324 908 medio
1356 866 1650 919 relinquenda
1680 869 1761 909 est.
1925 870 1949 907 2
1990 866 2051 908 Cf.

74 958 115 989 n.
138 944 231 987 853.
291 943 548 986 Praefectus
579 953 740 984 eorum
771 940 910 982 modo
951 936 1179 994 ἐπιστάτης
1209 942 1294 979 τῶν
1326 935 1569 996 φυλακιτῶν
1610 938 1677 991 (cf.
1710 950 1751 980 n.
1776 942 1872 992 439,
1896 940 1933 992 6)
1975 951 2052 992 ap-

74 1018 277 1074 pellatur,
318 1016 455 1059 modo
493 1011 834 1074 ἀρχιφυλακίτης
866 1013 1090 1066 (Revenue
1120 1012 1232 1053 laws
1265 1015 1333 1064 37,
1357 1014 1380 1051 5
1414 1012 1459 1052 et
1488 1011 1622 1063 alibi).
1674 1011 1760 1053 Sed
1790 1012 1922 1065 plane
1950 1023 2052 1054 ean-

73 1091 175 1133 dem
205 1091 399 1143 utraque
429 1088 729 1143 appellatione
767 1097 924 1129 curam
956 1084 1211 1138 significari,
1250 1094 1367 1137 quae
1398 1083 1543 1125 fuerat
1573 1084 1801 1125 Letronnii
1832 1085 2053 1126 sententIa

71 1163 170 1205 Rec.
201 1162 281 1204 des
312 1162 449 1203 Inscr.
484 1162 502 1202 I
532 1172 576 1214 p.
602 1162 697 1214 343,
738 1159 871 1212 negat
900 1157 1095 1200 Reinach
1125 1157 1233 1210 quia
1262 1156 1429 1210 Papyri
1460 1157 1597 1209 Lugd.
1621 1157 1713 1198 Bat.
1741 1158 1759 1197 I
1790 1168 1831 1211 p.
1856 1159 1908 1198 42
1927 1158 1974 1210 G,
1998 1160 2051 1197 23

70 1236 243 1289 legatur
273 1231 501 1290 ἐπιστάτης
529 1237 614 1274 τῶν
647 1229 890 1288 φυλακιτῶν
921 1228 995 1272 καὶ
1023 1226 1375 1288 ἀρχιφυλακίτης.
1427 1228 1543 1277 Quid
1575 1230 1727 1270 tamen
1747 1229 2056 1271 intercesserit

72 1307 344 1350 discriminis
388 1307 664 1359 ignoramus.
812 1307 834 1344 3
875 1302 1053 1344 Athribi
1097 1301 1286 1344 Iudaeos
1332 1301 1592 1343 consedisse
1636 1313 1692 1343 ex
1735 1302 1822 1344 hoc
1868 1302 2051 1343 demum

72 1380 201 1422 titulo
241 1380 287 1420 et
316 1390 357 1420 n.
383 1381 455 1419 404
497 1377 753 1420 didicimus.
807 1375 1018 1418 Ceterum
1050 1386 1140 1416 non
1171 1376 1305 1428 recte,
1339 1375 1377 1415 si
1407 1374 1517 1427 quid
1548 1374 1696 1428 video,
1729 1386 1784 1416 ex
1814 1375 1899 1416 hac
1930 1374 2052 1416 dedi-

71 1453 244 1495 catione
273 1451 542 1492 Reinacbius
573 1449 765 1503 collegit,
797 1447 1075 1503 praefectum
1106 1447 1445 1501 phylacitarum
1475 1447 1629 1501 ipsum
1649 1447 1868 1489 Iudaeum
1901 1447 2052 1490 fuisse.

69 1524 183 1567 Nam
214 1524 415 1566 Aristeae
445 1522 629 1576 quidem
669 1521 866 1563 narratio
908 1520 963 1562 de
992 1519 1170 1562 Iudaeis
1201 1518 1422 1561 militibus
1463 1531 1488 1562 a
1518 1508 1775 1562 Ptolemaeo
1806 1520 1911 1573 Lagi
1942 1520 1968 1562 f.
2006 1522 2052 1562 in

70 1597 274 1650 Aegypto
304 1596 535 1637 collocatis
568 1594 720 1647 (Epist.
754 1593 809 1635 ad
841 1593 1140 1634 Philocratem
1171 1593 1196 1643 ξ
1221 1595 1288 1634 42.
1312 1592 1394 1646 43),
1434 1591 1491 1633 ad
1521 1603 1660 1645 quam
1691 1594 1924 1646 provocat,
1956 1595 2053 1635 tota

71 1669 234 1710 ficticia
273 1670 353 1710 est.
413 1667 708 1709 Dedicatione
744 1677 854 1707 vero
895 1665 1006 1706 nihil
1045 1664 1264 1718 probatur
1302 1665 1357 1705 de
1395 1664 1610 1718 praefecti
1648 1665 1792 1718 ipsius
1824 1665 2051 1718 religione,

71 1740 437 1794 quandoquidem
468 1739 677 1781 videmus
699 1750 741 1780 n.
765 1742 860 1791 429,
885 1741 922 1778 7.
949 1741 972 1779 8
1005 1738 1157 1790 ipsum
1179 1748 1332 1790 regem
1353 1737 1664 1778 Ptolemaeum
1686 1737 1798 1791 VIII,
1830 1738 1908 1791 qui
1930 1739 2052 1778 certe

70 1813 263 1855 Iudaeus
293 1824 382 1854 non
412 1813 522 1866 erat,
552 1808 797 1869 προσευχήν
829 1812 1182 1852 consecrantem.
1233 1810 1379 1850 Immo
1409 1810 1517 1862 quia
1541 1810 1636 1851 sine
1667 1810 1787 1851 illius
1819 1811 2052 1863 magistra-

71 1887 144 1928 tus
194 1885 492 1939 permissione
542 1883 631 1925 tale
675 1882 917 1924 delubrum
958 1882 1237 1924 constituere
1289 1882 1464 1924 ludaeis
1508 1894 1598 1924 non
1643 1881 1821 1936 licebat,
1872 1884 2051 1936 praeter

70 1958 194 2012 ipsos
215 1957 351 1998 etiam
382 1956 717 2010 phylacitarum
748 1955 1002 2009 praefectus
1034 1956 1079 1996 in
1110 1954 1408 1997 dedicationis
1430 1954 1623 1996 formula
1643 1958 2047 1998 commemoratur.

73 2033 96 2072 Ιι
138 2030 341 2072 oratoria
371 2028 642 2070 Iudaeorum
674 2029 759 2070 hac
778 2038 892 2070 voce
920 2017 1178 2069 indicantur
1198 2029 1335 2069 etiam
1357 2028 1403 2068 in
1423 2027 1548 2069 Actis
1569 2028 1879 2082 apostolorum
1904 2032 1971 2082 46,
1997 2032 2047 2069 43

68 2101 121 2159 τῇ
147 2116 194 2144 τε
222 2099 365 2159 ἡμέρᾳ
391 2106 475 2144 τῶν
508 2098 731 2157 σαββάτων
764 2097 1001 2157 ἐξήλθομεν
1034 2097 1115 2149 ἔξω
1142 2104 1220 2157 τῆς
1249 2097 1389 2156 πύλης
1421 2099 1536 2158 παρὰ
1571 2099 1777 2156 ποταμόν,
1820 2098 1868 2142 οὗ
1908 2099 2048 2156 ἐνομί-

71 2173 196 2231 ζομεν
228 2171 469 2231 προσευχὴν
502 2169 609 2216 εἶναι
649 2174 694 2214 et
723 2172 846 2226 apud
875 2173 1108 2214 Philonem
1139 2173 1185 2213 in
1215 2172 1355 2214 Flacc.
1387 2175 1432 2213 6:
1479 2170 1644 2220 εἰκόνας
1675 2171 1717 2215 ἐν
1747 2175 1841 2220 ταῖς
1871 2186 2049 2229 προσευ-

70 2249 170 2305 χαῖς
188 2243 442 2289 ἀνατιθέναι.
483 2245 561 2287 Th.
583 2246 837 2287 Mommsen
859 2245 902 2287 C.
925 2246 956 2286 I.
978 2245 1070 2286 Lat.
1092 2245 1149 2285 111
1170 2244 1371 2298 Append.
1395 2257 1437 2286 n.
1462 2248 1586 2287 6583.
1736 2250 1759 2287 5
1800 2246 1912 2287 Cum
1945 2258 2047 2299 pro-

72 2319 169 2372 prio
208 2318 279 2360 dei
309 2318 493 2359 nomine
531 2317 758 2359 abstinere
796 2317 1011 2358 deberent
1049 2317 1215 2371 Iudaei,
1256 2328 1360 2358 eum
1401 2317 1596 2371 simplici
1638 2318 1911 2371 appellativo
1950 2316 2048 2365 θεός

72 2390 321 2444 significare
351 2388 558 2431 solebant
588 2390 643 2441 (n.
668 2389 779 2443 731),
820 2400 955 2442 saepe
986 2389 1137 2431 addito
1168 2390 1368 2443 epitheto
1401 2386 1587 2445 ὕψιστος,
1626 2390 1749 2443 quod
1786 2392 1838 2431 ut
1867 2391 2048 2433 Graecis

72 2462 127 2506 de
156 2463 262 2504 Iove
291 2473 374 2504 suo
406 2461 626 2503 familiare
656 2463 765 2515 erat,
798 2462 863 2503 sic
893 2461 1046 2503 Iudaei
1077 2462 1121 2503 in
1152 2461 1280 2503 libris
1312 2462 1452 2504 sacris
1485 2463 1580 2504 suis
1612 2463 1657 2503 in
1688 2463 1885 2515 linguam
1915 2464 2047 2505 Grae-

71 2546 170 2578 cam
201 2535 433 2577 conversis
463 2534 709 2576 identidem
731 2533 949 2587 legebant.
1002 2533 1062 2576 Cf.
1087 2534 1242 2576 Genes.
1262 2536 1409 2588 44,48.
1434 2537 1502 2577 22.
1553 2534 1716 2577 Psalm.
1739 2538 1859 2589 7,48.
1893 2538 1960 2590 47,
1981 2539 2046 2578 45.

75 2608 140 2661 49,
165 2609 230 2649 45.
277 2605 473 2649 Maccab.
497 2606 548 2660 11,
572 2609 610 2660 3,
635 2608 681 2647 34
710 2605 764 2648 al.
795 2605 1003 2648 Reinacb.

177 2836 252 2893 97
306 2840 450 2890 Basis
499 2841 769 2890 marmoris
825 2840 924 2890 albi
972 2842 1179 2892 inventa
1234 2857 1370 2892 anno
1421 2842 1557 2892 4877
1603 2844 1833 2910 Taposiri
1884 2859 2046 2910 parva

0 2903 7 2998 ,ἶ
73 2921 427 2992 (Μαφιάᾶναή).
492 2926 580 2975 Ed.
622 2926 866 2977 Nerutsos
903 2928 1010 2993 Bey
1054 2929 1227 2979 Revue
1264 2928 1482 2980 archeol.
1524 2930 1798 2981 Troisieme
1836 2932 1963 2980 serie
2000 2932 2044 2979 X

6 3055 9 3065 ι

0 2993 3 3072 Ι
72 3009 247 3079 (4887)
284 3028 335 3079 p.
364 3011 465 3063 2⁴4
515 3028 564 3062 n.
599 3012 664 3061 56
712 3008 1028 3080 (L’ancienne
1065 3014 1366 3066 Alexandria
1402 3033 1452 3083 p.
1487 3016 1605 3068 ⁴24.
1677 3018 1738 3067 M.
1776 3018 1829 3067 L.
1866 3017 2044 3068 strack

6 3098 11 3142 ἴ
71 3097 160 3148 Die
195 3099 435 3164 Dynastie
473 3098 563 3148 der
597 3099 882 3150 Ptolemaer
918 3116 967 3167 p.
998 3101 1102 3151 246
1143 3117 1190 3151 n.
1216 3098 1316 3170 76).

202 3235 356 3311 Ὑπὲρ
403 3240 650 3312 βασιλέως
697 3239 703 3311 Ι
753 3240 1070 3313 Πτολεμαίου
1118 3243 1204 3298 καὶ
1245 3243 1252 3316 Ι
1296 3245 1589 3316 βασιλίσσης
1637 3242 1983 3316 Κλεοπάτρας,
2034 3245 2040 3317 Ι

161 3339 186 3380 5
217 3325 349 3379 θεῶν
381 3321 668 3396 Ἐπιφανῶν
714 3327 799 3381 καὶ
837 3326 1177 3402 ΕὖΙΙχαρίστων
1194 3334 1226 3400 1,
1267 3326 1488 3402 Ὀσόρῳ2
1525 3352 1577 3384 τε
1620 3330 1626 3402 Ι
1666 3330 1751 3384 καὶ
1789 3330 2042 3404 Σαράπιδι

185 3492 375 3535 Litterae
406 3494 581 3547 ΘΠΣΥ,
624 3494 662 3534 si
700 3497 960 3549 apographo
998 3497 1108 3539 fides
1148 3497 1354 3539 habenda
1384 3499 1465 3539 est.
1641 3501 1656 3538 4
1698 3499 1980 3542 Ptolemaeus
2002 3502 2039 3541 V

11 3572 15 3623 3
75 3561 325 3616 Epiphanes
370 3565 603 3616 (205-484
641 3577 678 3607 a.
710 3566 811 3608 Chr.
839 3568 896 3620 n.)
941 3569 1224 3622 Cleopatram
1269 3568 1478 3610 Antiochi
1522 3570 1579 3610 111
1623 3570 1760 3612 filiam
1798 3572 1843 3613 in
1885 3574 2040 3614 matri-

77 3644 259 3677 monum
304 3636 434 3678 duxit
478 3648 592 3678 anno
639 3640 720 3678 493
752 3650 790 3680 a.
820 3639 920 3681 Chr.
949 3652 990 3682 n.
1057 3641 1177 3682 Inter
1220 3641 1341 3682 hunc
1385 3653 1553 3683 annum
1598 3645 1643 3684 et
1687 3644 1804 3697 regis
1843 3648 2036 3686 mortem

0 3721 2 3723 >
76 3705 229 3758 utique
266 3708 426 3750 titulus
462 3709 632 3750 incisus
674 3711 753 3763 est,
794 3711 871 3752 sed
918 3713 1024 3764 quia
1067 3712 1314 3755 liberorum
1360 3714 1480 3755 nulla
1520 3714 1570 3755 fit
1614 3717 1799 3771 mentio,
1842 3719 2038 3759 maxime
