2314 3970
252 186 356 235 574
741 185 811 227 VI.
855 187 1003 238 Regna
1033 185 1194 225 Asiana
1224 185 1410 225 minora.
1474 187 1511 225 4.
1544 185 1725 226 Pontus.
2068 186 2222 238 [365—

251 360 337 425 qui
374 359 558 425 publici
595 359 718 408 iuris
758 358 873 408 fecit
901 357 1139 425 Comptes
1164 358 1351 408 rendus
1379 358 1440 407 de
1464 354 1754 408 l’academie
1788 359 1876 409 des
1902 360 2222 426 inscriptions

254 443 388 495 4873
417 461 464 510 p.
486 444 578 495 264
630 442 818 512 (Revue
852 445 1239 511 archeologique
1264 445 1504 495 Nouvelle
1530 445 1658 495 serie
1683 445 1838 495 XXVI
1867 444 2002 495 4873
2030 462 2081 512 p.
2100 444 2219 496 375.

251 532 515 580 Memoires
554 525 942 597 d'archeologie,
983 529 1328 598 d'epigraphie
1354 534 1404 581 et
1429 529 1690 581 d’histoire
1727 547 1777 597 p.
1804 532 1920 581 445.
1991 532 2082 581 Th.
2108 532 2224 582 Rei-

250 616 382 666 nach
408 616 737 667 Mithradates
763 618 992 685 Eupator
1014 633 1064 684 p.
1090 618 1191 667 456
1219 633 1267 668 n.
1295 618 1313 667 1
1352 619 1427 669 ed.
1458 616 1624 668 Germ.
1690 617 1778 668 Ch.
1808 618 1984 668 Michel
2023 619 2223 669 Recueil

251 700 449 753 d'inscr.
492 702 573 753 Gr.
614 719 664 770 p.
696 704 797 753 858
837 719 886 754 n.
919 702 1091 770 ⁴228).

382 848 536 924 Ὑπὲρ
584 852 832 924 βασιλέως
879 851 887 924 Ι
937 851 1236 924 Φαρνάκου1
1291 852 1296 923 Ι
1355 851 1764 925 [Μη]ϊρόδωρος2
1818 854 1824 924 1
1883 885 2133 894 --------
2149 855 2223 909 ίοο
2312 840 2314 857 ³

334 953 359 993 5
392 937 848 1011 φρουραρΙΙ[χήσ]ας
884 938 1002 1009 [τὸ]ν
1045 939 1263 1012 βωΙ[μ]ὸν
1301 939 1388 993 καὶ
1426 939 1542 1011 [τ]ὸν
1585 940 1591 1011 Ι
1633 940 1895 995 ἀνθεῶνα3
1935 941 1942 1013 Ι
1982 943 2133 1003 θεοῖς.

364 1122 557 1163 Litterae
596 1122 804 1175 volgares
849 1124 1028 1175 praeter
1069 1113 1468 1179 ΒΒ(βῆτα)ΘΡΞῲ,
1514 1122 1736 1176 profunde
1782 1124 1966 1177 quidem
2012 1123 2093 1165 sed
2137 1135 2226 1165 non

250 1194 496 1247 aequaliter
512 1196 556 1235 et
572 1197 780 1236 accurate
795 1195 976 1236 incisae.
1027 1206 1056 1235 0
1085 1195 1274 1236 minoris
1291 1206 1428 1248 quam
1452 1195 1651 1248 reliquae
1669 1206 1922 1238 mensurae.
2058 1199 2073 1236 4
2112 1196 2225 1237 Cum
2313 1200 2314 1205 ’

247 1267 562 1308 Ermakowius
601 1267 656 1308 de
685 1268 913 1309 Pharnace
942 1267 981 1307 II
1019 1267 1289 1309 Mithridatis
1318 1267 1565 1321 Eupatoris
1602 1268 1693 1309 filio
1731 1269 2054 1322 interpretatus
2093 1271 2225 1322 esset,
2313 1299 2314 1303 ,

247 1341 369 1380 recte
398 1339 610 1381 Perrotus
641 1341 832 1394 monuit,
862 1340 990 1380 illum
1021 1340 1066 1381 in
1088 1340 1229 1382 Ponto
1261 1340 1445 1394 quidem
1476 1352 1564 1382 non
1585 1352 1796 1394 regnasse
1825 1342 1912 1382 nisi
1942 1353 2025 1395 per
2053 1352 2225 1395 paucos
2313 1350 2314 1355 ¹

249 1422 448 1465 menses;
481 1412 647 1453 etenim
678 1423 784 1453 cum
813 1423 928 1453 anno
954 1414 1004 1452 48
1027 1423 1066 1454 3.
1089 1412 1190 1454 Chr.
1213 1425 1255 1454 n.
1278 1414 1492 1466 superato
1514 1413 1590 1454 Cn.
1612 1414 1809 1455 Domitio
1833 1413 2016 1455 Calvino
2037 1425 2226 1467 regnum

247 1485 487 1537 paternum
507 1484 749 1526 invasisset
770 1484 829 1537 (B.
845 1484 967 1526 Alex.
993 1486 1059 1539 40,
1084 1488 1123 1526 5.
1157 1487 1224 1539 44,
1242 1488 1281 1526 4.
1304 1488 1343 1526 2.
1386 1484 1567 1527 Cassius
1587 1486 1671 1527 Dio
1692 1486 1821 1540 XLII,
1840 1490 1879 1539 9,
1902 1489 1940 1527 2.
1965 1489 2001 1528 3.
2038 1487 2104 1540 46,
2121 1489 2160 1528 2.
2186 1486 2225 1538 3)

247 1557 460 1609 proxima
479 1557 628 1598 hieme
649 1569 675 1598 a
693 1557 882 1599 Caesare
902 1557 1074 1598 eiectus
1095 1558 1165 1598 est
1183 1557 1246 1610 (Β.
1262 1556 1384 1598 Alex.
1403 1560 1471 1611 77,
1490 1560 1528 1599 2.
1562 1561 1629 1612 78,
1649 1561 1688 1600 2.
1737 1558 1962 1599 Plutarch.
1980 1558 2140 1600 Caesar
2157 1562 2224 1600 50.

246 1628 434 1682 Appian.
466 1629 558 1670 Civ.
589 1630 641 1683 11,
673 1633 740 1670 94.
773 1633 841 1670 92.
893 1629 1074 1671 Cassius
1105 1629 1188 1671 Dio
1219 1629 1348 1684 XLII,
1373 1632 1440 1684 47,
1465 1633 1502 1672 4.
1526 1629 1579 1683 5).
1638 1631 1722 1671 Per
1751 1630 1878 1683 quod
1906 1632 2089 1684 tempus
2120 1642 2226 1672 cum

249 1702 464 1754 exiguum
515 1703 614 1742 tum
660 1701 976 1743 turbulentum
1018 1703 1064 1743 et
1101 1702 1374 1744 bellicosum
1414 1701 1619 1756 profecto
1657 1702 1794 1744 talem
1834 1702 2163 1745 dedicationem
2201 1715 2227 1744 a

248 1773 475 1826 praefecto
508 1775 625 1815 arcis
655 1774 872 1816 Amaseae
903 1774 1068 1816 factam
1098 1786 1188 1816 non
1218 1786 1318 1816 esse
1349 1774 1576 1816 credibile.
1629 1774 1775 1824 Quare
1805 1776 1902 1817 sine
1932 1775 2071 1817 dubio
2091 1777 2228 1818 Phar-

246 1857 406 1887 nacem
430 1847 449 1886 I
478 1847 748 1888 Mithridatis
779 1847 1020 1901 Eupatoris
1050 1858 1204 1902 avum,
1236 1848 1316 1900 qui
1346 1848 1552 1900 regnavit
1581 1846 1672 1889 fere
1703 1847 1760 1890 ab
1792 1860 1908 1889 anno
1942 1851 2022 1889 490
2057 1848 2114 1889 ad
2143 1852 2224 1889 470

248 1930 285 1959 3.
319 1919 420 1960 Chr.
452 1920 623 1973 natum,
664 1919 1015 1972 intellegendum
1053 1930 1166 1961 esse.
1228 1919 1351 1968 Quae
1387 1921 1440 1961 ut
1478 1921 1732 1962 rectissime
1769 1920 2021 1974 disputavit
2056 1922 2226 1974 Perrot,

247 1991 313 2031 sic
343 1992 479 2032 nimis
509 1993 641 2032 caute
679 2002 810 2044 agere
841 1992 1022 2033 videtur
1059 2003 1165 2033 cum
1202 1992 1503 2034 litteraturam
1543 1994 1726 2047 utrique
1764 1994 1899 2035 aetati
1936 2004 2079 2046 aeque
2117 2004 2227 2035 con-

246 2063 401 2104 venire
430 2062 624 2116 ideoque
654 2063 700 2104 in
730 2064 815 2105 hac
846 2065 1113 2117 quaestione
1143 2065 1253 2105 nihil
1275 2066 1494 2107 momenti
1523 2065 1691 2106 habere
1721 2065 1843 2106 dicit.
1893 2064 2008 2107 Nam
2040 2065 2095 2107 de
2125 2066 2227 2106 reli-

245 2135 348 2186 quis
387 2134 572 2188 quidem
612 2135 773 2177 litteris
815 2136 903 2177 hoc
942 2137 1156 2191 concedo,
1198 2139 1244 2178 at
1282 2126 1323 2189 Φ
1351 2149 1435 2190 pro
1468 2134 1503 2188 ᾠ
1544 2138 1768 2191 scriptum
1806 2149 1907 2179 esse
1947 2138 2090 2179 multo
2122 2149 2226 2191 pro-

247 2206 443 2248 babilius
474 2209 543 2248 est
573 2207 714 2249 altero
748 2220 784 2250 a.
816 2208 916 2249 Chr.
948 2220 991 2251 n.
1024 2209 1204 2251 saeculo
1243 2210 1425 2251 ineunte
1456 2221 1594 2263 quam
1633 2212 1738 2264 post
1777 2211 1980 2252 medium
2009 2212 2224 2265 primum.

248 2282 272 2319 2
313 2279 549 2332 Supplevit
584 2280 755 2334 Perrot,
801 2282 880 2333 qui
917 2283 1084 2335 monet,
1130 2282 1226 2323 sive
1267 2283 1408 2335 priori
1449 2283 1545 2324 sive
1590 2284 1832 2336 posteriori
1875 2284 1970 2336 regi
2010 2284 2228 2325 Pharnaci
2283 2271 2308 2342 J?

247 2351 430 2392 titulum
461 2352 761 2406 vindicemus,
801 2354 960 2406 utique
997 2353 1071 2396 hic
1101 2354 1325 2407 designari
1356 2366 1450 2396 non
1478 2366 1615 2409 posse
1644 2351 1961 2398 Metrodorum
1991 2357 2227 2409 Scepsium
2280 2373 2287 2387 ··

247 2424 478 2465 hominem
509 2424 843 2466 nobilissimum
874 2426 954 2478 qui
982 2426 1252 2468 Mithridatis
1282 2426 1523 2480 Eupatoris
1554 2429 1699 2469 aetate
1729 2428 1954 2481 floruerit3
1985 2440 2090 2470 nam
2121 2440 2226 2469 eum
2279 2422 2289 2435 ²

249 2497 294 2536 et
332 2496 389 2537 ab
426 2498 515 2538 hoc
554 2508 658 2550 rege
703 2497 888 2539 demum
926 2499 971 2539 in
1012 2499 1206 2540 Pontum
1252 2499 1501 2541 adductum
1539 2501 1584 2541 et
1623 2500 1726 2541 ante
1767 2501 1864 2542 eius
1901 2502 2098 2542 mortem
2132 2501 2227 2542 vita

248 2568 457 2609 functum
488 2579 587 2610 esse
619 2569 792 2622 (Strabo
822 2570 937 2624 XIII,
969 2574 1008 2624 4,
1041 2574 1094 2613 55
1125 2582 1168 2624 p.
1192 2574 1272 2612 609
1305 2571 1423 2613 Cas.:
1462 2567 1730 2629 Μιθριδάτην
1769 2571 1817 2614 δὲ
1853 2569 2119 2628 θεραπεύσας
2154 2571 2226 2614 τὸν

246 2634 478 2696 Εὐπάτορα
510 2645 748 2697 συναπῆρεν
779 2639 838 2689 εἰς
867 2640 939 2683 τὸν
970 2638 1130 2685 Πόντον
1168 2640 1330 2700 ἐκείνῳ.
1361 2666 1417 2673 —
1447 2641 1644 2699 ἐμπεσὼν
1677 2641 1738 2691 εἰς
1768 2641 1925 2703 ἔχθραν
1956 2642 2226 2701 ἀδικωτὲρων

248 2709 485 2769 ἀνθρώπων
515 2711 676 2770 ἀπέστη
706 2716 782 2755 τοῦ
805 2712 1015 2770 βασιλέως
1034 2713 1145 2758 κατὰ
1173 2715 1252 2773 τὴν
1284 2714 1388 2772 πρὸς
1411 2712 1619 2773 Τιγράνην
1649 2715 1722 2758 τὸν
1742 2711 1953 2774 Ἀρμένιον
1978 2715 2226 2774 πρεσβείαν·
2303 2773 2305 2778 ,

250 2781 272 2825 ὁ
304 2779 332 2825 δ’
360 2783 519 2827 ἄκοντα
548 2783 788 2843 ἀνέπεμψεν
821 2784 945 2829 αὐτὸν
981 2786 1045 2842 τῷ
1075 2783 1305 2847 Εὐπάτορι,
1349 2786 1541 2846 φεύγοντι
1570 2787 1656 2845 ἤδη
1695 2788 1774 2846 τὴν
1805 2788 2076 2847 προγονικὴν,
2115 2788 2227 2831 ’κατὰ

249 2854 296 2897 δὲ
324 2855 402 2913 τὴν
434 2854 531 2899 ὁδὸν
562 2855 820 2916 κατέστρεψε
850 2857 922 2900 τὸν
955 2857 1042 2915 βίον
1073 2854 1148 2900 εἴθ’
1176 2857 1256 2902 ὑπὸ
1295 2862 1370 2902 τοῦ
1403 2858 1609 2916 βασιλέως
1640 2856 1720 2903 εἴθ’
1749 2859 1830 2903 ὑπὸ
1871 2859 2019 2904 νόσου·
2059 2859 2226 2919 λέγεται

246 2927 325 2988 γὰρ
357 2926 589 2989 ἀμφότερα.
642 2931 755 2972 Plut.
777 2932 946 2973 Lucull.
971 2933 1039 2985 22)
1071 2934 1300 2986 constare3
1333 2945 1386 2974 ac
1415 2934 1686 2987 phrurarchi
1717 2933 1915 2975 officium
1946 2946 2036 2977 non
2066 2934 2226 2976 cadere

246 3002 293 3042 in
337 3003 590 3055 sophistam
635 3003 831 3057 publicis
873 3004 1059 3057 quidem
1100 3005 1291 3057 negotiis
1336 3006 1553 3047 idoneum
1596 3017 1743 3059 neque
1784 3017 1892 3047 vero
1938 3007 2224 3048 militaribus.
2302 3038 2304 3066 3

249 3076 272 3112 3
312 3073 407 3115 Etsi
437 3086 526 3116 non
557 3075 806 3128 praefracte
836 3077 989 3128 negari
1019 3076 1186 3131 liceret,
1217 3088 1352 3130 posse
1377 3078 1505 3118 initio
1531 3089 1692 3120 versus
1712 3078 1909 3120 litteram
1930 3079 2225 3133 intercidisse,
2302 3084 2304 3123 ῑ

247 3146 399 3186 tamen
429 3158 518 3187 non
548 3147 845 3200 probabiliter
872 3145 1136 3201 [Π]ανθεῶνα
1166 3146 1367 3202 suppleri
1390 3161 1494 3191 cum
1523 3152 1711 3204 propter
1731 3150 2104 3203 significationem
2125 3152 2223 3192 tum

248 3219 355 3270 quia
384 3219 494 3260 haec
525 3220 651 3261 vocis
683 3219 829 3262 forma
860 3220 958 3273 (pro
990 3216 1196 3274 Πάνθεον,
1229 3218 1450 3274 Πάνθειον)
1482 3223 1715 3275 ceteroqui
1746 3223 1947 3264 inaudita
1976 3225 2097 3264 esset
2126 3235 2222 3264 mo-

248 3292 346 3331 nuit
375 3292 546 3334 Perrot.
608 3293 751 3334 Immo
783 3292 1050 3334 viridarium
1081 3293 1271 3334 floribus
1303 3295 1541 3349 consitum,
1575 3307 1663 3348 quo
1697 3307 1775 3337 ara
1805 3295 2084 3336 circumdata
2105 3297 2224 3337 esset

247 3363 447 3405 indicari.
509 3364 569 3406 Cf.
602 3365 776 3418 Corpus
815 3365 1139 3417 glossariorum
1179 3366 1440 3407 Latinorum
1471 3368 1508 3407 II
1549 3378 1592 3420 p.
1616 3370 1712 3421 227,
1735 3370 1810 3408 20:
1848 3365 2012 3410 ἀνθεών
2055 3368 2222 3409 uirida-

248 3435 383 3477 rium.
433 3447 476 3489 p.
501 3439 597 3490 504,
620 3439 697 3478 49;
729 3437 1003 3478 viridarium
1024 3434 1180 3479 ἀνθών.
1231 3449 1274 3490 p.
1300 3441 1396 3492 528,
1420 3442 1494 3479 28:
1526 3439 1750 3480 virectum
1773 3440 2046 3492 othontopos
2079 3439 2118 3492 (l.
2150 3437 2222 3480 ἀν·-
2299 3479 2301 3499 4

249 3504 351 3560 θών,
381 3505 537 3560 τόπος).
589 3508 674 3549 Sed
695 3509 818 3562 quod
848 3509 912 3550 illi
940 3509 1178 3563 probabile
1197 3509 1391 3563 videtur,
1424 3510 1631 3564 sepulcro
1652 3511 1892 3552 Pharnacis
1914 3511 2220 3553 Metrodorum
2299 3502 2301 3518 ¹

250 3579 360 3619 haec
391 3582 653 3622 ornamenta
677 3581 902 3622 addidisse
923 3584 974 3622 ut
995 3583 1091 3622 eius
1113 3582 1191 3635 qui
1212 3581 1440 3634 quondam
1462 3583 1608 3636 ipsius
1634 3583 1845 3624 dominus
1876 3583 2021 3624 fuerat
2051 3595 2220 3625 memo·
2298 3610 2301 3648 ἱ

248 3651 363 3692 riam
404 3655 529 3704 grato
567 3654 734 3706 pioque
775 3655 925 3695 animo
964 3656 1328 3708 prosequeretur,
1379 3655 1426 3696 id
1467 3666 1571 3696 cum
1609 3656 1956 3708 praepositionis
1993 3653 2098 3712 ὑπὲρ
2130 3659 2211 3697 ν.4
2298 3649 2300 3700 ἶ

2306 2201 2309 2266 ...γρ
2306 1831 2314 2188 -—.--.-—s-——::T„
2308 1748 2314 1821 nv:
2309 1706 2314 1719 2
