2314 3970
205 230 272 281 48
887 232 935 271 ΙΙ.
982 230 1183 281 Regnum
1216 227 1494 280 Lagidarum.
2053 228 2086 278 [4
2100 230 2184 267 6-

292 406 317 446 5
348 398 504 451 θεοό3
532 397 536 467 Ι
569 396 816 468 Σαράπι4,
845 392 978 449 Ἴσι5
1012 392 1310 466 ἈρσινόηθΙΙ
1345 394 1399 448 τὸ
1442 394 1571 466 ἱερὸν
1612 396 1844 466 ἱδρύσατο
1874 398 1881 459 Ι
1918 395 2184 466 Χαιρήμο-

348 504 429 543 νος
454 482 845 551 ν(εωποιοῦ’ντος)
860 485 894 534 ⁷.

205 642 425 696 oppidum
466 641 552 682 sub
591 640 726 681 finem
765 641 869 681 anni
911 642 991 680 309
1025 651 1063 680 a.
1095 639 1195 680 Chr.
1237 651 1263 680 a
1301 639 1555 685 Ptolemaeo
1594 638 1761 681 frustra
1798 639 2038 681 obsessum
2077 638 2185 679 dicit

206 715 376 765 (Gesch.
408 713 486 753 des
518 712 818 752 Hellenismus
848 712 899 764 11,
923 714 946 750 2
979 722 1022 764 p.
1047 714 1098 751 84
1132 712 1223 751 not.
1246 711 1299 763 2),
1331 710 1379 751 id
1411 710 1553 763 ipsius
1575 711 1835 752 coniectura
1855 711 1990 752 modo
2013 710 2184 751 nititur.

205 785 379 826 Etenim
413 783 679 824 Plutarchus
709 783 905 823 Demetr.
939 786 977 835 7,
1017 783 1096 835 qui
1130 793 1248 823 unus
1289 783 1354 822 rei
1394 793 1419 822 a
1449 781 1646 823 Diodoro
1685 782 1862 823 silentio
1893 782 2186 823 transmissae

205 857 479 897 mentionem
509 854 628 906 facit,
660 865 760 895 eam
793 866 908 895 anno
934 857 1013 894 342
1038 866 1075 895 a.
1099 854 1199 895 Chr.
1223 866 1266 896 n.
1298 853 1516 895 accidisse
1546 855 1712 894 narrat.
1850 857 1872 893 3
1910 855 1959 894 In
1981 854 2186 905 Aegypto

207 928 514 968 Ptolemaeum
545 927 701 966 Sotera
731 937 820 966 non
852 927 954 966 ante
984 937 1151 966 annum
1185 929 1258 966 264
1269 923 1312 980 so
1343 937 1381 966 a.
1404 925 1504 966 Chr.
1538 924 1675 966 deum
1705 927 1920 966 vocatum
1951 936 2050 966 esse
2081 935 2188 965 con-

205 1001 294 1040 stat
326 999 392 1050 (M.
415 998 460 1039 L.
483 998 640 1038 Strack
680 998 758 1038 Die
787 998 1003 1050 Dynastie
1039 997 1119 1038 der
1148 997 1402 1038 Ptolemaer
1430 1008 1474 1049 p.
1499 998 1608 1049 428),
1657 999 1704 1038 at
1734 997 1926 1039 Graecos
1957 1007 2063 1037 eum
2095 997 2186 1036 iam

204 1071 348 1111 multo
379 1070 508 1122 prius
540 1069 706 1110 divinis
738 1068 999 1110 hominibus
1022 1068 1224 1110 affecisse
1246 1068 1365 1110 tituli
1387 1068 1569 1121 docent;
1601 1069 1648 1109 in
1669 1068 1850 1109 decreto
1873 1068 2186 1109 insulanorum

205 1143 295 1183 iam
329 1138 489 1183 ἰσόθεοι
517 1139 636 1195 τιμαί
674 1142 860 1193 propter
897 1152 968 1182 res
999 1143 1148 1193 gestas
1187 1141 1292 1181 anni
1325 1143 1404 1180 308
1437 1152 1475 1182 a.
1508 1140 1609 1181 Chr.
1642 1152 1668 1181 a
1698 1141 1931 1181 communi
1961 1140 2188 1181 insulano-

205 1225 309 1255 rum
340 1214 382 1254 ei
411 1212 571 1253 tributi
601 1215 1018 1254 commemorantur
1050 1212 1117 1263 (cf.
1149 1215 1240 1253 not.
1265 1213 1317 1263 2).
1478 1214 1500 1252 4
1541 1211 1601 1252 Cf.
1634 1212 1735 1253 Tac.
1768 1212 1870 1252 hist.
1901 1211 1971 1264 IV,
2003 1215 2070 1262 83,
2108 1212 2187 1263 qui

206 1285 261 1326 de
299 1285 470 1336 origine
507 1295 741 1325 sacrorum
781 1283 1007 1336 Sarapidis
1039 1286 1192 1324 notam
1222 1283 1421 1325 fabulam
1453 1286 1618 1336 narrat,
1658 1295 1711 1324 ac
1751 1284 1971 1336 temporis
2002 1282 2186 1335 quidem

205 1359 338 1398 notas
358 1357 440 1398 has
461 1356 617 1397 habet:
644 1354 899 1398 Ptolomaeo
913 1353 1023 1410 reyi,
1040 1353 1122 1409 qai
1135 1352 1435 1397 Macedonum
1445 1353 1633 1409 primus
1647 1352 1840 1410 Aegypti
1852 1367 1953 1409 opes
1968 1352 2186 1408 fist-mavit,

206 1440 311 1470 cwm
350 1424 656 1469 Alexandriae
694 1439 846 1469 recens
883 1425 1087 1468 conditae
1123 1424 1308 1470 moem’a
1345 1425 1594 1481 templaque
1639 1429 1678 1468 et
1721 1423 1961 1481 reliyioows
1997 1424 2187 1468 adderet.

205 1500 286 1540 Hic
324 1499 420 1540 sine
457 1498 595 1539 dubio
627 1499 730 1550 plus
766 1498 1060 1539 tribuendum
1093 1500 1162 1539 est
1193 1498 1320 1539 urbis
1351 1509 1507 1539 recens
1538 1498 1744 1539 conditae
1776 1499 2006 1550 mentioni,
2050 1509 2187 1550 quam

205 1571 329 1622 regio
363 1570 550 1623 nomini,
581 1570 644 1610 ita
674 1572 725 1610 ut
754 1570 907 1622 paullo
940 1571 1045 1622 post
1074 1581 1214 1622 quam
1235 1570 1440 1622 Aegypto
1469 1571 1642 1622 potitus
1674 1571 1732 1610 sit
1764 1570 1861 1621 (323
1885 1582 1921 1611 a.
1945 1570 2046 1620 Chr)
2078 1571 2189 1610 haec

205 1653 334 1683 sacra
374 1641 668 1682 Alexandriae
705 1642 956 1682 instituisse
993 1641 1214 1682 videatur.
1281 1640 1402 1682 Nihil
1439 1642 1577 1693 igitur
1621 1641 1772 1682 obstat
1808 1641 2053 1693 quominus
2098 1642 2186 1681 iam

207 1716 432 1755 308—306
466 1725 503 1754 a.
527 1713 628 1753 Chr.
661 1713 959 1754 Halicarnassi
990 1713 1206 1754 sacellum
1227 1713 1454 1765 Sarapidis
1484 1715 1528 1753 et
1558 1713 1689 1754 Isidis
1720 1712 2006 1754 aedificatum
2036 1713 2189 1753 existi-

207 1795 398 1826 memus.
456 1784 507 1825 V.
540 1786 676 1825 etiam
714 1785 828 1825 Plut.
860 1785 914 1824 de
945 1784 1063 1825 Iside
1100 1786 1145 1824 et
1175 1784 1349 1825 Osiride
1380 1787 1432 1824 28
1473 1796 1517 1837 p.
1551 1787 1623 1825 364
1648 1785 1690 1825 F.
1756 1784 2073 1825 Athenodorus
2117 1796 2188 1836 ap.

207 1857 483 1898 Clementem
512 1856 634 1897 Alex.
657 1857 876 1908 Protrept.
900 1868 941 1909 p.
966 1858 1017 1896 44
1043 1855 1164 1908 Sylb.
1198 1856 1257 1908 (C.
1279 1856 1439 1897 Miiller
1455 1857 1535 1896 Fr.
1563 1856 1666 1896 hist.
1693 1856 1764 1896 Gr.
1787 1856 1846 1896 111
1877 1866 1919 1908 p.
1944 1858 2025 1896 487
2058 1855 2108 1896 fr.
2137 1856 2188 1906 4).

207 1929 242 1970 J.
274 1929 318 1970 P.
346 1927 541 1980 Mahaffy
582 1928 673 1968 The
705 1929 876 1980 empire
918 1927 967 1968 of
1002 1928 1077 1968 the
1108 1928 1348 1968 Ptolemies
1378 1939 1421 1980 p.
1445 1931 1489 1968 74
1516 1939 1613 1980 sqq.
1763 1932 1786 1968 5
1825 1929 1873 1967 In
1905 1928 2038 1968 titulo
2072 1927 2190 1968 Hali-

207 2000 437 2041 carnassio
470 2000 582 2040 Bull.
616 1999 671 2040 de
702 2010 816 2040 corr.
841 1999 949 2039 Hell.
971 1998 1072 2039 XIV
1104 2010 1145 2051 p.
1180 2001 1250 2038 444
1292 2010 1333 2039 n.
1367 2003 1434 2051 42,
1460 2002 1476 2039 4
1515 1999 1798 2039 sacerdotem
1828 1998 1960 2039 Isidis
1990 2010 2189 2039 comme·

208 2072 376 2112 morari
408 2073 562 2112 monet
582 2070 844 2112 Hirschfeld.
976 2074 998 2110 6
1030 2069 1252 2112 Arsinoen
1273 2071 1515 2111 Ptolemaei
1536 2071 1707 2111 Soteris
1729 2081 1785 2111 ex
1804 2070 2015 2111 Berenice
2035 2070 2188 2122 filiam,

206 2143 484 2196 Philadelphi
513 2142 660 2184 fratris
691 2143 892 2194 germani
913 2153 1106 2183 uxorem
1126 2142 1391 2194 intellegunt
1415 2142 1625 2195 editores,
1657 2153 1710 2183 ac
1730 2144 1837 2195 quia
1862 2143 1986 2194 regio
2008 2143 2190 2183 nomine

208 2217 358 2256 careat
388 2216 506 2255 intra
535 2226 758 2255 annorum
781 2217 876 2266 284,
910 2225 1000 2266 quo
1022 2215 1150 2266 prior
1170 2215 1268 2255 cius
1294 2214 1485 2255 maritus
1506 2214 1804 2266 Lysimachus
1824 2216 2011 2255 necatus
2032 2216 2112 2266 est,
2145 2216 2190 2253 et

209 2289 305 2339 274,
338 2298 428 2339 quo
461 2286 598 2327 frater
629 2297 728 2326 eam
759 2287 805 2326 in
830 2286 1168 2326 matrimonium
1201 2285 1344 2338 duxit,
1378 2287 1577 2338 spatium
1608 2287 1791 2327 titulum
1821 2286 2079 2327 dedicatum
2100 2287 2190 2326 sta-

207 2360 343 2398 tuunt
382 2357 630 2398 Hirschfeld
663 2359 707 2397 et
736 2358 907 2398 Kaerst.
967 2357 1023 2397 At
1053 2358 1255 2410 primum
1287 2358 1471 2410 quidem
1502 2369 1584 2410 per
1613 2358 1713 2398 illos
1751 2368 1892 2398 annos
1923 2358 2190 2409 neutiquam

208 2430 408 2470 caruisse
438 2429 738 2470 existimanda
768 2431 837 2470 est
866 2429 989 2481 regio
1022 2430 1216 2482 nomine,
1248 2429 1371 2481 quod
1401 2430 1442 2469 ei
1473 2441 1499 2470 a
1529 2431 1656 2482 patre
1688 2430 1778 2470 iam
1798 2431 2039 2481 antequam
2063 2429 2189 2481 Lysi-

208 2501 371 2541 macho
404 2500 596 2541 nuberet
626 2501 782 2541 datum
814 2502 910 2541 erat
940 2501 995 2551 (n.
1021 2500 1127 2551 441).
1189 2501 1358 2541 Deinde
1389 2512 1498 2541 vero
1538 2501 1722 2541 titulum
1759 2503 1866 2553 post
1906 2512 2074 2541 annum
2106 2504 2187 2540 283

210 2584 247 2612 a.
277 2572 378 2612 Chr.
410 2573 592 2612 omnino
632 2572 854 2624 scriptum
893 2582 992 2612 esse
1033 2583 1122 2612 non
1159 2583 1298 2624 posse
1334 2574 1514 2624 praeter
1552 2573 1747 2613 rationes
1783 2574 1874 2613 not.
1905 2575 1920 2612 4
1961 2572 2190 2624 expositas

209 2644 346 2684 etiam
366 2643 467 2683 ideo
490 2643 795 2683 certissimum
817 2645 899 2694 est,
931 2643 1037 2694 quia
1059 2654 1140 2694 pro
1171 2643 1294 2684 bona
1326 2643 1507 2684 fortuna
1537 2645 1734 2685 hominis
1766 2644 1962 2684 defuncti
1987 2643 2188 2696 profecto

210 2714 319 2754 nihil
349 2725 551 2765 unquam
583 2713 842 2754 dedicatum
874 2716 953 2754 est.
1015 2714 1184 2762 Quodsi
1214 2726 1296 2766 per
1326 2726 1467 2755 annos
1501 2718 1726 2755 308—306
1758 2716 1869 2756 haec
1899 2716 2040 2756 incisa
2070 2718 2188 2766 sunt,

210 2797 300 2826 non
330 2787 398 2826 est
429 2785 761 2827 cur'Arsinoen
792 2786 915 2836 regio
947 2786 1128 2826 nomine
1158 2796 1311 2826 carere
1332 2786 1566 2838 miremur,
1599 2786 1823 2838 siquidem
1855 2798 1910 2827 ne
1941 2788 2069 2839 pater
2089 2787 2188 2838 qui·

210 2857 312 2897 dem
344 2857 391 2897 id
419 2857 510 2897 iam
542 2858 640 2896 tum
671 2856 841 2897 habuit.
894 2857 979 2897 Sed
1008 2856 1198 2897 fortasse
1229 2856 1530 2910 improbabile
1556 2858 1786 2898 existimes
1818 2858 1993 2910 puellae
2022 2869 2186 2898 novem

210 2929 282 2968 vel
314 2927 471 2968 decem
503 2939 725 2968 annorum
757 2928 937 2968 nomine
968 2928 1103 2968 talem
1135 2929 1523 2969 consecrationem
1555 2928 1716 2968 factam
1749 2939 1862 2980 esse,
1903 2929 1999 2969 sine
2029 2929 2189 2969 idonea

211 3011 347 3040 causa
378 3000 415 3040 si
446 2999 558 3051 quid
588 2999 734 3039 video.
797 2999 924 3039 Certe
956 3000 1010 3039 de
1042 3001 1185 3040 matre
1216 3000 1470 3051 Ptolemaei,
1510 3001 1582 3040 cui
1614 3011 1720 3040 sane
1751 3001 1860 3040 item
1890 3001 2078 3042 Arsinoe
2111 3012 2189 3040 no-

210 3082 315 3111 men
360 3071 443 3111 fuit
489 3070 725 3123 (Eusebius
767 3070 927 3110 Chron.
968 3071 1110 3123 1464,
1145 3074 1158 3110 4
1205 3071 1272 3111 ed.
1315 3072 1527 3112 Schoene.
1587 3071 1631 3111 U.
1662 3071 1866 3112 Wilcken
1911 3083 1980 3124 ap.
2028 3072 2189 3123 Pauly-

210 3142 435 3183 Wissowa
463 3141 896 3193 Realencyklop‘adie
923 3142 973 3194 ΙΙ,
1009 3145 1024 3181 4
1072 3153 1114 3194 p.
1149 3145 1250 3183 4284
1291 3154 1332 3183 n.
1364 3142 1431 3193 24)
1474 3142 1671 3194 cogitare
1708 3143 1931 3183 noluerim
1969 3143 2053 3183 etsi
2092 3142 2189 3182 fieri

211 3215 414 3265 potuisse
437 3214 486 3254 ut
515 3224 569 3254 ea
597 3214 709 3266 tum,
742 3213 898 3264 viginti
930 3215 1148 3265 quattuor
1179 3215 1280 3254 ante
1310 3213 1390 3253 filii
1419 3213 1594 3254 obitum
1617 3215 1758 3266 annis,
1791 3215 1923 3255 etiam
1957 3217 2188 3266 superstes

211 3287 330 3326 esset
367 3297 499 3327 nemo
538 3285 665 3326 facile
706 3286 949 3338 negaverit.
1156 3290 1177 3326 7
1218 3286 1360 3326 Huius
1398 3287 1688 3338 magistratus
1726 3287 2185 3328 Halicarnassensium

212 3356 347 3397 etiam
379 3358 423 3396 in
455 3357 552 3397 aliis
583 3358 727 3398 titulis
758 3358 928 3398 mentio
962 3356 1022 3398 fit.
1084 3357 1144 3398 Cf.
1177 3356 1305 3410 Syll.2
1326 3361 1392 3410 40,
1417 3361 1454 3398 7.
1489 3361 1555 3411 44,
1581 3362 1617 3399 6.
1652 3362 1746 3411 604,
1770 3363 1808 3399 4.

327 3551 392 3605 17
454 3557 645 3606 Titulus
701 3560 816 3623 rupi
870 3559 1055 3608 incisus
1110 3560 1161 3607 in
1218 3559 1382 3607 insula
1434 3558 1602 3624 Cypro
1657 3574 1820 3625 prope
1874 3555 2189 3607 Larmlcam

214 3636 472 3705 Lapethu.
556 3642 681 3691 Edd.
740 3646 817 3691 W.
858 3645 918 3694 H.
955 3645 1297 3708 Waddington
1353 3658 1432 3708 ap.
1493 3645 1654 3694 Lebas
1706 3647 1854 3694 inser.
1901 3645 1981 3707 ΙΙΙ,
2028 3641 2184 3691 2778.
