2314 3970
76 196 173 249 243]
510 193 758 235 Antiochus
791 193 847 233 111
878 192 1064 245 Magnus
1096 191 1335 243 (223—487
1359 203 1398 233 a.
1421 191 1521 233 Chr.
1543 192 1615 243 n.).
1947 193 2048 244 397

217 368 437 440 χαίρειν·
495 367 542 418 οἱ
589 364 900 438 ἀφιΙκόμενοι
934 363 1083 436 π’]ρὸςΓ
1111 365 1247 435 ἡμᾶς
1284 361 1540 434 Κυμαῖοι4
1575 365 1831 436 πρότερ[ον
1869 395 2050 404 ------

218 486 275 516 —-⁴
279 483 678 494 -------------
714 451 801 506 καὶ
837 455 921 506 νῦν
959 483 1077 491 ----
1106 450 1112 523 Ι
1139 482 1319 491 ------
1328 451 1346 521 ]
1380 452 1501 522 ἡμῖν
1532 454 1600 506 ὢν
1630 453 1861 512 ἰδιόξενος
1888 454 2052 524 ἐμφα-

163 557 187 596 5
216 541 361 610 [νίζει
405 569 1211 579 --------------------------
1246 537 1262 609 ΙΙ
1298 568 1446 578 -----
1457 539 1524 610 μὴ
1573 539 1917 612 κΙαθυστερεῖν
1966 539 2052 593 καὶ

220 649 287 698 μη
295 627 484 698 δεμίαΙν
494 658 675 666 ------
682 627 713 695 ].

0 791 7 812 Ι
76 790 187 844 quid
222 789 357 831 video
394 789 559 830 melius
597 789 812 830 convenit
855 798 995 840 quam
1041 786 1228 827 secundi
1270 786 1413 827 initio.
1474 786 1639 828 Contra
1682 789 1728 828 in
1774 771 2089 843 argumentos

77 863 298 916 quantum
330 862 385 902 de
422 873 476 902 eo
517 861 708 902 iudicari
746 860 918 913 patitur
957 859 1117 899 mutila
1156 857 1320 911 lapidis
1358 857 1580 912 condicio,
1618 870 1725 900 sane
1763 861 1912 913 aliqua
1949 864 2056 903 sunt

8 965 9 969 ,
77 946 193 988 quae
231 935 277 974 in
316 933 525 974 Antiochi
554 933 612 973 III
651 933 798 985 Magni
835 933 1041 984 aetatem,
1084 931 1139 971 de
1179 942 1270 983 qua
1306 930 1515 972 Hicksius
1554 932 1888 986 interpretatur,
1934 934 2057 975 haud

77 1007 194 1048 male
215 1005 451 1059 quadrent.
502 1005 650 1058 Atque
668 1004 876 1046 Hicksius
896 1003 1081 1056 quidem
1102 1003 1251 1043 hieme
1279 999 1402 1058 ⁴92l⁴
1433 1014 1470 1043 a.
1494 1003 1594 1044 Chr.
1618 1003 1826 1046 Chalcide
1846 1005 2057 1047 Euboeae

9 1101 11 1132 Ι
78 1080 266 1120 missam
298 1078 457 1120 statuit
486 1077 741 1131 epistulam.
890 1079 912 1115 3
953 1075 1184 1129 Ephesum
1206 1086 1286 1128 per
1307 1076 1514 1128 tempora
1534 1075 1641 1116 belli
1662 1077 1785 1129 quod
1804 1078 2058 1119 Antiochus

10 1133 12 1205 Ι
78 1152 239 1193 contra
275 1151 503 1192 Romanos
548 1150 733 1203 gerebat
776 1149 1017 1190 stationem
1063 1148 1219 1189 classis
1266 1148 1413 1200 regiae
1450 1150 1496 1189 et
1536 1149 1720 1191 omnino
1765 1152 2058 1203 praecipuam

78 1223 232 1266 sedem
269 1224 507 1276 copiarum
551 1223 650 1264 eius
694 1233 777 1275 per
805 1221 936 1262 Asiae
975 1221 1164 1262 minoris
1208 1223 1362 1274 partes
1402 1221 1702 1263 occidentales
1742 1221 1880 1263 fuisse
1925 1223 2060 1264 docet

79 1368 267 1411 discidia
297 1367 511 1409 habuisse
542 1367 737 1419 ideoque
767 1367 891 1408 cives
922 1365 1145 1419 quosdam
1177 1368 1393 1419 questum
1430 1366 1487 1407 ad
1524 1378 1677 1419 regem
1714 1368 1907 1422 misisse,
1948 1381 2060 1421 quo-

80 1452 183 1482 rum
212 1439 426 1494 precibus
456 1440 693 1494 permotus
722 1438 796 1480 ille
827 1439 908 1480 has
939 1439 995 1481 ad
1026 1439 1246 1492 Ephesios
1276 1440 1448 1480 litteras
1475 1439 1674 1482 dedisset
1703 1451 1924 1494 perquam
1956 1453 2061 1494 pro-

79 1513 291 1554 babiliter
336 1513 530 1554 coniecit
567 1512 715 1554 Hicks.
785 1511 931 1560 Quare
969 1513 1008 1553 si
1046 1512 1185 1553 modo
1231 1512 1304 1553 ille
1354 1513 1536 1553 omnino
1580 1514 1701 1554 recte
1746 1514 1930 1555 titulum
1974 1514 2062 1555 An-

79 1585 221 1626 tiochi
251 1586 309 1626 III
354 1586 489 1627 aetati
527 1584 774 1626 vindicavit
814 1584 919 1636 (not.
948 1584 1002 1638 2),
1049 1586 1208 1637 utique
1255 1586 1357 1625 ante
1396 1585 1699 1638 Cymaeorum
1741 1585 1797 1626 ad
1834 1587 2062 1628 Romanos

81 1658 377 1700 defectionem
399 1657 466 1710 (cf.
490 1658 584 1699 Liv.
599 1657 817 1711 XXXVII,
837 1660 904 1711 44,
924 1660 991 1698 45.
1023 1657 1261 1711 XXXVIII,
1280 1660 1347 1711 39,
1367 1657 1420 1711 8),
1452 1669 1569 1711 quae
1590 1660 1695 1711 post
1716 1658 1889 1700 cladem
1913 1672 1938 1700 a
1959 1671 2062 1712 rege

82 1730 139 1772 ad
169 1729 498 1784 Thermopylas
529 1731 760 1783 acceptam
794 1729 824 1782 (4
839 1732 882 1769 94
913 1741 950 1770 a.
974 1729 1075 1770 Chr.
1097 1729 1154 1781 n.)
1187 1729 1364 1783 accidit,
1395 1730 1480 1771 hae
1511 1730 1687 1772 litterae
1717 1732 1913 1785 scriptae
1944 1733 2062 1773 sunt.

192 2016 304 2071 243
370 2019 654 2086 Calymnae.
746 2020 823 2069 Ex
877 2020 1194 2088 apographO,
1253 2022 1391 2087 quod
1447 2022 1655 2073 miserat
1710 2024 1914 2091 Biliotti,
1983 2025 2061 2074 ed.

23 2124 25 2184 Ι
84 2107 137 2157 Ε.
155 2107 342 2173 Loewy
365 2106 701 2174 Arch.-epigr.
730 2107 891 2157 Mitth.
920 2123 1013 2158 aus
1040 2108 1358 2158 Oesterreich
1385 2110 1472 2159 VII
1499 2109 1538 2176 (4
1555 2109 1674 2175 883)
1709 2126 1758 2177 p.
1787 2111 1888 2160 ⁴35
1924 2127 1970 2161 n.
1998 2113 2063 2161 69

23 2201 28 2348 Ι
87 2190 157 2260 (Ρ.
187 2194 527 2244 Miillensiefen
565 2209 646 2260 ap.
691 2193 862 2245 Collitz
902 2194 985 2245 Gr.
1016 2195 1400 2246 Dialektinschr.
1429 2197 1495 2246 III
1531 2213 1581 2263 p.
1613 2198 1715 2246 305
1755 2213 1804 2249 n.
1834 2199 1974 2248 3566
1996 2197 2062 2264 a).

217 2329 400 2394 ’Έδοξε
449 2344 512 2406 τᾷ
566 2338 723 2407 βουλᾷ
766 2336 852 2390 καὶ
900 2340 992 2390 τῶι
1039 2336 1046 2408 Ι
1095 2335 1266 2408 ὃάμωι
1313 2342 1410 2392 τῶν
1460 2337 1783 2410 Καλυμνίων,
1838 2341 1844 2412 Ι
1890 2341 2066 2412 γνώμα

174 2436 199 2476 5
228 2425 532 2493 προστατᾶν·
596 2423 769 2494 ἐπειδὴ
821 2423 827 2494 Ι
876 2422 1140 2485 Μενέλαος
1190 2423 1538 2497 Μενεκράτευς
1575 2424 1591 2498 ΙΙ
1622 2423 1871 2498 Ῥόδιοςῑ,
1923 2429 2066 2500 φίλος

230 2511 299 2562 ὢν
346 2512 434 2562 τοῦ
486 2510 732 2582 βασιλέως
781 2510 786 2580 Ι
836 2505 1132 2583 Ἀντιόχουῖ,
1190 2511 1361 2573 εὔνοός
1407 2514 1513 2567 ἐστι
1558 2517 1650 2567 τῶι
1698 2514 1703 2585 Ι
1754 2513 1924 2586 ὃάμωι
1969 2518 2066 2570 τῶν

230 2593 534 2667 Καλυμνίων
579 2595 666 2650 καὶ
706 2597 712 2669 Ι
751 2599 1070 2670 πολυ(ω)ρεῖ3
1116 2597 1312 2653 πάντων
1359 2604 1454 2654 τῶν
1493 2602 1771 2671 πολιτ(ἇ)ν4
1812 2601 1817 2673 Ι
1858 2633 2069 2642 -------

96 2685 99 2688 ’
144 2696 197 2737 10
226 2683 384 2755 ----ΙΙ
407 2715 650 2724 --------
678 2681 961 2756 Ἀθηναίων
1004 2685 1010 2757 Ι
1052 2716 1293 2726 --------

203 2845 397 2886 Litterae
434 2845 640 2898 volgares
677 2847 856 2900 praeter
894 2848 989 2890 ΞΣ.
1167 2851 1183 2888 4
1233 2848 1486 2890 Menelaum
1524 2850 1752 2903 quendam
1793 2851 1849 2893 ab
1880 2851 2068 2893 Alexan-

92 2915 231 2957 drinis
272 2917 329 2958 ad
365 2916 638 2959 Antiochum
666 2918 768 2959 XIII
805 2918 1055 2960 Asiaticum
1095 2919 1295 2972 legatum
1333 2922 1455 2975 apud
1485 2922 1790 2976 Porphyrium
1830 2923 1888 2976 (C.
1910 2923 2071 2965 Miiller

90 2988 261 3042 Fragm.
291 2990 395 3031 hist.
428 2989 498 3030 Gr.
528 2990 586 3030 111
616 3001 659 3044 p.
684 2994 764 3032 746
794 2991 846 3033 fr.
869 2992 936 3044 26)
975 2995 1329 3035 commemorari
1369 2993 1631 3036 observavit
1670 2996 1851 3048 Loewy.
1924 2996 2069 3044 Quem

91 3061 241 3103 tamen
270 3063 345 3104 hic
375 3062 616 3115 significari
647 3065 911 3118 neutiquam
942 3065 1159 3108 credibile
1190 3067 1302 3109 mihi
1332 3067 1526 3109 videtur.
1577 3067 1692 3110 Nam
1715 3080 1860 3122 neque
1880 3068 2069 3111 Alexan-

93 3131 245 3175 drinos
274 3134 447 3176 Rhodio
479 3135 660 3177 homine
689 3136 834 3189 legato
864 3149 1030 3180 usuros
1060 3139 1199 3180 fuisse
1231 3140 1458 3193 existimo,
1491 3151 1637 3193 neque
1666 3141 1921 3182 litteratura
1951 3142 2071 3182 tituli

93 3203 156 3246 illi
185 3207 329 3248 aetate
360 3208 584 3250 convenit.
635 3207 781 3257 Quare
810 3212 967 3263 potius
992 3212 1034 3252 ei
1054 3213 1264 3265 tempori,
1290 3223 1381 3266 quo
1404 3212 1626 3265 Calymnii
1657 3214 1702 3253 et
1730 3213 1890 3254 Rhodii
1911 3214 2070 3254 etiam-

93 3277 192 3319 tum
227 3280 352 3332 regni
390 3280 726 3322 Seleucidarum
763 3282 901 3324 vicini
939 3286 1078 3338 erant,
1116 3285 1301 3325 titulum
1338 3284 1536 3338 vindico,
1578 3286 1630 3325 ut
1667 3296 1787 3326 unus
1826 3296 1882 3326 ex
1922 3286 2070 3327 tribus

41 3335 46 3410 Ι
96 3350 253 3401 primis
294 3351 530 3394 Antiochis
572 3353 871 3407 intellegatur.
1017 3360 1041 3397 2
1085 3356 1146 3399 Cf.
1189 3359 1279 3398 not.
1303 3360 1341 3397 4.
1499 3360 1521 3395 3
1565 3358 1856 3399 ΠΟΛΥΘΡΕΙ.
1907 3358 2070 3399 Emen-

42 3414 46 3436 ¹
98 3419 221 3463 davit
256 3423 574 3466 Miillensiefen.
729 3428 753 3466 4
797 3428 1074 3472 ΠΟΛΙΤΩΝ.
1125 3429 1396 3470 Emendavit
1425 3429 1732 3470 Miillensiefen
1772 3441 1861 3471 non
1899 3431 2070 3484 impro-

44 3490 48 3543 ξ,
97 3479 317 3549 babiliter,
347 3498 430 3538 etsi
457 3498 652 3549 volgaris
682 3498 816 3540 flexio
846 3502 997 3553 potest
1026 3502 1162 3542 etiam
1193 3501 1249 3543 ad
1279 3501 1497 3554 lapicidae
1528 3502 1750 3543 incuriam
1783 3502 1951 3557 referri,
1991 3503 2070 3555 qui

44 3567 50 3631 Ι
100 3563 234 3605 simili
262 3568 558 3611 inconstantia
588 3582 630 3612 v.
654 3573 706 3611 40
738 3565 969 3628 Ἀθηναίων
999 3575 1212 3616 exaravit.

78 1296 191 1338 Livii
212 1296 411 1337 narratio
434 1294 651 1348 XXXVII,
674 1297 742 1348 40,
767 1297 833 1338 40.
856 1297 924 1335 44.
957 1296 1018 1346 44,
1043 1296 1081 1334 2.
1125 1293 1272 1334 Hicks.
1420 1295 1443 1333 4
1484 1293 1706 1347 Cymaeos
1728 1306 1833 1335 cum
1855 1295 2060 1349 Ephesiis
2128 1318 2131 1321 -
