2314 3970
55 249 124 303 9ο]
529 246 771 288 Ptolemaei
794 245 828 286 V
862 247 1208 287 monumentum
1240 245 1547 288 Rosettanum.
1930 248 2030 298 149

202 422 418 493 φικεν46,
458 421 592 478 ὅπως
630 421 660 472 ὅ
695 439 748 471 τε
787 416 963 478 λαὸς47
1000 416 1084 470 καὶ
1123 419 1170 470 οἱ
1209 417 1356 471 ἄλλοι
1383 417 1620 478 πάντες48
1658 420 1708 472 ἐν
1751 416 1756 488 Ι
1798 418 2032 487 εὖθηνίαι

199 509 318 560 ὦσιν
374 503 454 558 ἐπὶ
500 510 587 575 τῆς
626 506 806 558 ἑαυτοῦ
845 505 1121 576 βασιλείας,
1168 502 1229 556 τά
1271 525 1323 558 τε
1362 501 1599 575 βασιλικὰ
1641 505 2031 576 ὀφειλήματα49,

200 594 232 647 ἃ
269 593 615 665 προσώφειλον
656 593 702 644 οἱ
741 594 791 645 ἐν
832 590 1091 662 Αἰγύπτωι
1127 590 1213 643 καὶ
1251 592 1298 643 οἱ
1336 593 1388 645 ἐν
1433 597 1516 663 τῆι
1559 594 1731 662 λοιπῆι
1782 590 2034 663 βασιλείαι

200 681 366 748 αὐτοῦ,
408 680 528 732 ὄντα
565 676 728 732 πολλὰ
767 681 857 732 τῶι
882 679 1138 749 πλήθειὸθ,
1182 678 1395 749 ἀφῆκεν,
1434 679 1520 732 καὶ
1556 678 1670 739 τοὺς
1709 681 1760 733 ἐν
1800 679 1907 739 ταῖς
1939 698 2034 749 φυ-

54 843 245 895 ideoque
283 852 371 881 non
410 851 509 881 esse
540 851 621 880 cur
652 839 763 880 illud
795 839 852 880 ab
882 838 979 879 aliis
1012 849 1063 879 ac
1094 838 1305 879 Romanis
1348 840 1547 891 primum
1586 840 1852 893 impositum
1891 840 2034 880 statu-

53 916 216 968 eretur,
250 913 512 954 observavit
542 912 746 952 Wilcken
779 912 849 952 Gr.
881 911 1068 951 Ostraka
1091 911 1127 949 lI
1149 922 1192 963 p.
1211 913 1306 951 248.
1361 910 1546 952 Accedit
1572 912 1698 964 quod
1730 913 1818 953 hoc
1847 912 2033 965 quidem

54 988 153 1029 loco
186 998 274 1027 non
305 987 397 1026 tam
431 996 572 1025 unum
605 986 779 1025 certum
811 983 1003 1035 vectigal
1045 983 1409 1036 commemorari,
1449 983 1526 1024 sed
1566 985 1691 1024 varia
1730 995 1892 1037 genera
1922 995 2035 1025 voce

56 1060 131 1102 vix
161 1051 311 1099 minus
340 1058 429 1099 late
468 1058 650 1110 patente
688 1068 825 1109 quam
857 1053 1058 1109 πρόσοδοι
1096 1055 1423 1108 comprehendi
1447 1058 1791 1108 exspectamus.
1843 1057 2035 1097 Distine-

53 1132 162 1173 tioni
194 1127 468 1189 φορολογιῶν,
508 1131 535 1170 i.
568 1141 604 1172 e.
638 1129 926 1182 vectigalium
957 1128 1181 1180 cuiusque
1221 1129 1397 1180 generis
1438 1140 1554 1182 quae
1595 1129 1798 1182 populus
1837 1129 2035 1182 pendere

54 1204 227 1256 debeat,
258 1204 303 1251 et
333 1201 568 1258 προσόδων,
606 1202 632 1243 i.
655 1213 693 1243 e.
726 1202 1005 1254 reliquorum
1036 1200 1282 1254 redituum,
1314 1201 1454 1242 veluti
1484 1213 1539 1243 ex
1570 1202 1790 1243 locatione
1822 1213 2034 1254 agrorum

52 1277 291 1329 regiorum,
324 1277 533 1317 accurate
564 1274 838 1328 respondere
858 1274 1084 1315 demotica
1106 1271 1264 1328 p-skdr
1285 1273 1485 1325 (reditus)
1516 1275 1561 1315 et
1584 1271 1738 1328 p-ho‘ti
1757 1273 2035 1328 (vectigalia),

53 1349 229 1390 monuit
258 1348 368 1389 Hess
399 1359 441 1400 p.
464 1350 532 1388 54.
711 1349 761 1387 45
801 1347 850 1387 In
890 1346 1084 1399 epistula
1115 1346 1304 1387 Herodis
1343 1346 1399 1387 ad
1437 1347 1682 1388 Dorionem
1733 1359 1848 1388 anno
1882 1350 1963 1388 465
1997 1359 2035 1388 a.

53 1420 150 1462 Chr.
173 1432 215 1462 n.
247 1420 349 1462 data
379 1421 559 1473 praeter
588 1420 673 1460 alia
704 1430 917 1472 agrorum
939 1429 1102 1471 genera
1132 1419 1267 1460 etiam
1298 1420 1466 1460 terram
1501 1416 1544 1459 ἐν
1576 1417 1726 1477 ἀφέσει
1758 1431 2035 1461 commemo-

51 1493 140 1536 rari
172 1492 238 1545 (cf.
262 1491 444 1534 Notices
483 1493 528 1533 et
566 1493 753 1533 extraits
785 1492 863 1532 des
895 1492 1167 1533 manuscrits
1198 1491 1338 1532 XVIII
1368 1494 1407 1545 2,
1440 1495 1550 1532 4865
1583 1503 1624 1545 p.
1652 1495 1732 1533 368
1774 1504 1815 1533 n.
1841 1495 1906 1545 63,
1932 1495 2034 1533 ⁴77:

50 1563 103 1606 τὰ
123 1570 206 1606 τῶν
230 1562 272 1605 ἐν
289 1562 438 1621 ἀφέσει
456 1562 529 1606 καὶ
548 1562 626 1619 τὴν
651 1563 776 1620 ίερὰ[ν
795 1561 1152 1621 γ]εωργοὺντω[ν])
1173 1565 1327 1604 monet
1342 1563 1595 1605 Lumbroso
1612 1565 1894 1605 Becherches
1911 1576 1953 1618 p.
1967 1568 2035 1618 90,

49 1649 189 1690 quam
219 1636 516 1691 probabiliter
546 1638 712 1679 conicit
742 1637 931 1678 eandem
960 1647 1073 1690 esse,
1105 1637 1234 1677 cuius
1257 1637 1494 1689 vectigalia
1521 1648 1600 1678 sex
1626 1637 1717 1678 fere
1747 1637 1903 1678 lustris
1933 1639 2035 1679 ante

52 1722 77 1751 a
108 1721 212 1763 rege
241 1710 431 1750 remissa
461 1710 562 1750 sint.
713 1711 763 1749 46
803 1709 856 1750 Ut
886 1709 960 1750 hic
989 1707 1156 1766 ἀφιέναι
1188 1709 1214 1749 i.
1239 1719 1275 1750 e.
1310 1710 1457 1750 totum
1491 1709 1722 1750 remittere
1753 1710 1959 1766 vectigal,
1992 1711 2039 1750 et

49 1779 278 1839 κουφίζειν,
310 1782 337 1823 i.
361 1793 396 1822 e.
422 1782 626 1823 minuere
655 1782 1006 1835 distinguuntur,
1040 1782 1105 1822 sic
1136 1782 1180 1822 in
1212 1781 1378 1822 TIberii
1399 1782 1639 1823 Alexandri
1670 1782 1818 1823 edicto
1851 1783 1909 1835 (C.
1933 1784 1962 1823 I.
1987 1783 2035 1823 G.

54 1856 177 1908 4957,
201 1854 268 1906 26)
300 1855 463 1907 legitur
493 1853 588 1911 περὶ
607 1859 691 1896 τῶν
723 1852 922 1896 ἀτελειῶν
952 1853 1025 1896 καὶ
1045 1851 1370 1911 κουφοτελειῶν.
1417 1855 1652 1896 Letronne.
1782 1858 1832 1895 47
1866 1855 2035 1908 Volgus

51 1925 394 1980 Aegyptiorum,
427 1927 670 1980 praecipue
702 1926 886 1980 opifices
918 1928 963 1967 et
994 1927 1230 1979 agricolae,
1271 1926 1417 1968 eidem
1460 1927 1550 1968 fere
1590 1928 1669 1980 qui
1714 1940 1754 1968 v.
1779 1931 1831 1968 52
1873 1926 2037 1970 ἰδιῶται

0 2016 2 2054 l
54 1999 336 2052 appellantur
365 2000 417 2039 ut
447 1999 780 2052 distinguantur
811 2011 836 2040 a
867 1999 1194 2041 sacerdotibus.
1256 2000 1423 2041 Eadem
1457 2000 1500 2040 vi
1535 2000 1722 2053 pluralis
1755 1998 1795 2041 οί
1826 1998 1922 2041 λαοί
1961 2011 2036 2041 oc-

53 2071 194 2112 currit
222 2071 268 2112 in
298 2072 486 2124 papyris
517 2074 558 2112 et
598 2072 717 2124 apud
751 2071 990 2124 Polybium
1019 2072 1090 2125 IV,
1123 2075 1190 2125 52,
1222 2075 1268 2113 7:
1314 2070 1413 2118 τοὺς
1451 2070 1583 2118 λαοὺς
1622 2070 1694 2114 καὶ
1733 2070 1785 2124 τὰ
1822 2071 2037 2127 πολεμικὰ

54 2143 243 2199 σώματα,
281 2154 428 2196 neque
461 2144 654 2185 multum
687 2144 913 2198 discrepat
944 2145 1068 2185 notio
1100 2156 1217 2197 quae
1246 2145 1448 2186 cernitur
1478 2146 1524 2185 in
1556 2146 1823 2198 compositis
1854 2143 2036 2203 λαογρα-

54 2212 129 2273 φία
159 2217 263 2269 (not.
288 2216 354 2268 44)
386 2218 431 2258 et
448 2213 669 2273 λαοκριταί
691 2218 745 2270 (n.
774 2215 908 2268 4062).
952 2217 1187 2258 Letronne.
1336 2220 1388 2258 48
1429 2217 1553 2266 Quae
1584 2216 1699 2259 λαῶν
1731 2219 1914 2260 nomine
1946 2230 2035 2260 non

54 2289 367 2330 contineantur
401 2291 485 2330 tria
530 2290 819 2342 potissimum
861 2290 1099 2331 hominum
1138 2301 1300 2342 genera
1338 2292 1456 2343 sunt,
1503 2291 1684 2342 milites,
1730 2293 2036 2345 magistratus,

52 2361 318 2403 sacerdotes.
371 2361 501 2410 Quod
522 2362 738 2414 quoniam
761 2359 959 2418 εὐθηνίας
991 2363 1118 2403 notio
1141 2363 1359 2403 latissime
1389 2364 1514 2416 patet
1544 2365 1588 2403 et
1616 2375 1759 2416 aeque
1791 2364 1847 2405 ad
1879 2375 2037 2405 omnes

53 2433 312 2487 quicunque
354 2435 400 2474 in
439 2445 575 2487 regno
623 2436 730 2475 sunt
769 2436 956 2488 spectat,
1004 2446 1093 2476 non
1125 2436 1194 2476 est
1224 2436 1348 2488 quod
1380 2436 1619 2476 arctiorem
1652 2437 1746 2476 vim
1779 2436 2036 2478 tribuamus

53 2506 222 2547 'nomini
244 2517 296 2548 ac
316 2506 571 2548 sacerdotes
593 2508 884 2560 potissimum
907 2508 1271 2562 interpretemur,
1303 2510 1355 2548 ut
1376 2508 1480 2549 fecit
1499 2509 1733 2550 Drumann
1759 2509 1832 2550 hic
1853 2521 2037 2562 quoque

5 2581 7 2635 ζ
55 2572 240 2621 astutias
257 2579 477 2631 quasdam
501 2579 787 2620 sacerdotum
811 2579 1039 2620 odoratus.
1083 2580 1242 2633 Utique
1263 2582 1383 2621 recte
1407 2580 1524 2635 fecit,
1547 2581 1670 2634 quod
1686 2580 1859 2634 Heynio
1882 2583 2036 2634 gentes

8 2690 9 2703 ,
55 2651 178 2693 extra
197 2650 456 2704 Aegyptum
486 2652 581 2703 regi
603 2651 808 2693 subditas
830 2652 1103 2704 intellegenti
1125 2652 1371 2694 oblocutus
1394 2655 1475 2694 est.
1618 2656 1668 2694 49
1708 2653 1944 2695 Aerarium
1968 2666 2036 2695 re-

8 2761 10 2779 !
55 2721 178 2777 gium
198 2723 388 2775 privatis
410 2724 623 2776 pecunias
646 2725 828 2765 mutuas
851 2724 1028 2766 dedisse
1050 2727 1228 2766 constat
1251 2725 1319 2774 (cf.
1341 2725 1521 2766 Diodor.
1544 2727 1575 2779 I,
1599 2729 1666 2779 84,
1692 2730 1728 2766 8.
1782 2726 2034 2768 Lumbroso

9 2783 11 2834 J
55 2782 330 2837 Recherches
369 2806 448 2836 sur
488 2796 752 2838 l'economie
792 2797 1013 2850 politique
1053 2797 1108 2838 de
1139 2786 1344 2851 PEgypte
1375 2810 1417 2851 p.
1444 2799 1644 2852 3lsssq.);
1687 2799 1765 2840 sed
1804 2801 1925 2840 recte
1957 2800 2036 2840 Le-

55 2857 212 2908 tronne
244 2867 333 2908 hoc
363 2879 506 2909 unum
537 2868 792 2910 debitarum
824 2870 1121 2922 pecuniarum
1143 2881 1284 2923 genus
1315 2870 1504 2912 indicari
1536 2873 1680 2924 negat.
1732 2872 1876 2913 Immo
1899 2883 2036 2925 quae-

59 2932 231 2992 eunque
262 2939 468 2992 quolibet
498 2941 629 2982 titulo
660 2940 769 2982 fisco
801 2942 918 2994 regis
951 2942 1237 2996 deberentur,
1270 2944 1460 2996 remitti;
1501 2943 1552 2984 cf.
1587 2943 1742 2996 Polyb.
1765 2944 1902 2998 XXV,
1928 2948 1965 2997 3,
1990 2948 2034 2985 3:

14 3009 17 3072 ἰ
57 3007 263 3066 παρέλυσε
295 3009 341 3053 δὲ
370 3011 442 3054 καὶ
471 3011 568 3058 τοὺς
599 3010 643 3054 ἐν
675 3011 781 3071 αὐτῇ
813 3013 864 3073 τῇ
888 3010 1135 3070 Μακεδονίᾳ
1164 3019 1249 3056 τῶν
1283 3013 1515 3071 βασιλικῶν
1543 3013 1845 3073 ὀφειλημάτων
1869 3014 1904 3067 (ὁ
1927 3013 2035 3074 Περ-

14 3076 18 3112 ’ῑ
54 3077 178 3135 Βεῦς),
209 3080 349 3140 ἀφῆκε
381 3082 428 3125 δὲ
456 3083 530 3127 καὶ
559 3082 657 3132 τοὺς
683 3074 731 3126 ’ἐν
761 3088 855 3132 ταῖς
877 3083 1088 3142 φυλακαῖς
1120 3084 1492 3144 ἐγκεκλεισμένους
1515 3087 1583 3130 ἐπὶ
1609 3086 1849 3145 βασιλικαῖς
1871 3086 2035 3134 αἰτίαις.

58 3222 156 3273 τοὺς
183 3226 285 3283 πρὸς
315 3226 509 3286 ἀργύριον
542 3227 918 3286 συγκεκλειμένους
951 3229 1133 3274 ἀπέλυσε
1164 3234 1238 3273 τοῦ
1267 3231 1435 3290 χρέους,
1476 3230 1596 3279 ὄντος
1638 3230 1800 3274 πολλοῦ
1838 3230 2033 3288 πλήθους

19 3289 24 3340 Ξ
57 3292 102 3338 ’ἐν
130 3301 223 3345 ταῖς
254 3298 477 3356 φυλακαῖς.
538 3302 620 3342 Per
650 3314 791 3344 annos
823 3305 927 3345 octo
950 3306 1128 3357 priores
1160 3305 1285 3357 regni
1306 3305 1551 3358 Epiphanis
1585 3306 1774 3358 propter
1795 3306 2034 3347 continuas

13 3411 16 3421 ,
61 3369 214 3413 turbas
243 3373 384 3414 multa
414 3374 651 3426 vectigalia
682 3376 862 3417 residua
891 3376 1029 3418 fuisse
1057 3377 1201 3418 videri
1231 3377 1444 3418 observat
1464 3377 1710 3418 Drumann.
1879 3382 1928 3418 50
1963 3379 2034 3420 Sic

14 3439 18 3473 2
62 3439 338 3496 distinguunt
366 3445 616 3500 Ameilhon,
647 3447 892 3502 Drumann,
923 3449 1131 3502 Mahaffy,
1164 3451 1215 3490 ut
1245 3447 1384 3491 πολλὰ
1413 3448 1474 3504 τῷ
1501 3446 1660 3504 πλήθει
1691 3451 2032 3503 coniungantur.

27 3501 188 3567 lQuod
225 3518 380 3558 contra
420 3518 586 3572 Heyne,
624 3519 856 3574 Letronne,
896 3522 1051 3562 Strack
1091 3522 1310 3574 virgulam
1355 3523 1458 3574 post
1489 3519 1627 3562 πολλά
1669 3522 1848 3577 habent,
1892 3526 1944 3564 ut
1973 3524 2034 3580 τῷ

16 3585 23 3659 ἰ
61 3581 213 3642 πλήθει
243 3589 434 3640 pendeat
465 3590 520 3631 ab
551 3588 730 3647 ἀφῆκεν.
782 3593 895 3634 Illud
926 3595 1038 3634 mihi
1060 3594 1188 3646 longe
1210 3593 1556 3646 praeferendum
1579 3594 1779 3647 videtur;
1813 3598 1934 3637 certe
1966 3597 2031 3636 in-

18 3634 32 3707 5⁸
63 3653 176 3698 iuria
220 3659 437 3702 Letronne
483 3664 760 3705 structuram
804 3666 1013 3707 vitiosam
1061 3666 1269 3719 appellat,
1317 3677 1418 3706 nam
1468 3667 1521 3707 ut
1569 3666 1638 3707 τὸν
1680 3664 1862 3723 ἀριθμὸν
1905 3670 1950 3708 et
1979 3667 2041 3722 τῷ

33 3750 37 3808 φ
65 3722 244 3785 ἀριθμῷ,
273 3732 338 3772 sic
367 3734 500 3775 etiam
531 3733 578 3776 τὸ
609 3733 776 3792 πλῆθος
808 3738 853 3777 et
881 3737 940 3794 τῷ
966 3733 1125 3792 πλήθει
1157 3748 1297 3790 aeque
1328 3739 1448 3779 recte
1480 3749 1527 3779 se
1559 3738 1736 3780 habent.
