2314 3970
194 170 260 218 80
872 169 917 206 ll.
967 168 1163 214 Regnum
1198 167 1476 217 Lagidarum.
2039 167 2166 218 [54—

336 345 424 410 τῆς
482 337 553 400 ε’ίς
602 360 655 392 τε
705 340 916 410 βασιλέα
966 337 1279 407 Πτολεμαῖον
1322 338 1328 407 Ι
1368 337 1453 390 καὶ
1503 337 1585 391 τὸν
1635 339 1872 392 Διόνυσον
1922 337 2009 391 καὶ
2053 337 2167 399 τοὺς

253 434 306 475 20
339 425 520 485 ἄλλους
559 424 708 484 θεοὺς
747 422 832 477 καὶ
870 424 1066 483 εὐνοίας
1090 423 1106 494 ΙΙ
1133 428 1220 494 τῆς
1259 424 1330 483 εἰς
1367 423 1449 477 τὸν
1493 425 1707 495 βασιλέα
1743 424 1829 477 καὶ
1854 423 1968 484 τοὺς
1993 424 2168 478 τούτου

337 513 498 581 γονεῖς
535 511 621 563 καὶ
659 516 747 580 τῆς
777 510 782 579 Ι
812 511 882 569 εἰς
920 508 1032 569 τοὺς
1070 510 1295 581 τεχνίτας
1332 510 1485 581 τύχηι
1521 515 1605 579 τῆι
1632 510 1839 581 ἀγαθῆι.
1905 511 2172 564 ἀναθεῖναι

340 596 376 650 δ’
425 598 614 666 αὐτ[οδ]
656 596 662 667 Ι
704 595 791 649 καὶ
841 597 1012 649 εἰκόνα
1057 597 1280 668 γραπτὴν
1329 598 1379 649 ἐν
1425 603 1486 666 τῇ
1524 595 1825 666 προστάδι10
1859 601 1948 650 τοῦ
1986 617 2172 668 πρυτα-

338 685 485 737 νείου.
521 683 526 751 Ι
557 681 845 754 ἀναγράψαι
880 682 935 735 δὲ
959 682 1046 736 καὶ
1071 681 1152 735 τὸν
1178 683 1479 754 γραμματέα
1504 686 1591 735 τοῦ
1616 687 1783 736 κοινοῦ
1811 682 1819 753 Ι
1842 683 2172 754 Δήμαρχον11

256 780 308 820 25
340 770 393 823 τὸ
447 772 686 840 ψήφισμα
729 770 844 822 τόδε
882 771 954 829 εἰς
994 771 1177 839 στήλην
1218 766 1302 821 καὶ
1341 769 1606 821 ἀναθεῖναι
1641 767 1657 839 ΙΙ
1691 768 1786 839 πρὸ
1825 773 1911 822 τοῦ
1950 769 2046 822 νεὼ
2084 773 2170 822 τοῦ

339 856 608 909 Διονύσου·
663 854 717 908 τὸ
765 852 811 908 δ’
864 858 934 916 εἰς
979 852 1114 908 ταῦτ’
1172 853 1419 924 ἀνάλωμα
1461 854 1467 925 Ι
1510 857 1684 909 δοῦναι
1727 855 1809 908 τὸν
1859 856 2174 925 οἰκονόμον12

339 942 598 1013 Σωσίβιον.

342 1043 579 1114 Ζώπυρος
594 1045 632 1080 13
656 1046 681 1096 ὁ
703 1041 825 1114 πρὸς
851 1044 951 1103 τοῖς
981 1044 1128 1113 ἱεροῖς
1153 1047 1243 1113 τῆς
1268 1041 1576 1113 τριετηρίδος
1602 1040 1687 1094 καὶ
1717 1041 1724 1112 Ι
1755 1042 2112 1113 ἀμφιετηρίδος
2132 1044 2172 1077 ¹⁴

339 1129 424 1183 καὶ
461 1130 637 1183 τούτου
678 1130 889 1201 ἀδελφοί

268 1264 303 1298 a
341 1246 600 1306 Διονύσιος
614 1249 656 1282 1⁵
1375 1243 1621 1315 Θεογένης

254 1341 308 1382 30
339 1331 583 1403 Ταυρῖνος
599 1335 641 1368 15
1286 1339 1342 1380 40
1369 1327 1726 1401 Ἀρτεμίδωρος

340 1420 686 1490 τραγῳδιῶν
724 1417 977 1488 ποιηταί
1374 1418 1716 1488 κιθαρῳδός

341 1503 620 1564 Φαίνιππος
1375 1500 1635 1562 Μένιππος

341 1590 610 1661 Διόγνητος
1372 1590 1730 1660 κιθαριστής

343 1679 698 1747 κωμωιδιῶν
737 1676 986 1746 ποιηταί
1365 1671 1695 1746 <Ηρόικλειτος

257 1773 311 1812 35
344 1760 632 1834 Στράταγος
1289 1770 1344 1811 45
1377 1763 1682 1833 ὀρχηστής

343 1848 605 1908 Μουσαῖος
1375 1847 1689 1918 Πτολεμαῖος
1703 1851 1746 1884 ¹⁶

344 1939 496 1990 ἐπῶν
535 1934 785 2006 ποιηταί
1376 1966 1709 1973 ----------

345 2022 619 2093 Δήμαρχος
1376 2051 1709 2060 ----------

318 2201 370 2237 40
411 2196 472 2238 Cf.
504 2196 695 2250 Hesych.
735 2194 940 2253 προστάς·
980 2194 1212 2253 πρόστῳον.
1273 2196 1461 2237 Photius
1501 2196 1604 2237 Lex.
1637 2207 1671 2237 s.
1704 2194 1954 2254 προστασία·
1996 2192 2181 2252 Δίδυμος

200 2268 278 2324 τὴν
318 2265 573 2324 προστασίαν
612 2265 717 2324 φησὶ
753 2264 927 2310 κεῖσθαι
971 2267 1105 2320 (apud
1134 2267 1403 2309 Aeschinem
1431 2268 1481 2318 11,
1516 2267 1613 2318 405)
1660 2265 1751 2309 ἀντὶ
1790 2271 1869 2324 τῆς
1899 2267 2180 2326 προστάσεως,

201 2339 391 2382 τουτέστι
418 2344 496 2395 τῆς
528 2333 593 2381 ὑπ’
627 2337 750 2381 ἐνίων
781 2337 1016 2397 προστάδος
1045 2337 1331 2396 καλουμένης.
1382 2340 1531 2392 Etym.
1562 2341 1617 2381 M.
1653 2342 1749 2392 688,
1781 2341 1858 2381 34:
1905 2338 2122 2395 πρόδομος
2151 2339 2181 2394 ἡ

202 2412 282 2471 πρὸ
310 2416 388 2469 τῆς
418 2410 552 2458 οἰκίας
583 2410 698 2464 στοά,
739 2409 790 2466 ἢν
831 2410 904 2452 καὶ
941 2407 1148 2454 α’ίθουσαν
1185 2409 1311 2453 καλεῖ
1328 2403 1551 2466 (Όμηρος
1593 2409 1695 2452 ἔνιοι
1727 2409 1804 2464 μὲν
1836 2409 2044 2464 παστάδα,
2075 2411 2183 2458 τινὲς

203 2484 250 2526 δὲ
281 2482 495 2541 προστάδα
524 2480 916 2542 προσαγορεύουσιν,
945 2480 999 2538 ἣν
1020 2478 1223 2539 (Όμηρος
1251 2481 1466 2538 πρόδομον
1490 2479 1671 2538 εἴρηκεν.
1722 2482 1958 2524 Vitruvius
1980 2483 2051 2536 VI,
2075 2487 2113 2536 7,
2137 2487 2181 2524 ⁴:

203 2554 255 2599 id
276 2553 529 2611 peristylon
557 2553 612 2597 i‘n
640 2553 786 2597 tribus
809 2553 1021 2609 partibus
1059 2553 1188 2597 habet
1210 2553 1416 2609 porticus
1445 2553 1585 2608 inque
1613 2567 1668 2596 ea
1700 2556 1833 2608 parte
1873 2566 1986 2608 quae
2020 2557 2187 2609 spectat

204 2627 266 2671 ad
292 2625 532 2670 meridiem
562 2625 678 2668 duas
706 2629 841 2669 antas
885 2624 1005 2668 mter
1033 2639 1080 2668 se
1117 2624 1264 2681 spatio
1302 2624 1454 2680 amplo
1489 2623 1721 2679 distantw,
1761 2623 1817 2667 in
1845 2623 2010 2680 quibus
2039 2624 2185 2668 trabes

204 2698 494 2751 invehuntur,
524 2701 563 2740 et
593 2700 817 2752 quamtum
846 2696 967 2740 inter
986 2700 1122 2741 antas
1142 2696 1292 2751 distat,
1323 2710 1376 2740 em
1404 2710 1452 2739 eo
1477 2695 1611 2739 tertia
1630 2695 1810 2740 ademta
1828 2695 2032 2752 spatiwm
2051 2696 2187 2740 datur

204 2770 433 2815 ‘introrsus
463 2801 473 2812 .
505 2767 581 2812 hic
610 2769 731 2812 locus
759 2769 885 2824 apud
911 2768 1155 2812 nownullos
1177 2772 1373 2824 prestas,
1411 2768 1537 2823 apud
1563 2766 1681 2810 alios
1712 2771 1874 2823 pastas
1901 2767 2184 2811 nominatur.

207 2848 252 2884 44
293 2843 494 2884 Eundem
526 2842 647 2882 hunc
677 2852 776 2883 esse
807 2842 885 2893 qui
915 2853 957 2882 v.
983 2844 1034 2882 38
1066 2842 1202 2894 poEta
1232 2842 1388 2894 epicus
1410 2842 1723 2881 recenseretur
1751 2840 2050 2892 probabiliter
2080 2852 2185 2882 con-

205 2916 312 2957 iecit
339 2915 495 2956 Miller.
645 2916 696 2953 ⁴2
738 2912 798 2954 Cf.
831 2924 872 2953 n.
899 2917 966 2966 50,
990 2917 1056 2953 42.
1207 2916 1258 2952 43
1301 2913 1571 2964 Plerumque
1610 2912 1863 2953 sacerdotis
1904 2913 2068 2964 synodi
2107 2924 2185 2953 no-

207 2999 311 3028 men
339 2987 661 3039 praemittitur,
696 2995 843 3037 neque
874 2984 930 3025 ab
961 2996 1013 3025 eo
1046 2984 1191 3026 officio
1223 2995 1495 3037 magnopere
1527 2983 1706 3025 differre
1736 2983 2087 3025 existimandum
2118 2986 2187 3025 est

208 3059 332 3112 quod
360 3060 435 3099 hic
463 3057 689 3099 indicatur
718 3056 953 3098 vocabulis
995 3055 1017 3097 ὁ
1049 3053 1154 3111 πρὸς
1182 3058 1272 3101 τοῖς
1306 3053 1445 3113 ἱεροῖς.
1595 3058 1647 3096 44
1688 3055 1748 3096 Cf.
1782 3054 1940 3096 Suidas
1981 3052 2186 3111 ἀμφιετη-

209 3130 290 3188 ρίς’
337 3128 465 3185 ἑορτὴ
510 3123 598 3171 κατ’
627 3127 719 3174 ἔτος
762 3125 978 3184 γινομένη.
1054 3127 1350 3168 statuendum
1395 3127 1533 3179 igitur
1577 3129 1658 3180 est,
1715 3127 1956 3178 quotannis
2001 3127 2187 3180 quidem

208 3203 428 3254 Dionysia
457 3203 557 3243 acta
586 3211 698 3252 esse,
737 3210 933 3251 quorum
965 3199 1265 3239 caerimoniae
1296 3201 1402 3240 sunt
1437 3196 1491 3239 τὰ
1523 3196 1613 3253 ἱερὰ
1640 3203 1718 3254 τῆς
1750 3195 2068 3255 ἀμφιετηρίδος,
2107 3198 2187 3239 sed

210 3275 392 3315 alternis
433 3273 560 3314 annis
599 3273 669 3313 his
710 3271 820 3312 alias
860 3268 924 3322 (τὰ
963 3267 1053 3325 ἱερὰ
1090 3273 1168 3326 τῆς
1209 3267 1482 3325 τριετηρίδος)
1523 3271 1781 3311 accessisse.
1851 3269 2016 3310 Eadem
2054 3270 2186 3322 plane

211 3346 384 3387 ratione
413 3346 529 3385 inter
559 3355 607 3385 se
637 3344 925 3385 continentur
963 3339 993 3396 ἡ
1025 3340 1270 3396 πεντετηρὶς
1309 3346 1394 3382 τῶν
1420 3335 1691 3383 Ἐλευσινίων
1733 3343 1778 3382 et
1806 3338 1835 3395 ἡ
1866 3339 2072 3397 τριετηρὶς
2100 3346 2186 3382 τῶν

208 3413 475 3458 Ἐλευσινίων
507 3417 554 3456 in
583 3415 715 3456 titulo
746 3413 874 3467 Syll.2
894 3416 991 3466 587,
1013 3416 1108 3454 258.
1139 3416 1236 3454 259.
1268 3415 1364 3454 262.
1512 3416 1563 3453 45
1605 3413 1657 3453 Hi
1689 3415 1796 3454 sunt
1826 3413 1990 3464 Zopyri
2027 3412 2186 3453 fratres

212 3489 293 3541 qui
322 3498 428 3527 eum
467 3488 562 3527 sine
602 3486 740 3527 dubio
778 3487 824 3526 in
862 3485 1147 3527 caerimoniis
1188 3484 1452 3536 peragendis
1485 3484 1771 3525 adiuvabant.
1949 3487 2002 3524 46
2043 3485 2092 3524 ln
2122 3485 2187 3524 in-

213 3560 373 3601 feriore
410 3560 538 3610 parte
576 3558 710 3597 huius
751 3558 988 3598 columnae
1025 3557 1207 3597 nomina
1252 3555 1600 3607 rhapsodorum‚
1643 3555 1813 3607 quibus
1853 3554 2053 3607 profecto
2098 3566 2187 3595 non

214 3630 441 3671 caruerint
471 3628 715 3669 certamina
746 3628 1082 3680 Dionysiorum,
1113 3627 1394 3668 intercidisse
1415 3627 1673 3679 suspicatur
1692 3627 1846 3668 Miller.
