2314 3970
84 239 182 291 404]
461 237 743 278 Ptolemaeus
766 237 822 277 VI
855 238 1131 279 Philometor
1163 239 1193 289 (4
1207 241 1402 279 84—-446
1426 251 1465 280 a.
1490 240 1590 280 Chr.
1613 239 1684 290 n.).
1956 242 2062 293 181.

81 429 128 463 n.
157 413 200 461 II
249 412 558 479 (Sy11.1469.
632 411 719 462 Ch.
750 412 927 463 Michel
973 414 1175 464 Recueil
1213 411 1412 464 d’inscr.
1454 414 1538 465 Gr.
1577 431 1628 481 p.
1659 416 1760 464 843
1801 430 1847 465 n.
1882 414 2052 483 4454).

83 499 153 551 Cf.
194 513 322 566 quae
365 499 628 549 adnotavit
664 501 726 549 M.
757 500 809 550 L.
840 500 1021 551 Strack
1059 502 1183 551 Mus.
1221 501 1381 551 Rhen.
1419 503 1502 552 LV
1539 518 1587 568 p.
1622 502 1720 552 466
1743 518 1852 568 sqq.
1919 502 2051 553 Gott.

79 589 171 652 gel.
198 586 318 635 Anz.
350 586 487 635 4900
527 601 574 636 n.
607 587 637 635 8
676 602 726 653 p.
758 585 876 637 647.

220 726 517 798 Χρύσερμον
547 724 878 799 “Ηρακλείτου
909 725 1287 799 ἈλεξανδρέαῙ,
1345 729 1349 799 Ι
1402 728 1484 782 τὸν
1526 732 1772 802 συγγενῆ2
1809 731 2056 802 βασιλέως

190 889 381 930 Litterae
411 889 586 930 ΑΞΠΣ.
733 892 749 928 4
799 888 854 929 Et
885 899 1048 929 nomen
1079 889 1123 928 et
1154 887 1358 930 condicio
1399 890 1594 931 hominis
1626 891 1829 944 suadent,
1867 893 1919 932 ut
1949 902 2054 932 eum

57 961 322 1003 ‚referamus
353 960 410 1001 ad
440 960 654 1002 familiam
686 961 851 1002 eximia
872 961 1013 1013 gratia
1037 959 1158 1013 apud
1180 960 1461 1002 Ptolemaeos
1482 962 1732 1016 florentem,
1765 964 1895 1004 cuius
1927 966 2055 1016 quat-

76 1037 182 1075 tuor
211 1034 415 1075 homines
446 1033 626 1074 aliunde
656 1034 880 1086 novimus,
912 1032 1219 1074 Ptolemaeum
1242 1032 1505 1085 Chrysermi
1538 1034 1579 1087 f.‚
1612 1035 1690 1087 qui
1720 1036 1837 1075 inter
1868 1035 2054 1077 familia-

75 1106 280 1147 rissimos
298 1106 539 1146 Ptolemaei
554 1105 615 1158 IV
631 1106 931 1158 Philopatoris
949 1106 1190 1156 (224-205
1208 1117 1245 1146 a.
1258 1105 1357 1146 Chr.
1371 1106 1427 1156 n.)
1446 1105 1531 1146 fuit
1547 1107 1783 1157 (Plutarch.
1796 1108 1960 1148 Cleom.
1973 1109 2054 1159 36),

75 1179 208 1220 huius
240 1177 356 1218 duos
387 1178 503 1219 filios
534 1178 613 1230 qui
644 1190 669 1219 a
694 1178 878 1231 Delphis
909 1178 1097 1230 proxeni
1129 1178 1348 1218 nominati
1380 1180 1498 1230 sunt,
1531 1179 1816 1220 Ptolemaeus
1849 1192 1885 1220 a.
1912 1177 2053 1233 488s7,

0 1270 2 1303 [
75 1251 239 1292 Glauco
270 1262 307 1291 a.
334 1246 462 1305 485l4
492 1261 530 1291 a.
553 1249 653 1290 Chr.
677 1261 732 1302 n.,
775 1249 968 1302 denique
1003 1251 1220 1302 nepotem
1252 1250 1477 1290 Galestam
1507 1251 1752 1292 Ptolemaei
1783 1251 1824 1304 f.,
1857 1253 1935 1304 qui
1966 1263 2055 1292 una

0 1314 3 1378 ᾖ
75 1334 177 1364 cum
208 1324 335 1375 patre
365 1322 615 1374 hospitium
647 1321 880 1374 publicum
906 1323 1065 1362 nactus
1097 1323 1166 1362 est
1197 1321 1263 1372 (cf.
1287 1321 1415 1374 Syll.2
1438 1325 1533 1375 268,
1561 1327 1654 1364 432.
1678 1326 1773 1363 433.
1797 1324 1909 1375 486).
1960 1324 2053 1364 Iam

75 1406 178 1436 cum
221 1394 608 1448 simplicissimum
639 1393 871 1435 videretur
905 1394 1056 1446 ipsum
1088 1394 1223 1435 huius
1263 1395 1419 1447 stirpis
1460 1397 1693 1436 auctorem
1725 1395 2053 1449 Chrysermum

2 1477 5 1534 γ
73 1467 149 1508 hic
178 1478 433 1520 agnoscere,
473 1467 582 1508 olim
614 1466 797 1507 titulum
830 1466 885 1507 ad
917 1467 1160 1508 Ptolemaei
1191 1467 1248 1506 III
1279 1467 1526 1519 Euergetae
1558 1470 1750 1508 aetatem
1782 1469 1948 1509 rettuli.
1998 1469 2055 1509 At

73 1551 177 1581 cum
209 1540 350 1581 multo
382 1540 682 1580 recentiorem
714 1550 813 1580 esse
844 1539 1008 1580 viderit
1039 1539 1268 1580 Strackius
1302 1541 1356 1591 (v.
1390 1542 1479 1581 not.
1505 1540 1557 1593 2),
1600 1541 1732 1581 aliam
1764 1551 1863 1582 esse
1894 1552 2054 1593 paren-

6 1635 7 1651 4
72 1612 186 1653 telae
214 1612 436 1653 rationem
461 1613 661 1664 apparet,
693 1622 809 1663 quae
831 1612 1122 1664 potissimum
1155 1612 1213 1653 sit
1243 1612 1362 1653 latet.
1415 1612 1543 1653 Haud
1565 1613 1927 1665 improbabiliter
1947 1625 2054 1654 sane

6 1666 9 1748 f
71 1684 191 1725 illius
223 1684 397 1736 antiqui
428 1683 690 1736 Chrysermi
721 1683 861 1724 filium
894 1683 1183 1737 Heraclitum,
1226 1686 1438 1737 nepotem
1471 1685 1797 1737 Chrysermum
1831 1687 2051 1726 minorem

8 1753 9 1762 ¹
73 1767 208 1809 quem
239 1756 313 1797 hic
342 1755 564 1797 habemus
597 1756 821 1797 statueris.
970 1759 993 1796 2
1035 1756 1099 1796 De
1120 1757 1207 1797 hoc
1227 1757 1412 1798 honoris
1434 1756 1671 1810 vocabulo,
1705 1757 1827 1809 quod
1855 1758 2053 1809 primum

9 1868 11 1887 γ
74 1828 279 1868 omnium
309 1828 549 1869 hominum
580 1829 659 1880 qui
691 1829 735 1868 in
767 1828 868 1869 aula
898 1828 1257 1869 Ptolemaeorum
1290 1828 1590 1870 versabantur
1629 1829 1833 1870 ordinem
1872 1830 2053 1882 indicat,

71 1899 125 1941 cf.
164 1900 199 1941 J.
222 1900 270 1941 G.
291 1900 496 1953 Droysen
532 1900 685 1941 Kleine
726 1899 945 1941 Schriften
975 1901 1013 1940 11
1055 1912 1096 1953 p.
1133 1904 1228 1941 369.
1290 1901 1337 1941 G.
1361 1900 1613 1942 Lumbroso
1655 1902 1933 1942 Becherches
1975 1913 2054 1942 sur

70 1969 227 2014 l’econ.
265 1973 483 2026 politique
524 1973 579 2014 de
618 1961 820 2026 l’Egypte
858 1984 901 2026 p.
927 1976 1007 2014 489
1027 1983 1124 2026 sqq.
1187 1973 1231 2014 U.
1262 1973 1466 2014 Wilcken
1506 1974 1672 2014 Archiv
1712 1974 1784 2015 fiir
1828 1975 2055 2027 Papyrus-

71 2043 360 2097 forschungl
398 2056 440 2098 p.
465 2047 546 2086 225
579 2047 730 2086 not.4.
792 2045 905 2086 Rara
945 2047 1014 2086 est
1051 2055 1209 2086 eorum
1256 2046 1377 2099 apud
1417 2047 1664 2099 scriptores
1705 2048 1949 2099 memoria;
1998 2047 2052 2088 cf.

72 2116 232 2158 Caesar
259 2117 304 2158 B.
327 2116 420 2158 Civ.
443 2117 515 2171 ΙΙΙ,
546 2120 642 2170 403,
666 2121 712 2157 2;
751 2114 823 2159 ibi
849 2128 959 2159 casu
987 2130 1066 2159 rem
1094 2119 1191 2160 erat
1218 2115 1514 2171 Ptolemaeus,
1539 2131 1656 2173 puer
1685 2120 1838 2172 aetate,
1869 2117 2054 2174 maym's

72 2185 214 2244 copiis
243 2201 348 2232 ewm
375 2202 526 2232 sorore
562 2186 795 2244 Cleopatra
825 2187 985 2232 bellum
1010 2202 1184 2245 yerem,
1221 2203 1361 2245 quam
1384 2187 1552 2245 paucis
1581 2193 1686 2233 ante
1714 2189 1946 2233 mensibus
1969 2203 2056 2246 per

73 2273 177 2304 suos
207 2259 489 2317 propmquos
528 2264 658 2316 atque
697 2259 870 2304 amieos
899 2274 1036 2317 reyno
1066 2260 1305 2317 cumularat.
1366 2263 1429 2303 Eo
1461 2262 1742 2316 frequentius
1773 2275 2053 2304 commemo-

74 2339 230 2375 rantur
258 2336 306 2375 in
335 2334 478 2375 titulis
511 2334 566 2385 (n.
590 2338 687 2387 405,
710 2336 749 2375 4.
794 2337 888 2387 432,
913 2338 950 2375 5.
987 2337 1082 2387 433,
1105 2338 1143 2375 4.
1179 2338 1275 2388 435,
1299 2338 1336 2375 5.
1371 2338 1468 2388 437,
1493 2338 1529 2376 8.
1572 2338 1668 2388 439,
1693 2337 1759 2375 44.
1785 2338 1851 2376 45.
1894 2338 1989 2387 440,
2014 2339 2051 2375 4.

76 2408 230 2458 446,3.
275 2409 430 2460 448,2.
473 2410 632 2459 454‚4.
675 2409 832 2458 452,4.
876 2409 1034 2458 453‚4.
1087 2410 1184 2459 455,
1208 2409 1245 2447 4.
1291 2410 1449 2458 457,4.
1493 2410 1589 2460 463,
1614 2410 1652 2448 3.
1696 2411 1789 2459 469,
1815 2410 1850 2447 4.
1893 2410 1988 2460 472,
2015 2411 2050 2448 3.

75 2480 169 2531 473,
192 2481 231 2519 2.
273 2481 369 2531 475,
394 2481 430 2518 4.
475 2482 570 2530 484,
597 2481 633 2518 3.
672 2479 767 2531 484,
791 2481 830 2518 2.
871 2481 966 2530 488,
991 2482 1029 2518 4.
1062 2481 1159 2530 494,
1183 2479 1235 2527 3).
1297 2480 1474 2531 Insigne
1513 2479 1683 2520 ordinis
1724 2490 2052 2520 commemora-

73 2551 149 2591 tur
176 2550 312 2592 fibula
335 2561 470 2591 aurea
490 2562 579 2603 qua
602 2550 785 2603 pallium
814 2550 858 2590 in
889 2561 1047 2590 umero
1070 2550 1387 2591 continebatur
1419 2550 1486 2601 (cf.
1508 2551 1686 2604 Joseph.
1709 2552 1807 2591 Ant.
1833 2551 1946 2603 XIII,
1971 2555 2050 2591 402

75 2619 212 2668 διδοὺς
243 2620 410 2678 πόρπην
440 2620 640 2679 χρυσέαν,
672 2621 730 2667 ὡς
763 2621 871 2662 ἔστιν
904 2620 1003 2668 ἔθος
1033 2620 1226 2664 δίδοσθαι
1255 2626 1344 2669 τοῖς
1373 2628 1456 2664 τῶν
1489 2621 1692 2677 βασιλέων
1726 2621 1975 2679 συγγενέσιν)
2008 2625 2054 2664 et

24 2715 27 2728 ·
74 2694 206 2735 mitra
236 2688 542 2747 (Ἀπολλώνιος,
584 2691 606 2734 ὁ
637 2690 906 2747 Πτολεμαίου
936 2696 1103 2750 κοῦρος,
1135 2692 1181 2735 ὃν
1215 2692 1410 2752 εὐέρκται
1442 2693 1582 2750 μίτραι
1613 2692 1875 2750 ἐπηγλοίῖσαν
1909 2708 2052 2751 συγγε-

73 2769 192 2820 νικῆς
232 2763 357 2822 δόξης
399 2764 507 2823 ἱερὸν
548 2763 673 2822 γέρας
712 2776 894 2807 carmen
937 2765 1059 2818 apud
1090 2766 1375 2807 Wilckenum
1407 2767 1433 2807 l.
1467 2766 1522 2818 1.).
1584 2767 1670 2808 Eos
1715 2778 1897 2809 mensae
1934 2769 2051 2819 regis

75 2836 302 2878 adhibitos
332 2837 380 2879 τὸ
408 2836 646 2894 συγγενικὸν
668 2835 833 2893 ἄριστον
865 2837 1067 2879 effecisse
1090 2838 1237 2891 (Maec.
1260 2839 1331 2892 111,
1356 2843 1393 2892 5,
1419 2843 1484 2880 39.
1510 2839 1575 2891 44)
1607 2842 1651 2879 et
1674 2839 1929 2880 Ptolemaeo
1951 2840 2050 2879 XIII

74 2909 263 2961 expulso
294 2921 383 2950 una
414 2920 518 2950 cum
549 2910 669 2950 illius
700 2909 789 2951 filia
821 2911 1031 2951 Berenice
1068 2921 1252 2963 regnum
1296 2911 1571 2963 gubernasse
1603 2911 1898 2963 (Porphyrius
1931 2911 2051 2963 apud

30 2999 33 3018 J
76 2979 317 3022 Eusebium
350 2981 553 3023 Chron.1
583 2993 625 3035 p.
650 2985 746 3035 468,
769 2985 822 3022 20
855 2983 1066 3035 Schoene)
1106 2982 1321 3024 observat
1351 2983 1619 3024 Lumbroso.
1681 2983 1772 3024 Hos
1811 2985 2050 3035 proximus

32 3063 34 3079 ’
76 3053 326 3106 excipiebat
357 3054 469 3095 ordo
499 3058 583 3095 τῶν
616 3052 833 3110 ὁμοτίμων
863 3058 954 3101 τοῖς
986 3053 1199 3113 συγγενέσι
1230 3056 1340 3109 (477,
1365 3056 1417 3109 6),
1460 3055 1619 3096 deinde
1661 3054 1936 3107 sequebatur
1965 3060 2049 3095 τῶν

32 3114 37 3164 ¹,
76 3121 553 3183 ἀρχισωματοφυλοίκων
590 3126 658 3178 (cf.
689 3139 731 3168 n.
755 3127 862 3179 991),
899 3129 998 3168 tum
1027 3133 1111 3168 τῶν
1144 3129 1322 3183 πρώτων
1354 3126 1489 3185 φίλων
1523 3127 1590 3180 (cf.
1622 3139 1663 3168 n.
1690 3126 1799 3180 993),
1832 3128 1937 3179 post
1966 3127 2049 3167 hos

34 3182 40 3255 ’)
75 3200 158 3238 τῶν
197 3195 328 3253 φίλων
370 3199 424 3250 (n.
451 3198 588 3251 4453),
626 3198 833 3240 infimum
874 3199 1068 3252 denique
1106 3201 1257 3242 locum
1297 3200 1480 3241 tenebat
1519 3204 1602 3240 τῶν
1641 3196 1852 3256 διαδόχων
1894 3199 2050 3239 classis

36 3258 37 3264 ¹
74 3266 288 3322 ’(14.4005).
348 3271 420 3311 Sic
462 3273 568 3324 post
606 3271 861 3323 Peyronum
904 3272 1122 3325 Droysen,
1168 3272 1435 3324 Lumbroso,
1482 3272 1652 3323 Strack‚
1699 3271 1785 3310 nisi
1826 3270 1949 3322 quod
1995 3270 2050 3311 de

78 3341 233 3382 mutua
260 3346 345 3382 τῶν
374 3343 552 3397 πρώτων
584 3340 718 3398 φίλων
750 3345 796 3384 et
823 3348 906 3384 τῶν
937 3341 1419 3402 ἀρχισωματοφυλάκων
1451 3344 1624 3384 ratione
1655 3353 1726 3382 res
1758 3342 1958 3383 nondum
1993 3343 2047 3383 ad

79 3409 296 3463 liquidum
326 3414 514 3466 perduci
546 3415 705 3466 potuit.
755 3415 813 3456 At
840 3417 1102 3469 nuperrime
1133 3416 1292 3457 eodem
1324 3418 1529 3468 tempore
1560 3415 1602 3455 P.
1621 3415 1773 3466 Meyer
1804 3415 1892 3455 Das
1915 3414 2048 3454 Heer-

41 3498 44 3503 ·
80 3492 226 3524 wesen
257 3484 336 3525 der
364 3485 616 3527 Ptolemaer
645 3487 738 3527 und
767 3487 931 3528 Romer
961 3489 1005 3528 in
1037 3488 1271 3540 Aegypten
1302 3498 1344 3540 p.
1370 3490 1416 3527 64
1445 3488 1535 3527 not.
1559 3489 1641 3526 206
1673 3487 1718 3526 et
1747 3486 1800 3526 M.
1823 3487 1867 3526 L.
1892 3487 2047 3527 Strack

26 3555 27 3558 ’
80 3553 187 3594 Mus.
208 3555 343 3597 Rhen.
366 3557 436 3596 LV
466 3568 508 3609 p.
535 3561 615 3597 466
634 3568 729 3610 sqq.
763 3562 1089 3612 perspexerunt
1120 3572 1143 3600 a
1174 3559 1308 3599 tertio
1343 3570 1379 3599 a.
1411 3558 1511 3598 Chr.
1545 3569 1585 3597 n.
1619 3558 1797 3598 saeculo
1829 3558 1950 3598 hunc
1981 3561 2047 3598 to-

81 3624 177 3665 tum
207 3625 472 3679 dignitatum
505 3629 753 3670 aulicarum
783 3632 987 3672 ordinem
1009 3633 1245 3672 etiamtum
1267 3630 1463 3671 alienum
1495 3629 1646 3671 fuisse.
1697 3630 1871 3670 Etenim
1904 3631 2047 3670 nullas

82 3694 267 3737 inveniri
308 3710 387 3751 per
426 3702 641 3753 quattuor
682 3703 934 3756 primorum
969 3704 1325 3744 Ptolemaeorum
1367 3713 1502 3754 regna
1540 3701 1647 3743 alias
1679 3703 1763 3745 nisi
1796 3702 2044 3743 officiorum

39 3841 47 3970 γ
