2314 3970
295 179 397 231 500
963 176 1012 215 V.
1059 176 1259 228 Regnum
1292 175 1603 216 Attalidarum.
2106 176 2263 229 [326—

429 347 705 400 Ἀττάλειον
723 349 765 382 13
810 345 864 398 τὸ
915 344 1035 417 πρὸς
1080 349 1171 398 τῶι
1215 344 1458 417 θεάτρωι,
1508 348 1533 398 ὃ
1572 345 1656 400 καὶ
1698 347 1703 417 Ι
1745 349 1843 406 ζῶν
1887 348 2263 418 καθιερώκει14,

432 436 534 493 τοῖς
569 430 906 492 Ἀτταλισταῖς
954 433 1250 502 ἀνατίθησιν
1289 433 1374 485 καὶ
1424 433 1512 504 τὴν
1561 433 1826 504 συνΙοικίαν
1873 435 1960 506 τὴν
2007 434 2129 505 πρὸς
2173 438 2264 487 τῶι

436 520 694 591 βασιλείωι
712 523 766 587 1⁵,
808 519 896 590 τὴν
936 520 1174 590 πρότερον
1215 519 1367 572 οὖσαν
1409 517 1728 590 Μικ[κά]Ιρου
1744 523 1798 572 ¹⁰.
1878 521 2169 591 ἀνατίθησιν
2211 522 2265 574 δὲ

436 605 519 658 καὶ
556 607 789 676 καθιεροῖ
826 610 910 676 τῆι
950 607 1163 659 συνόδων,
1199 604 1284 658 καὶ
1323 607 1560 677 ἀργυρίου
1590 607 1594 676 Ι
1625 603 1992 678 Ἀλεξανδρείου
2033 605 2266 679 δραχμὰς

344 706 398 747 25
433 693 613 763 μυρίας
659 690 743 745 καὶ
786 691 1136 757 πεντακοσίας,
1176 691 1191 762 ΙΙ
1229 688 1319 764 ἀφ’
1363 694 1430 745 ὧν
1470 694 1527 745 ἐκ
1563 698 1652 762 τῆς
1699 695 1946 763 προσόδου
1997 694 2175 753 θυσίας
2213 714 2266 746 τε

432 777 517 830 καὶ
557 780 792 838 συνόδους
838 778 1282 848 [πε]ποιή1μεθα17,
1333 778 1506 837 καθὼς
1552 778 1699 838 αὐτὸς
1749 782 1799 832 ἐν
1845 785 1929 850 τῆι
1971 780 2267 849 νομοθεσίαι

431 862 543 936 περὶ
581 863 803 918 ἑκάστων
844 867 849 935 Ι
890 865 1219 936 δια[τέ]ταχεν
1236 867 1302 901 ¹⁸·
1368 865 1662 935 ἀνατίθησιν
1703 865 1757 918 δὲ
1796 865 1881 918 καὶ
1920 868 2129 936 σώματα
2165 870 2267 926 τοῖς

430 947 782 1022 Ἀτταλισταῖς,
826 951 831 1022 Ι
871 950 986 1022 περὶ
1031 951 1193 1021 (ὧ)ν19
1237 948 1301 1004 τὰ
1350 951 1438 1022 <α>
1483 949 1614 1005 κατὰ
1666 952 1813 1023 μέρος
1859 952 1981 1023 ὑπὲρ
2032 951 2265 1006 ἁπάντων

406 1188 458 1225 43
499 1185 590 1239 Tei,
630 1196 719 1226 non
760 1185 976 1238 Pergami,
1018 1186 1070 1225 ut
1100 1184 1326 1225 Boeckhio
1357 1185 1509 1226 visum
1541 1187 1620 1226 est.
1682 1184 1767 1233 Qui
1805 1185 1927 1237 quod
1959 1197 2001 1226 v.
2031 1189 2098 1227 45.
2130 1189 2183 1227 46
2224 1186 2266 1228 ἐν

290 1254 519 1314 Περγάμωι
550 1258 679 1310 quasi
702 1258 1015 1298 testimonium
1038 1268 1147 1298 suae
1167 1257 1413 1298 sententiae
1434 1256 1576 1310 affert,
1610 1268 1782 1310 nequeo
1804 1258 1914 1298 satis
1937 1258 2102 1299 mirari.
2153 1258 2267 1300 Nam

289 1329 399 1382 quid
431 1341 485 1370 ex
517 1330 615 1370 loco
647 1329 727 1370 ubi
749 1329 881 1370 Crato
914 1329 1108 1370 decessit
1138 1316 1192 1369 d'e
1225 1329 1316 1369 situ
1336 1328 1499 1369 Attalei
1529 1329 1678 1381 colligi
1708 1327 1890 1382 potest?
1940 1328 2000 1370 Cf.
2033 1332 2267 1382 praeterea

288 1405 380 1444 not.
405 1406 442 1442 4.
465 1405 533 1443 45.
710 1405 759 1441 44
807 1401 887 1442 Hic
926 1401 1203 1453 distinguere
1241 1401 1392 1454 malui,
1433 1413 1571 1454 quam
1609 1412 1715 1442 cum
1745 1401 1970 1442 Boeckhio
2010 1405 2101 1448 τοῖς
2130 1397 2267 1444 Ἀττα-

288 1473 450 1520 λισταῖς
481 1474 538 1515 ad
566 1471 825 1531 καθιερώκει
854 1473 1033 1514 referre.
1094 1473 1209 1515 Nam
1240 1475 1278 1514 si
1315 1474 1406 1514 iam
1437 1474 1573 1514 vivus
1603 1474 1825 1515 Attalistis
1866 1473 2114 1515 donaverat
2143 1474 2268 1516 delu-

289 1547 438 1600 brum,
478 1546 709 1599 quomodo
740 1546 860 1587 idem
891 1548 1163 1587 testamento
1206 1546 1270 1586 eis
1302 1546 1556 1599 relinquere
1586 1544 1794 1599 poterat?
1844 1547 1989 1587 Immo
2020 1547 2086 1587 sic
2116 1558 2188 1588 res
2219 1558 2268 1588 se
2313 1580 2314 1583 ,

288 1620 446 1660 habet:
486 1619 716 1672 quondam
754 1619 801 1659 in
839 1630 922 1660 suo
964 1619 1060 1660 solo
1096 1618 1248 1659 fanum
1288 1620 1574 1660 exstruxerat
1613 1620 1659 1659 et
1700 1619 1791 1672 regi
1822 1618 1987 1659 divinis
2017 1618 2269 1661 honoribus
2313 1615 2314 1630 ³

289 1691 448 1734 affecto
482 1693 828 1733 consecraverat
858 1689 1161 1746 (καθιερώκει);
1192 1691 1237 1731 in
1258 1691 1483 1732 eiusmodi
1505 1690 1694 1732 aedibus
1724 1691 1915 1744 privatis
1935 1691 2122 1732 domino
2142 1691 2268 1733 fundi

289 1764 409 1805 idem
438 1764 511 1805 ius
540 1766 649 1817 erat,
689 1775 742 1804 ac
771 1763 1046 1816 reipublicae
1076 1764 1122 1803 in
1158 1763 1342 1815 templis
1373 1763 1581 1816 puhlicis.
1642 1762 1773 1811 Quod
1813 1763 1884 1804 ius
1922 1763 2009 1816 ille,
2047 1764 2132 1804 etsi
2171 1765 2267 1805 sine

290 1836 428 1877 dubio
459 1847 598 1877 usum
630 1835 807 1877 delubri
846 1836 1000 1877 statim
1042 1835 1271 1876 sodalitati
1309 1835 1622 1877 Attalistarum
1667 1838 1970 1888 concesserat,
2014 1837 2164 1877 tamen
2210 1835 2267 1877 ad

291 1910 411 1950 vitae
440 1911 622 1962 tempus
656 1909 859 1961 retinuit3
899 1909 1170 1950 testamento
1209 1907 1392 1948 demum
1424 1907 1470 1948 id
1501 1907 1558 1948 ad
1589 1907 1830 1960 collegium
1872 1920 1898 1949 a
1927 1919 1976 1949 se
2005 1909 2267 1950 institutum
2310 1932 2313 1967 ,π

290 1981 520 2022 transtulit
541 1981 644 2034 (τοῖς
663 1974 945 2026 Ἀτταλισταῖς
965 1977 1240 2035 ἀνατίθησιν).
1376 1983 1430 2021 45
1468 1980 1650 2032 Regiam
1672 1981 1994 2032 interpretatur
2014 1980 2267 2022 Boeckhius
2309 1967 2312 2008 Ᾰ

289 2055 425 2106 atque
462 2054 567 2094 hinc
596 2064 779 2105 quoque
817 2052 989 2104 colligit
1017 2052 1234 2106 Pergami,
1273 2064 1363 2093 non
1394 2052 1483 2105 Tei,
1524 2052 1750 2094 Attaleum
1788 2052 1926 2093 fuisse
1967 2052 2034 2104 (cf.
2067 2054 2159 2094 not.
2182 2054 2263 2106 43).
2308 2066 2310 2096 f

290 2127 346 2166 At
375 2137 481 2166 cum
512 2126 558 2166 in
586 2125 742 2166 multis
774 2124 1036 2166 civitatibus
1057 2125 1238 2166 Graecis
1268 2125 1585 2177 magistratum
1606 2125 1685 2178 qui
1715 2135 1843 2166 sacra
1872 2124 2055 2178 publica
2084 2127 2265 2167 curaret

289 2198 413 2250 regio
435 2198 617 2238 nomine
638 2208 774 2238 usum
796 2208 895 2239 esse
916 2198 1092 2238 constet
1113 2197 1180 2248 (cf.
1204 2198 1251 2238 G.
1275 2197 1446 2238 Gilbert
1467 2198 1539 2237 Gr.
1562 2197 2006 2238 Staatsalterthiimer
2026 2197 2063 2237 11
2085 2209 2127 2250 p.
2150 2199 2262 2251 274),
2306 2181 2308 2200 '

290 2271 504 2324 proclivis
541 2271 610 2311 est
639 2271 903 2311 coniectura
942 2270 1063 2311 idem
1093 2270 1170 2310 Tei
1208 2281 1391 2323 quoque
1422 2281 1511 2311 usu
1541 2270 1719 2310 venisse
1759 2271 1804 2310 et
1842 2270 1975 2310 aedes
2011 2270 2058 2311 in
2099 2270 2268 2323 quihus
2304 2278 2307 2294 ¹

290 2343 362 2383 ille
392 2342 538 2384 officio
563 2353 646 2384 suo
678 2341 940 2394 fungeretur
971 2339 1178 2397 βασίλειον
1211 2342 1458 2395 appellatas
1485 2353 1599 2383 esse.
1748 2346 1800 2382 46
1842 2343 1973 2383 ΜΙΚ.
1992 2373 2000 2382 .
2022 2339 2145 2398 ΙΡΟΥ
2176 2345 2268 2384 tra·
2302 2360 2305 2377 ε

288 2415 421 2456 ditur.
472 2410 687 2470 Μικρ[ί]ου
720 2414 912 2468 Boeckh,
950 2414 1076 2466 quod
1107 2426 1196 2456 non
1228 2416 1337 2456 satis
1368 2413 1764 2455 accommodatum
1796 2415 1865 2454 est
1895 2414 1984 2455 illis
2013 2414 2267 2456 litterarum

287 2487 503 2539 reliquiis.
565 2486 714 2534 Quare
745 2487 885 2527 malui
915 2482 1172 2542 Μικ[κά]ρου
1205 2487 1430 2540 supplere.
1490 2486 1605 2529 Nam
1636 2487 1722 2527 etsi
1759 2484 1912 2539 μίκκος
1942 2489 1988 2527 et
2017 2498 2133 2539 quae
2163 2487 2267 2529 inde

286 2558 566 2600 descendunt
584 2559 746 2600 Dorica
777 2562 895 2612 sunt,
929 2571 1017 2600 non
1038 2559 1201 2612 Ionica,
1232 2561 1384 2600 tamen
1414 2559 1489 2600 illa
1519 2561 1664 2601 aetate
1693 2559 1785 2600 iam
1815 2559 2000 2600 nomina
2027 2560 2265 2600 hominum

286 2631 491 2672 diversae
543 2631 728 2683 originis
773 2631 818 2671 in
866 2631 1079 2672 omnibus
1131 2631 1393 2672 civitatibus
1438 2632 1663 2684 permixta
1707 2631 2094 2684 repperiebantur.
2169 2633 2263 2673 Iam

284 2702 524 2744 Alexandri
554 2704 608 2744 M.
640 2703 924 2756 temporibus
966 2706 1199 2756 comparet
1227 2699 1452 2750 Μίκκαλος
1482 2702 1503 2746 ὁ
1536 2699 1830 2759 Κλαζομένιος
1871 2704 1993 2757 apud
2022 2704 2262 2745 Arrianum
2293 2694 2295 2712 ³

284 2775 424 2817 Anah.
446 2775 537 2828 VII,
562 2779 628 2828 49,
653 2779 690 2816 5.
840 2779 890 2815 47
934 2775 1187 2817 Perfectum
1221 2777 1412 2830 mireris,
1446 2777 1553 2829 quia
1583 2776 1638 2816 de
1669 2776 1994 2817 donationibus.
2019 2778 2262 2818 testamen-

283 2849 410 2889 tariis
451 2849 708 2889 constanter
745 2848 999 2900 praesentia
1036 2849 1206 2901 scripta
1246 2850 1355 2889 sunt
1394 2849 1450 2900 (v.
1474 2851 1518 2888 24
1559 2845 1818 2904 ἀνατίθησιν.
1864 2860 1908 2889 v.
1931 2851 1983 2888 23
2016 2846 2260 2905 ἀνατίθησιν

283 2919 353 2961 καὶ
383 2917 610 2975 καθιεροῖ),
640 2921 692 2960 ut
723 2920 809 2960 hoc
842 2920 1024 2960 demum
1056 2920 1236 2962 decreto
1268 2921 1324 2961 de
1355 2921 1628 2973 accipiendis
1658 2920 1792 2961 donis
1822 2922 1867 2961 et
1897 2921 1951 2961 de
1981 2932 2070 2962 usu
2100 2933 2259 2962 eorum

283 2993 558 3033 constituere
588 2991 798 3033 videatur
827 2992 1032 3045 synodus
1063 2992 1130 3044 (cf.
1163 2993 1298 3033 etiam
1330 3006 1372 3034 v.
1398 2996 1464 3034 34.
1490 2994 1571 3044 35).
1622 2992 1770 3041 Quare
1790 2992 1874 3034 fuit
1893 3004 1998 3033 cum
2021 2994 2260 3035 restituen-

282 3065 391 3105 dum
431 3064 676 3105 arbitrarer
707 3061 1039 3120 ποιη[σό][μεθα;
1080 3076 1132 3105 ac
1161 3065 1322 3106 lacuna
1353 3065 1535 3118 quidem
1570 3067 1674 3118 post
1714 3067 1743 3106 Η
1787 3076 1877 3106 non
1914 3065 2110 3107 indicata
2148 3066 2258 3107 nihil
2286 3034 2291 3163 Ἰ

282 3136 471 3182 haberet
501 3135 763 3176 offensionis
793 3137 980 3189 propter
1010 3147 1062 3177 ea
1093 3148 1208 3188 quae
1240 3139 1330 3178 not.
1354 3139 1375 3177 4
1410 3138 1616 3190 exposita
1637 3139 1755 3190 sunt,
1787 3137 1866 3178 sed
1886 3137 2009 3189 quod
2029 3139 2131 3178 ante
2164 3139 2255 3180 ΠΟΙ

282 3208 326 3246 in
358 3207 575 3248 Chishulli
606 3208 812 3261 exemplo
845 3207 1037 3248 duarum
1069 3208 1317 3249 litterarum
1341 3210 1485 3262 spatia
1516 3208 1824 3261 significantur
1854 3208 1900 3249 id
1920 3209 2150 3261 neglegere
2180 3211 2255 3251 vix
2284 3169 2289 3283 5

281 3279 397 3319 licet.
459 3278 606 3327 Quare
646 3280 735 3320 iam
778 3281 879 3321 ante
916 3280 1003 3321 hoc
1044 3280 1210 3321 scitum
1257 3281 1461 3333 synodus
1498 3281 1609 3322 illud
1649 3280 1919 3322 sacrificium
1964 3292 2020 3321 ex
2064 3283 2285 3352 pecunia

281 3351 425 3403 legata
441 3351 581 3392 semel
597 3352 824 3404 peregisse
840 3352 1033 3393 videtur.
1158 3355 1210 3392 48
1243 3354 1542 3395 ΔΙΑΤΑΧΕΝ.
1585 3353 1646 3394 Cf.
1670 3354 1760 3395 not.
1778 3355 1814 3393 4.
1949 3355 2002 3393 49
2037 3354 2252 3395 ΠΕΡΙΟΝ.
2282 3370 2284 3410 g

280 3422 539 3464 Emendavi.
593 3422 668 3475 (τὰ)
694 3422 902 3481 περιόντα,
934 3421 960 3465 ἃ
989 3422 1100 3465 κατὰ
1132 3422 1260 3479 μέρος
1288 3424 1480 3466 Boeckh.
1530 3425 1587 3466 At
1607 3426 1861 3478 propterea,
1892 3425 1999 3477 quia
2019 3436 2044 3465 a
2066 3425 2253 3466 domino
2279 3422 2283 3504 f

282 3495 499 3535 moriente
532 3495 849 3548 relinquuntur
881 3496 1117 3549 mancipia,
1147 3493 1343 3551 περιόντα
1366 3498 1522 3538 vocari
1542 3509 1631 3538 non
1661 3497 1866 3550 possunt,
1899 3506 2044 3548 neque
2066 3498 2251 3538 omnino
2278 3506 2281 3554 ;

282 3565 410 3605 video
443 3567 550 3618 quid
582 3568 668 3607 hoc
699 3567 889 3608 verbum
921 3568 994 3609 hic
1013 3567 1264 3620 significare
1295 3570 1453 3620 possit.
1504 3569 1633 3617 Quod
1662 3570 1818 3611 contra
1848 3565 1943 3623 περὶ
1973 3567 2030 3608 ὦν
2060 3567 2113 3610 τὰ
2142 3566 2252 3610 κατὰ
2278 3555 2280 3571 '

280 3634 406 3695 μέρος
437 3661 493 3666 -
524 3636 770 3694 ὃελήλωκεν
801 3640 971 3680 locutio
1003 3642 1072 3681 est
1101 3641 1146 3680 in
1176 3640 1402 3681 eiusmodi
1433 3641 1594 3683 litteris
1624 3640 1934 3683 usitatissima.
