2314 3970
232 212 333 263 582
723 207 793 247 VI.
840 206 986 256 Regna
1009 204 1171 245 Asiana
1202 204 1389 244 minora.
1452 205 1489 243 Ιι.
1524 203 1702 244 Pontus.
2048 204 2203 256 [375—

374 381 619 454 βασιλέως
658 375 1057 449 Μιθραδάτ]οοῖ,
1097 374 1177 428 τὸν
1219 376 1376 446 δῆμον
1414 373 1496 428 τὸν
1526 374 1532 447 1
1562 370 1590 445 [<
1598 372 1864 446 Ρωμαίων,
1903 375 2022 429 τὸν3
2060 376 2202 447 φίλον

371 467 477 537 καὶ]
522 466 784 536 σύμμαχον
841 464 1015 533 αὑτοῦ,
1065 462 1071 534 Ι
1120 460 1335 533 [εὐνοίας
1386 461 1472 515 καὶ
1521 461 1859 534 εὖεργεσίας4]
1905 464 2069 516 ἕνεκεν
2117 469 2206 535 τῆς

319 571 343 611 5
374 556 444 614 εἰς
484 552 648 605 αὑτόν.
686 550 703 623 ΙΙ
740 547 1171 623 [πρεσβευσάντων
1211 546 1527 620 Ναιμ]άνους
1563 551 1650 602 τοῦ
1690 547 2017 620 Ναιμάνους5
2057 549 2063 621 Ι
2105 548 2206 620 [καὶ

373 638 528 693 Μάου
565 641 652 691 τοῦ
690 636 847 691 Μάου
863 638 919 708 6.]

227 803 471 855 regionem,
502 811 619 854 quae
650 811 740 841 una
760 798 944 852 proprie
966 808 1019 838 eo
1050 797 1232 838 nomine
1254 796 1582 849 significaretur
1613 798 1658 838 et
1678 797 1927 850 antiquitus
1959 799 2004 839 in
2034 799 2209 841 dicione

227 873 649 928 Pylaemenidarum
695 872 876 923 fuisset;
922 881 1026 911 nam
1073 881 1200 911 oram
1240 869 1514 911 maritimam
1552 869 1821 922 iampridem
1869 871 1993 923 regni
2038 872 2209 913 Pontici

227 948 365 988 fuisse
404 947 450 987 et
487 957 594 987 cum
631 943 817 997 reliquis
859 953 975 995 quae
1012 941 1263 983 hereditate
1302 953 1328 983 a
1358 941 1611 983 maioribus
1642 942 1892 995 accepisset
1922 954 1978 983 ne
2007 955 2122 984 anno
2154 947 2207 985 84

226 1032 264 1061 a.
298 1019 398 1060 Chr.
431 1018 616 1071 quidem
658 1016 886 1059 ademtam
928 1025 1027 1056 esse
1057 1014 1291 1068 Eupatori.
1349 1014 1407 1055 At
1447 1014 1525 1056 illo
1558 1014 1889 1056 mediterraneo
1921 1016 2069 1057 tractu
2100 1016 2211 1068 quid
2271 1034 2284 1066 3·

228 1102 339 1145 pace
378 1091 476 1132 eius
516 1090 621 1131 anni
662 1089 831 1130 factum
871 1088 991 1129 esset
1029 1097 1255 1140 nusquam
1287 1087 1429 1139 tradi;
1470 1083 1616 1128 <rideri
1657 1087 1795 1139 igitur
1823 1098 1929 1128 eum
1970 1087 2061 1129 filio
2092 1089 2209 1140 regis

232 1174 499 1205 concessum
530 1173 643 1215 esse,
675 1162 807 1203 cuius
838 1160 903 1201 rei
934 1170 1041 1201 sane
1072 1161 1168 1201 erat
1198 1170 1281 1201 cur
1311 1159 1501 1212 gratiam
1531 1158 1721 1201 haberet
1750 1159 1975 1201 Romanis,
2030 1161 2122 1201 Iam
2154 1160 2210 1201 de

227 1236 360 1278 titulo
382 1237 717 1277 Mommsenum
737 1244 899 1274 verum
920 1231 1090 1274 vidisse
1114 1232 1227 1273 mihi
1248 1242 1519 1286 persuasum
1546 1234 1615 1272 est
1623 1244 1634 1284 ;
1659 1231 1714 1272 de
1734 1233 1933 1273 nummis
1957 1243 2064 1274 sane
2086 1232 2212 1274 oblo-

230 1310 433 1362 quuntur
464 1307 598 1350 Sallet
626 1309 671 1348 et
701 1306 910 1359 Reinach,
942 1306 1022 1358 qui
1053 1305 1152 1346 eius
1183 1306 1328 1347 artem
1360 1305 1417 1346 ad
1447 1305 1751 1358 antiquiorem
1781 1307 1974 1347 aetatem
2006 1307 2212 1359 spectare

227 1381 463 1424 affirmant.
525 1380 648 1428 Quae
678 1390 750 1420 res
783 1389 872 1419 non
903 1379 992 1419 mei
1024 1377 1180 1419 iudicii
1210 1379 1292 1431 est,
1323 1377 1403 1418 sed
1434 1377 1473 1418 si
1513 1379 1636 1418 recte
1673 1377 2001 1431 iudicaverunt,
2040 1379 2117 1419 vix
2154 1378 2211 1419 ad

229 1454 424 1496 eundem
456 1453 687 1494 bominem
719 1451 903 1492 titulum
936 1452 982 1492 et
1011 1461 1227 1491 nummos
1259 1449 1426 1491 referre
1455 1449 1649 1491 licuerit.
1813 1453 1836 1490 2
1878 1451 2212 1504 Suppleverunt

227 1527 424 1568 editores
469 1537 524 1566 ex
570 1525 701 1566 titulo
747 1523 918 1565 Latino.
991 1522 1053 1565 Cf.
1099 1524 1192 1564 not.
1229 1525 1268 1563 4.
1458 1525 1480 1562 3
1520 1523 1594 1563 Sic
1637 1521 1837 1564 scribere
1888 1523 2027 1564 malui
2072 1535 2211 1576 quam

229 1611 335 1641 cum
380 1599 662 1640 Mommseno
708 1594 780 1638 τὸν
831 1593 836 1651 Ι
885 1594 983 1648 [τῶν
1018 1589 1268 1650 Ῥωμαίων,
1315 1591 1441 1651 φίλον
1485 1591 1573 1647 καὶ]
1618 1591 1858 1653 σύμμαχον.
2036 1597 2059 1636 Ιι
2099 1596 2212 1648 Sup-

227 1671 370 1725 plevit
399 1671 670 1722 Mommsen;
712 1668 936 1711 vocabula
975 1679 1069 1709 non
1099 1668 1223 1708 certa
1251 1677 1352 1708 esse
1393 1677 1500 1708 sane
1534 1678 1626 1709 non
1665 1667 1831 1709 iniuria
1860 1669 2015 1709 monet
2043 1667 2211 1710 Kaibel.

230 1748 253 1785 5
295 1744 602 1785 Mommsenus
633 1752 855 1795 perquam
886 1739 1186 1794 probabiliter
1215 1739 1409 1782 eundem
1439 1740 1672 1781 hominem
1700 1740 1931 1793 intellegit,
1971 1741 2102 1782 cuius
2133 1752 2214 1782 no-

231 1828 335 1858 men
355 1816 480 1858 varie
500 1816 770 1868 corruptum
791 1815 938 1855 exstet
957 1813 1146 1867 Appian.
1169 1813 1316 1855 Mithr.
1342 1816 1416 1854 ⁴9:
1453 1808 1619 1856 Μάνιον
1650 1806 1680 1853 δ’
1706 1810 2003 1870 ὑποφεύγοντα
2023 1809 2214 1856 Νεοπτό-

229 1887 362 1944 λεμός
391 1902 437 1929 τε
466 1885 540 1929 καὶ
571 1883 776 1943 Νεμάνης
809 1883 831 1927 ὁ
861 1880 1074 1942 Ἀρμένιος
1093 1908 1152 1916 -·
1170 1883 1415 1941 ἠνάγκασαν
1448 1883 1492 1932 ἐς
1522 1883 1668 1942 μάχην
1702 1883 1856 1933 ἱππέας
1887 1883 2043 1944 ἔχοντα
2072 1900 2215 1943 τετρα-

228 1958 463 2018 κισχιλίους
492 1958 563 2001 καὶ
595 1957 748 2008 πεζοὺς
779 1955 841 2000 ἔτι
870 1955 1032 2000 τούτων
1065 1955 1402 2004 ὃεκαπλασίονας
1432 1959 1477 1999 et
1506 1958 1729 1999 Memnon.
1761 1970 1832 2011 ap.
1866 1958 2076 2000 Photium
2106 1958 2217 2002 bibl.

230 2033 329 2074 cod.
353 2034 433 2072 224
465 2043 508 2085 p.
532 2035 612 2072 230
631 2031 675 2085 b,
707 2034 758 2071 32
792 2031 977 2083 (Fragm.
1006 2031 1110 2072 hist.
1135 2031 1206 2071 Gr.
1229 2031 1288 2070 111
1319 2041 1360 2083 p.
1386 2031 1460 2071 544
1478 2041 1515 2071 c.
1549 2033 1616 2083 34,
1640 2030 1700 2082 2):
1749 2026 1915 2077 Μάνιος
1945 2028 1993 2072 δὲ
2021 2054 2080 2060 -
2109 2029 2219 2087 μετὰ

233 2099 457 2160 Ῥωμαίων
490 2101 643 2161 ὀλίγων
675 2100 1082 2158 ἀντιπαρατάσσεται
1101 2097 1354 2159 Μηνοφάνει
1383 2101 1445 2158 τῷ
1472 2097 1738 2160 Μιθριδάτου
1763 2102 1984 2160 στρατηγῷ
2011 2101 2085 2144 καὶ
2113 2117 2213 2159 τρα·

229 2176 322 2223 πεὶς
354 2174 499 2233 φεύγει
519 2178 657 2216 πᾶσαν
678 2174 758 2231 τὴν
781 2172 957 2228 δύναμιν
979 2171 1223 2230 ἀποβαλών.
1372 2178 1394 2214 6
1435 2174 1768 2228 Suppleverunt
1788 2175 1982 2217 editores
2003 2187 2059 2217 ex
2079 2176 2212 2218 titulo

231 2249 386 2291 Latino
419 2248 473 2300 (v.
498 2247 666 2301 supra).
718 2247 928 2288 Ceterum
959 2247 1004 2287 in
1026 2246 1182 2287 eadem
1205 2246 1409 2299 lapidum
1430 2257 1664 2300 compage,
1696 2258 1812 2300 quae
1833 2248 2063 2300 quondam
2083 2247 2214 2290 basin

230 2332 524 2375 permagnam
561 2320 716 2374 plures
757 2319 916 2373 populi
954 2319 1143 2360 Romani
1184 2320 1359 2361 statuas
1404 2320 1703 2361 sustinentem
1751 2319 1974 2374 effecerat,
2019 2323 2213 2363 aetatem

230 2394 431 2434 tulerunt
461 2392 632 2433 similes
670 2392 792 2433 tituli
830 2391 1096 2432 dedicatorii
1126 2391 1213 2432 alii.
1263 2391 1412 2444 Atque
1442 2392 1487 2432 in
1518 2391 1679 2433 eodem
1709 2392 1858 2445 lapide
1887 2392 2093 2434 dextram
2113 2405 2215 2435 ver-

232 2477 310 2508 sus
348 2466 405 2507 ab
443 2466 530 2506 hoc
566 2465 694 2506 initia
724 2475 943 2506 versuum
983 2463 1103 2504 tituli
1134 2465 1252 2518 sunt,
1292 2465 1370 2517 qui
1407 2464 1454 2504 in
1491 2464 1578 2506 alio
1615 2465 1948 2518 continuantur,
1988 2466 2066 2518 qui
2104 2466 2212 2507 olim

230 2541 352 2580 hunc
393 2537 661 2589 attingebat:
706 2530 750 2580 Ὁ
783 2534 951 2592 ὃ[ἥμος]
995 2533 1017 2577 ὁ
1055 2532 1265 2593 Ταβηνῶν
1299 2533 1306 2591 Ι
1341 2533 1494 2592 φίλ[ος]
1531 2534 1604 2578 καὶ
1642 2535 1868 2601 σύμμαχος
1899 2535 1907 2591 Ι
1943 2530 2213 2592 Ῥω[μαί]ων.

230 2611 313 2651 Hic
356 2610 470 2663 lapis
511 2609 566 2661 (a)
611 2619 775 2650 rursus
820 2609 949 2649 initia
992 2608 1318 2649 nonnullorum
1355 2619 1574 2650 versuum
1618 2609 1739 2650 tituli
1775 2609 2122 2651 Laodicensium
2157 2610 2214 2652 ad

230 2684 405 2736 Lycum
444 2681 654 2736 habehat,
695 2683 825 2723 cuius
871 2682 1071 2723 maxima
1112 2692 1219 2735 pars
1259 2682 1306 2722 in
1340 2683 1554 2734 contiguo
1581 2682 1731 2735 lapide
1762 2682 1811 2734 (c)
1842 2684 1951 2724 erat.
2000 2683 2086 2724 Alii
2122 2685 2213 2724 tres

230 2755 416 2809 lapides,
439 2766 634 2808 quarum
654 2755 911 2807 posituram
933 2754 1188 2795 accuratius
1210 2753 1386 2795 definiri
1406 2765 1496 2795 non
1516 2754 1634 2808 licet,
1656 2755 1849 2796 alterum
1870 2755 2213 2797 Laodicensium

233 2829 278 2880 (Ι.
301 2828 349 2869 G.
373 2828 456 2869 Sic.
487 2828 533 2868 et
559 2828 610 2868 It.
634 2826 731 2878 987)
762 2828 807 2867 et
837 2826 952 2867 duos
983 2826 1243 2868 communis
1275 2826 1520 2879 Lyciorum
1543 2827 1700 2868 titulos
1730 2827 1867 2869 habet
1898 2827 2018 2879 (ibid.
2050 2840 2092 2870 n.
2115 2831 2212 2869 986.

233 2901 278 2941 C.
301 2902 331 2941 I.
353 2901 445 2942 Lat.
466 2901 485 2940 1
517 2911 560 2953 p.
585 2898 695 2950 469).
746 2898 894 2952 Atque
924 2899 972 2939 hi
1002 2898 1185 2952 quidem
1210 2910 1369 2940 omnes
1401 2901 1479 2940 aut
1498 2901 1551 2940 ut
1570 2899 1646 2941 bic
1665 2911 1802 2953 quem
1823 2900 2002 2942 edimus
2023 2901 2213 2941 Graeco-

232 2973 359 3014 latini
390 2974 468 3015 aut
499 2983 624 3014 mere
655 2971 812 3013 Graeci
842 2972 970 3024 sunt;
1002 2971 1083 3012 sed
1113 2971 1334 3013 accedunt
1365 2972 1453 3014 duo
1485 2973 1642 3026 Latini,
1674 2973 1787 3014 alter
1818 2985 1845 3014 a
1873 2973 2046 3026 populo
2069 2973 2214 3026 Ephe-

233 3046 405 3087 siorum
439 3044 498 3097 (C.
520 3046 552 3086 I.
573 3045 664 3085 Lat.
689 3045 720 3097 1,
745 3047 840 3086 588.
872 3043 944 3097 VI,
968 3042 1079 3097 373),
1121 3044 1234 3085 alter
1271 3057 1297 3085 a
1334 3056 1439 3097 rege
1469 3044 1773 3086 Ariobarzane
1811 3047 1856 3086 et
1895 3047 2050 3098 regina
2078 3046 2214 3086 Athe·
2270 3071 2274 3075 -
2305 3048 2307 3092 1

233 3118 364 3160 naide
405 3116 591 3169 (Notizie
630 3116 746 3168 degli
778 3116 904 3158 scavi
935 3118 1044 3156 4887
1077 3127 1125 3169 p.
1145 3119 1212 3157 46.
1235 3116 1332 3168 442)
1375 3117 1624 3160 dedicatus.
1685 3117 1850 3159 Omnes
1881 3118 2139 3171 composuit
2168 3119 2214 3158 et

234 3189 481 3231 illustravit
509 3189 587 3230 Th.
607 3189 861 3230 Mommsen
890 3188 918 3230 l.
940 3188 967 3229 l.
999 3198 1043 3240 p.
1064 3190 1306 3230 240-244.

343 3402 452 3457 376
503 3407 647 3457 Basis
684 3407 954 3458 marmoris
987 3407 1222 3457 Pentelici
1259 3407 1464 3458 inventa
1500 3409 1551 3458 in
1589 3423 1704 3458 arce
1727 3407 2054 3458 Athenarum.
2119 3407 2208 3456 Ed.

236 3494 447 3543 Pittakis
488 3488 598 3562 Ἐφ.
643 3490 758 3562 ἀρχ.
800 3494 883 3545 92.
955 3494 1106 3544 Beule
1152 3489 1424 3560 l'acropole
1461 3496 1503 3543 II
1547 3476 1756 3560 ps206.
1830 3495 1887 3543 R.
1925 3495 2212 3559 Bergmann

235 3580 501 3628 Bullettino
557 3576 668 3629 dell’
699 3581 815 3630 inst.
871 3581 1011 3630 Rom.
1070 3577 1195 3629 4874
1262 3596 1312 3646 p.
1362 3581 1444 3632 82.
1535 3582 1611 3630 Ex
1663 3581 1896 3631 Koehleri
1953 3582 2212 3630 collatione

234 3666 312 3713 W.
345 3665 697 3732 Dittenberger
735 3665 786 3716 C.
815 3666 850 3715 I.
881 3666 979 3716 Att.
1010 3667 1092 3733 III,
1122 3663 1239 3715 547.

2264 1232 2285 1434 Ξ

2302 1602 2308 1655 ’ἶ

2312 2450 2314 2483 ι

2313 2563 2314 2578 ,

2311 2677 2314 2736 «ἶ

2268 2789 2307 2862 ’ἱ

2269 2881 2307 2918 Τ

2303 1178 2305 1187 ι

2304 1250 2307 1259 ι

2303 1290 2305 1298 A

2302 1319 2307 1343 i

2304 1346 2306 1363 ,⁴

2303 1398 2307 1421 Ξ

2301 1426 2307 1439 ι

2305 3001 2307 3016 1

2305 3018 2308 3038 l

2304 3214 2308 3271 4
