2314 3970
115 167 183 219 56]
601 166 841 206 Ptolemaei
874 166 930 204 111
964 166 1308 205 monumentum
1343 164 1606 216 Canopium.
1990 167 2093 217 103

1626 240 1721 243 ύίᾲ
1731 240 1781 243 -Vr
1795 240 1837 243 --r
1847 241 1984 244 ν--μΑ--ῆὴ
2008 239 2090 246 a*-

257 335 498 409 βοίστια63
551 335 638 389 καὶ
686 333 750 389 τὰ
803 335 1002 407 μεγάλα
1050 334 1343 408 Βουβάστια
1391 335 1571 406 ἄγεται
1618 335 1705 389 καὶ
1750 339 1782 407 ἡ
1832 338 2095 409 συναγωγὴ

253 427 349 477 τῶν
387 426 594 493 καρπῶν
634 421 720 475 καὶ
757 425 789 493 ἡ
830 427 917 475 τοῦ
960 423 965 494 Ι
1005 427 1233 492 ποταμοῦ
1261 422 1506 492 ἀνάβασις
1530 423 1735 493 γίνεται.
1788 419 1880 476 ἐὰν
1920 423 1975 475 δὲ
2012 423 2099 476 καὶ

254 509 521 580 συμβαίνηι
571 509 660 579 τὴν
709 510 942 580 ἐπιτολὴν
992 513 1078 562 τοῦ
1130 508 1370 581 ἄστρου64
1428 511 1743 582 μεταβαίνειν
1799 511 1871 569 εἰς
1925 510 2097 579 ἑτέραν

250 596 444 666 ἡμέραν
486 591 572 647 διὰ
610 594 868 666 τεσσάρων
908 597 1031 648 ἐτῶν
1048 598 1107 664 ⁶⁵,
1165 595 1231 666 μὴ
1270 595 1649 668 μετατίΙθεσθαι
1681 595 1769 666 τὴν
1820 597 2098 667 πανήγυριν

254 678 385 734 ἀλλὰ
401 684 445 718 ⁶⁶
495 680 712 752 ἄγεσθαι
751 683 937 751 ὁμοίως
953 684 997 717 ⁶⁷
1044 686 1128 751 τῆι
1175 682 1441 751 νουμηνίαι
1477 685 1564 735 τοῦ
1605 682 1783 751 Παῦνί,
1831 685 1881 735 ἐν
1920 682 1976 752 ἧι
2013 681 2100 734 καὶ

254 771 304 827 ἐξ
344 768 506 838 ἀρχῆς
553 767 694 838 ἤχθη
746 770 797 821 ἐν
846 771 938 820 τῶι
975 765 1161 819 ἐνάτωι
1210 766 1326 835 ἔτει,
1376 767 1462 820 καὶ
1519 771 1766 821 συντελεῖν
1815 768 1968 839 αὐτὴν
2018 767 2099 822 ἐπὶ
2163 819 2166 823 ,

168 867 224 908 40
251 855 445 924 ἡμέρας
482 852 498 923 ΙΙ
533 854 679 906 πέντε
720 850 844 923 μετὰ
876 854 1283 924 στεφανηφορίας
1310 853 1397 906 καὶ
1425 855 1613 907 θυσιῶν
1652 854 1738 907 καὶ
1767 857 1989 907 σπονδῶν
2017 853 2100 907 καὶ

250 943 347 993 τῶν
384 939 550 993 ἄλλων
589 944 685 993 τῶν
725 941 1074 1011 προσηκόντων
1091 942 1148 991 68.
1203 942 1338 1000 ὅπως
1378 940 1433 993 δὲ
1471 939 1553 993 καὶ
1600 942 1652 992 αἱ
1689 943 1821 1011 ὧραι
1867 940 1920 993 τὸ
1973 942 2100 993 καθ-

251 1031 375 1096 ῆκον
420 1029 686 1080 ποιῶσιν69
732 1024 818 1080 διὰ
867 1024 1050 1085 παντὸς
1087 1022 1218 1079 κατὰ
1257 1027 1346 1097 τὴν
1392 1029 1476 1079 νῦν
1509 1026 1514 1096 i
1544 1026 1698 1079 οὖσαν
1737 1026 2043 1080 κατάστασιν
2059 1031 2102 1063 ⁷⁰

252 1116 341 1166 τοῦ
378 1114 584 1182 κόσμου,
624 1111 709 1166 καὶ
750 1112 817 1184 μὴ
847 1112 1118 1183 συμβαίνηι
1156 1109 1294 1172 τινὰς
1331 1116 1428 1166 τῶν
1467 1114 1753 1182 δημοτελῶν
1791 1115 1975 1184 ἑορτῶν
2003 1117 2098 1165 τῶν

107 1317 319 1370 expedire
350 1318 557 1370 conatur,
589 1318 642 1357 ut
671 1317 841 1357 statuat
862 1316 1131 1367 Euergetam
1163 1315 1253 1356 iam
1277 1315 1450 1368 aliquot
1472 1316 1599 1356 annis
1622 1318 1726 1356 ante
1747 1317 1890 1369 patris
1923 1317 2098 1358 obitum

107 1401 259 1442 regem
285 1389 595 1430 renuntiatum
627 1399 739 1442 esse,
771 1390 823 1429 ut
854 1399 1000 1429 nonus
1032 1389 1129 1428 eius
1159 1398 1303 1429 annus
1326 1399 1415 1428 non
1439 1385 1583 1441 239s8,
1617 1388 1695 1429 sed
1719 1387 1849 1443 243s2
1872 1401 1909 1430 a.
1933 1389 2033 1430 Chr.
2059 1402 2098 1430 n.

107 1463 238 1503 esset.
300 1460 431 1509 Quod
461 1472 544 1501 cur
574 1459 679 1501 ferri
718 1461 927 1513 nequiret
967 1460 1162 1512 exposui
1199 1462 1292 1500 not.
1316 1462 1383 1500 47.
1445 1459 1531 1500 Sed
1569 1461 1674 1500 utut
1712 1460 1824 1501 baec
1862 1460 2100 1502 difficultas

106 1534 203 1575 tolli
241 1534 404 1586 potest,
443 1533 487 1574 id
530 1535 683 1574 tamen
723 1534 925 1585 apparet,
965 1543 1169 1572 mensem
1212 1532 1353 1584 Payni
1393 1532 1467 1573 hic
1498 1543 1588 1572 non
1631 1542 1770 1584 posse
1808 1533 1913 1573 anni
1944 1533 2101 1574 Siriaci

107 1616 221 1658 esse,
253 1605 332 1646 sed
362 1604 558 1647 mobilis.
618 1604 730 1645 Nam
763 1605 809 1645 in
841 1615 957 1644 anno
990 1604 1159 1644 Siriaco
1192 1606 1319 1644 ortus
1349 1603 1449 1643 Sirii
1483 1603 1564 1654 (20.
1588 1614 1646 1644 m.
1670 1603 1783 1655 Iulii)
1816 1606 1895 1644 aut
1924 1605 2101 1657 primus

108 1679 186 1719 aut
226 1679 277 1718 ut
318 1676 456 1717 Rielio
497 1678 540 1716 et
580 1675 892 1717 Gutschmidio
935 1675 1012 1727 (Kl.
1044 1676 1166 1716 Schr.
1199 1676 1215 1715 Ι
1248 1687 1289 1728 p.
1323 1675 1417 1726 390)
1460 1675 1630 1727 placuit
1671 1676 1858 1727 quintus
1897 1675 2101 1717 decimus

109 1749 277 1790 mensis
317 1748 463 1789 Thoth
504 1750 585 1799 est,
624 1758 771 1800 neque
820 1747 950 1788 aliter
988 1750 1255 1800 computare
1293 1749 1490 1800 possunt
1529 1748 1605 1799 qui
1649 1748 1895 1799 septimum
1937 1747 2101 1788 decimi

108 1821 277 1862 mensis
299 1819 414 1873 Tybi
445 1819 565 1860 diem
597 1820 642 1860 in
674 1820 799 1860 initia
820 1819 1083 1860 Decembris
1114 1819 1312 1859 incidere
1344 1820 1565 1860 statuunt.
1620 1818 1750 1866 Quod
1782 1820 2001 1871 quoniam
2028 1820 2102 1861 hic

107 1903 226 1933 unus
257 1893 426 1932 mensis
457 1892 597 1944 Payni
629 1902 718 1931 non
749 1893 899 1942 potest
931 1902 1020 1931 non
1052 1891 1108 1931 ad
1140 1902 1307 1932 annum
1349 1890 1565 1932 mobilem
1597 1890 1766 1943 referri,
1805 1893 1901 1932 tota
1941 1903 2100 1933 eorum

107 1965 221 2006 ratio
253 1965 331 2017 qui
363 1975 533 2005 annum
565 1963 785 2004 Siriacum
827 1963 902 2004 hic
947 1965 1199 2015 agnoscunt
1237 1964 1470 2004 evertitur.
1531 1962 1646 2004 Nam
1693 1964 1796 2016 quis
1843 1964 2008 2017 credet,
2055 1965 2101 2005 in

108 2036 267 2077 eodem
298 2035 431 2076 titulo
464 2035 689 2076 mensium
721 2036 905 2075 nomina
937 2035 1033 2075 sine
1064 2035 1155 2075 ulla
1186 2034 1479 2076 distinctione
1509 2037 1729 2088 usurpata
1755 2036 1922 2088 partim
1956 2033 2104 2087 (Παϋνί

108 2120 149 2149 v.
175 2110 241 2148 37.
267 2107 333 2158 39)
367 2107 423 2148 ad
454 2105 683 2159 mobilem,
717 2106 800 2148 alia
835 2103 953 2162 (Τυβί
984 2119 1026 2147 v.
1053 2110 1089 2147 3.
1114 2110 1181 2148 55.
1208 2110 1273 2148 57.
1314 2102 1490 2163 Μεσορῆ
1525 2118 1565 2147 v.
1590 2110 1656 2148 26.
1697 2103 1844 2164 Χοιάχ
1874 2119 1915 2149 v.
1941 2111 2007 2148 54.
2034 2107 2100 2159 64)

110 2179 167 2221 ad
197 2179 418 2220 Siriacum
450 2189 617 2219 annum
661 2178 893 2219 referenda
923 2176 1058 2219 esse?
1207 2182 1258 2219 63
1300 2179 1360 2219 Cf.
1393 2179 1582 2231 Lepsius
1614 2190 1657 2232 p.
1684 2182 1748 2219 17.
1775 2182 1841 2232 48,
1884 2180 1963 2232 qui
2004 2190 2100 2221 eas-

109 2251 212 2293 dem
256 2251 380 2293 haud
425 2250 562 2292 dubie
606 2250 753 2303 ferias,
805 2261 923 2303 quae
960 2251 1035 2291 hic
1074 2250 1400 2292 Bubastiorum
1446 2252 1629 2292 nomine
1674 2251 1995 2305 indicarentur,
2042 2252 2099 2293 ab

109 2323 338 2366 Herodoto
381 2324 433 2377 ΙΙ,
471 2326 544 2364 59:
601 2320 931 2380 πανηγυρίζουσι
980 2321 1026 2364 δὲ
1073 2319 1297 2380 Αἰγύπτιοι
1336 2321 1415 2364 οὐκ
1463 2320 1574 2372 ἅπαξ
1612 2325 1687 2364 τοῦ
1738 2320 1945 2377 ἐνιαυτοῦ,
1997 2337 2101 2365 παν-

106 2394 280 2454 ηγύριας
313 2394 360 2437 δὲ
391 2393 560 2452 συχνάς,
601 2392 783 2450 μάλιστα
815 2393 892 2449 μὲν
922 2393 995 2436 καὶ
1025 2392 1331 2452 προθυμότατα
1372 2393 1416 2441 ἐς
1446 2391 1680 2450 Βούβαστιν
1720 2393 1843 2436 πόλιν
1882 2394 1938 2453 τῇ
1965 2390 2100 2451 Ἀρτέ-

109 2466 200 2524 μιδι
228 2468 579 2510 commemorari
610 2478 662 2508 ac
691 2466 852 2508 deinde
874 2478 912 2508 c.
937 2470 987 2508 60
1011 2468 1268 2508 accuratius
1291 2467 1490 2508 describi
1513 2467 1788 2508 observavit.
1839 2467 2100 2509 Distinctio-

109 2551 213 2582 nem
242 2539 566 2581 Bubastiorum
597 2540 828 2580 minorum
859 2541 905 2579 et
935 2540 1176 2593 maiorum,
1209 2550 1325 2591 quae
1357 2541 1550 2592 utraque
1581 2539 1741 2580 eodem
1773 2550 1929 2581 mense
1959 2540 2100 2592 Payni

108 2611 397 2664 haberentur,
437 2621 544 2652 sane
581 2609 688 2651 alibi
727 2621 817 2651 non
857 2621 1110 2663 occurrere,
1150 2610 1230 2652 sed
1268 2612 1314 2652 in
1355 2611 1611 2652 calendario
1650 2612 1696 2652 in
1738 2611 1906 2664 oppido
1947 2608 2100 2654 Esneh,

108 2685 292 2726 invento
324 2682 504 2724 duobus
535 2683 633 2723 eius
663 2684 834 2723 mensis
866 2682 1040 2736 diebus,
1083 2685 1210 2724 sexto
1243 2683 1419 2724 decimo
1460 2685 1505 2724 et
1536 2683 1783 2736 trigesimo,
1822 2694 1951 2725 sacra
1991 2684 2100 2725 deae

109 2755 320 2797 Bubastis
362 2751 488 2808 (Ba-st
515 2754 588 2795 vel
617 2751 750 2808 Ραχέ)
782 2755 1021 2795 recenseri.
1082 2754 1214 2795 Illum
1245 2754 1391 2795 videri
1432 2755 1678 2807 minorum,
1719 2755 1840 2795 hunc
1872 2755 2099 2795 maiorum

110 2827 434 2869 Bubastiorum
475 2826 595 2867 diem
633 2837 745 2867 esse.
808 2825 869 2867 Cf.
909 2827 1046 2867 etiam
1085 2825 1214 2879 Sy11.2
1243 2826 1358 2867 8431.
1420 2828 1470 2867 In
1511 2827 1737 2867 demotica
1775 2827 1984 2867 versione
2015 2837 2097 2878 pro

110 2900 343 2940 minorum
383 2898 706 2940 Bubastiorum
747 2898 931 2939 nomine
971 2898 1142 2951 aliquid
1181 2899 1403 2951 scriptum
1442 2898 1625 2940 videtur
1664 2898 1935 2939 Revilloutio
1975 2897 2100 2949 quod

111 2972 431 3013 caerimoniam
461 2968 517 3012 ‘m
545 2969 681 3013 aede
710 2969 815 3013 deae
845 2967 957 3013 Bast
985 2972 1212 3023 patratam
1244 2970 1478 3023 significet,
1509 2970 1706 3023 ideoque
1736 2970 1977 3011 discrimen
2009 2970 2099 3010 hoc

112 3043 270 3084 statuit
307 3044 426 3084 inter
456 3043 662 3086 minores.
686 3044 731 3083 et
761 3042 957 3083 maiores
988 3042 1136 3095 ferias,
1178 3042 1305 3095 quod
1335 3043 1436 3084 illae
1466 3043 1584 3084 intra
1625 3042 1847 3094 templum
1888 3042 2098 3092 peractae

111 3115 274 3167 essent,
291 3115 376 3155 hae
391 3125 498 3155 cum
515 3124 686 3167 pompa
702 3113 893 3155 sollenni
910 3114 956 3155 in
971 3114 1157 3167 publico
1174 3116 1416 3156 coniuncta
1436 3114 1637 3155 fuissent.
1747 3115 1796 3153 64
1820 3113 2020 3154 ΛΣΤΡοΥ
2041 3110 2097 3154 A.

114 3189 165 3226 65
203 3186 304 3228 Non
333 3180 437 3239 ‘per
462 3186 678 3238 quattuor
709 3180 871 3227 annos'
902 3187 955 3227 ut
985 3186 1302 3227 intellexerunt
1322 3187 1530 3227 Reinisch
1551 3187 1595 3226 et
1616 3184 1811 3236 RoesIer,
1845 3183 1923 3224 sed
1953 3178 2097 3236 ‘quat-

113 3258 218 3299 tuor
248 3269 469 3299 annorum
501 3252 764 3310 intervallo',
794 3251 972 3309 ‘quarto
995 3269 1177 3310 quoque
1200 3252 1342 3299 anno'.
1390 3269 1482 3298 von
1504 3255 1782 3297 Gutschmid.
1931 3258 1984 3295 66
2023 3257 2097 3296 ΑΛ

114 3331 388 3372 ΛΑΓΕΣΘΑΙ
431 3326 486 3371 Α.
642 3332 693 3369 67
734 3329 858 3370 Hanc
896 3341 1058 3371 vocem
1097 3331 1268 3371 omittit
1305 3326 1360 3371 A.
1517 3331 1567 3367 68
1609 3329 1639 3367 Ι.
1673 3338 1709 3367 e.
1750 3327 1812 3367 ita
1853 3328 1905 3367 ut
1946 3327 2097 3367 omnia

115 3399 223 3442 fiant
251 3413 369 3454 quae
405 3402 452 3441 in
491 3401 666 3453 magnis
696 3400 887 3442 deorum
919 3401 1042 3443 feriis
1081 3403 1290 3443 Graeco
1330 3401 1443 3440 ritu
1484 3398 1751 3451 peragendis
1779 3398 1946 3439 usitata
1977 3401 2095 3438 sunt.

117 3471 281 3514 Eadem
313 3484 455 3526 paene
485 3472 543 3514 ab
572 3472 766 3514 verbum
796 3473 987 3514 redeunt
1016 3485 1060 3515 n.
1083 3477 1151 3525 90,
1176 3475 1242 3513 49.
1265 3475 1334 3513 50.
1483 3473 1535 3511 69
1576 3469 1629 3511 Ut
1658 3470 1790 3523 quasi
1822 3469 1970 3511 officio
2013 3481 2095 3510 suo

118 3542 358 3596 fungantur
387 3545 491 3585 anni
521 3547 740 3598 tempora,
771 3546 798 3586 i.
830 3556 867 3586 e.
901 3556 985 3587 suo
1017 3545 1231 3598 quodque
1261 3553 1417 3584 mense
1447 3543 1688 3594 quotannis
1721 3542 1878 3583 eadem
1900 3542 2094 3582 redeant.

121 3617 172 3654 7⁰
213 3617 681 3659 ΚΑΤΑΣΤΑΣΤΑΣΙΝ
722 3614 777 3659 Α.
