2314 3970
131 124 227 176 482]
507 125 787 165 Ptolemaeus
818 125 878 165 XI
908 124 1161 166 Alexander
1189 126 1206 166 1
1238 126 1450 177 (444-88
1472 138 1509 167 a.
1533 126 1632 167 Chr.
1657 125 1726 178 n.).
1996 130 2098 180 263

126 298 312 339 extraits
353 297 432 338 des
463 297 735 339 manuscrits
765 298 919 352 XVIII,
941 303 965 339 2
1002 299 1140 351 (4865)
1174 311 1218 353 p.
1241 302 1322 340 430
1355 311 1397 344 n.
1420 304 1444 342 5
1477 300 1562 341 col.
1583 301 1615 355 1,
1641 304 1656 340 4
1702 298 1907 356 βασιλέως
1944 298 2101 342 Πτολε-

126 366 252 423 μαίου
285 366 386 411 θεοῦ
417 361 717 427 Φιλομήτορος
751 366 956 427 Σωτῆρος
984 365 1270 426 Ἀλεξάνδρου.
1418 375 1442 412 2
1485 372 1546 414 Cf.
1577 372 1763 414 Journal
1784 372 1833 414 of
1849 372 1957 413 Hell.
1980 373 2098 414 stud.

124 441 184 483 IX
216 444 325 483 4888
358 453 400 495 p.
422 442 504 482 248
536 453 577 482 n.
603 443 671 495 94,
695 445 732 483 3.
757 446 795 484 5.
821 445 887 484 40.
946 441 1081 486 Pater
1112 443 1306 485 Helenus
1346 445 1416 485 est
1446 455 1586 497 supra
1618 457 1658 486 n.
1684 446 1778 498 448,
1803 447 1827 484 2
1871 446 1916 485 et
1946 445 2098 486 Journ.

124 513 173 556 of
188 514 296 555 Hell.
320 514 436 555 stud.
459 514 520 554 IX
542 517 653 555 4888
686 525 728 567 Ρ.
752 517 826 555 254
866 519 1068 570 η.409,4.
1188 520 1210 556 3
1255 516 1315 557 Cf.
1339 527 1379 557 n.
1404 515 1498 557 991.
1523 516 1645 558 ⁴042.
1772 519 1793 556 4
1835 516 1896 558 Cf.
1919 529 1959 559 n.
1976 516 2096 559 4694.

229 742 339 798 182
393 747 528 797 Stela
564 761 852 799 marmorea
890 762 1004 798 cum
1042 749 1295 798 aetomate
1339 748 1547 797 inventa
1585 749 1880 815 Hermupoli
1917 751 2100 814 Magna

121 830 536 902 (Aschmunein),
584 838 751 884 exstat
785 835 1119 885 Alexandriae
1156 835 1208 883 in
1246 849 1437 884 museo,
1503 834 1592 884 Ed.
1634 835 1687 884 P.
1716 837 1934 901 Jouguet
1971 837 2093 886 Bull.

119 922 180 972 de
215 935 343 970 corr.
380 921 503 969 Hell.
529 921 620 969 XX
654 919 828 987 (4896)
855 938 905 988 p.
928 918 1045 971 477.
1101 920 1174 971 Cf.
1211 921 1436 971 eiusdem
1473 921 1819 971 additamenta
1852 924 1975 972 Bull.
2007 924 2097 971 XX

117 1023 166 1074 p.
199 1007 299 1056 465
345 1009 395 1056 et
440 1007 554 1055 XXI
599 1006 638 1073 (4
654 1005 774 1074 897)
822 1025 871 1075 p.
906 1007 1006 1057 466
1058 1005 1330 1075 (Repetivit
1379 1009 1439 1056 M.
1470 1008 1524 1057 L.
1554 1007 1735 1058 Strack
1781 1009 1968 1058 Archiv
2016 1009 2098 1058 fiir

29 1129 32 1134 -
117 1093 633 1160 Papyrusforschung
668 1095 690 1143 I
731 1094 865 1144 4900
905 1110 955 1161 p.
985 1092 1090 1145 207
1128 1110 1176 1144 n.
1209 1093 1310 1160 2⁴).

250 1231 406 1307 Ὑπὲρ
448 1236 695 1308 βασιλέως
735 1234 1087 1305 Πτολεμαίου1
1124 1234 1209 1288 καὶ
1245 1235 1581 1307 [βα]σιλίσσης
1618 1233 1970 1307 [Κλεοπάτρας
2008 1242 2096 1307 τῆς

227 1398 419 1439 Litterae
448 1397 656 1450 volgares
686 1397 867 1450 praeter
897 1398 990 1438 ΑΣ.
1052 1396 1167 1438 Infra
1207 1398 1329 1438 hunc
1368 1397 1553 1438 titulum
1595 1396 1923 1438 dedicatorium
1963 1397 2095 1438 later-

114 1471 243 1512 culus
274 1471 513 1512 nominum
544 1481 704 1512 eorum
735 1470 814 1522 qui
852 1469 939 1510 hoc
971 1480 1088 1523 opus
1119 1471 1503 1511 consecraverunt
1539 1469 1849 1523 amplissimus
1882 1481 1963 1523 per
2001 1472 2094 1511 tres

113 1543 347 1585 columnas
378 1543 644 1597 dispositus.
704 1542 792 1584 Eos
824 1542 991 1583 milites
1020 1552 1120 1583 esse
1161 1553 1266 1583 cum
1298 1554 1354 1584 ex
1384 1553 1497 1584 voce
1527 1540 1972 1598 παρεφ[εὸρ]ε[ύοντ]ες
2002 1555 2045 1584 v.
2070 1546 2092 1582 2

113 1639 313 1692 apparet,
351 1639 452 1680 tum
493 1648 548 1678 ex
586 1637 710 1690 siglis
751 1648 867 1690 quae
907 1636 1174 1678 nominibus
1212 1636 1533 1678 nonnullorum
1577 1636 1867 1678 ascribuntur
1899 1602 1968 1678 ΗΙ,Ξ
1999 1637 2026 1677 i.
2054 1649 2090 1678 e.

111 1709 315 1768 ἡγ(εμῶν)
347 1697 384 1767 ρ’
403 1707 610 1765 (ἀνδρῶν),
641 1709 761 1751 idem
785 1710 864 1762 qui
885 1709 993 1750 alibi
1023 1706 1334 1767 ἑκατόνταρχος
1364 1711 1570 1762 vocatur,
1602 1711 1646 1750 et
1680 1711 1711 1749 Ν
1745 1709 1772 1749 i.
1796 1719 1832 1749 e.
1861 1707 2094 1763 πεντηκόν-

110 1796 282 1841 ταρχος.
333 1782 536 1835 Denique
566 1783 613 1823 in
643 1781 798 1823 infima
827 1782 986 1823 tertiae
1016 1782 1254 1823 columnae
1283 1783 1412 1834 parte
1433 1792 1580 1824 novus
1611 1781 1850 1822 nominum
1880 1781 1993 1822 ordo
2026 1781 2093 1821 in-

108 1855 219 1908 cipit
257 1866 283 1896 a
319 1854 450 1896 titulo
490 1851 835 1912 ὲγλελοχισμένοι
873 1851 1215 1911 μαχαιροφ(όροι)
1256 1851 1537 1909 βα(σι)λ(ικοί).
1598 1852 1793 1895 Nomina
1823 1853 2094 1906 plerumque

111 1927 278 1969 Graeca
308 1928 427 1980 sunt,
459 1926 539 1968 sed
569 1926 784 1968 nonnulla
816 1927 1066 1967 occurrunt
1085 1924 1293 1979 barbara,
1325 1928 1377 1966 ut
1408 1922 1607 1981 Ζαβίνας,
1640 1922 1911 1981 Ζάββὸηλος,
1943 1919 2092 1983 Ἀβὸῆς

110 1999 265 2052 (genet.
306 1996 455 2053 -έους),
500 1994 716 2057 Μάλιχος,
761 1992 986 2054 Ἀβδοκώς,
1025 1988 1210 2054 Ὤσβεις,
1250 1992 1472 2053 Ὀρόντας,
1517 1994 1679 2054 Βησᾶς,
1725 1994 1857 2055 Τάης,
1905 1990 2092 2050 Ῥοίεσος,

107 2068 406 2128 Πετεσοῦχι(ς),
438 2082 583 2124 neque
605 2070 907 2125 improbabile
929 2072 1010 2124 est,
1040 2071 1165 2124 quod
1186 2071 1416 2112 Strackius
1437 2071 1644 2125 coniecit,
1676 2070 1798 2112 haud
1821 2082 1992 2124 paucos
2015 2071 2092 2124 qui

107 2144 181 2186 hic
210 2144 257 2185 in
288 2144 448 2186 militia
477 2143 741 2185 nominibus
772 2154 879 2185 vere
911 2143 1090 2184 Graecis
1122 2144 1423 2196 gloriarentur
1460 2145 1612 2185 tamen
1644 2144 1815 2196 origine
1844 2143 2092 2196 Aegyptios

107 2216 268 2270 fuisse;
313 2228 455 2270 quare
500 2216 682 2269 negavit
722 2227 778 2258 ex
815 2217 902 2258 hoc
947 2216 1163 2257 laterculo
1207 2218 1330 2258 certo
1371 2216 1520 2268 colligi
1562 2217 1711 2270 licere,
1758 2218 1809 2257 ut
1839 2216 2091 2268 Jouguetus

107 2289 285 2342 fecerat,
319 2289 557 2331 etiamtum
587 2289 717 2330 initio
752 2289 885 2342 primi
909 2300 946 2330 a.
971 2288 1071 2329 Chr.
1093 2300 1134 2329 n.
1158 2288 1327 2330 saeculi
1359 2299 1500 2342 paene
1530 2288 1678 2330 nullos
1710 2288 1796 2330 nisi
1819 2288 2014 2329 Graecos
2046 2289 2092 2328 in

107 2361 310 2403 exercitu
346 2361 468 2413 regio
507 2360 660 2402 fuisse.
838 2364 853 2401 4
902 2361 1183 2402 Ptolemaeus
1218 2360 1332 2414 XIII,
1371 2361 1450 2413 qui
1487 2361 1623 2413 volgo
1660 2360 1846 2401 Auletes
1883 2361 2090 2413 vocatur,

107 2433 348 2475 Ptolemaei
377 2432 419 2474 X
450 2433 618 2474 Soteris
646 2433 683 2473 II
714 2432 834 2474 filius
866 2433 1064 2486 spurius,
1095 2444 1234 2486 regno
1266 2434 1440 2486 potItus
1471 2435 1540 2474 est
1570 2443 1686 2474 anno
1721 2436 1770 2473 80
1796 2444 1834 2474 a.
1858 2432 1958 2473 Chr.
1986 2435 2092 2485 post

26 2494 49 2546 ἦ
108 2517 265 2549 necem
297 2505 541 2547 Ptolemaei
571 2505 651 2546 XII
681 2504 921 2547 Alexandri
953 2506 1004 2558 II,
1036 2505 1254 2559 expulsus
1286 2517 1402 2547 anno
1436 2509 1487 2547 58
1519 2517 1557 2547 a.
1580 2505 1696 2558 Chr.,
1738 2504 1795 2546 ab
1826 2505 1876 2546 A.
1899 2504 2088 2546 Gabinio

107 2579 153 2621 in
182 2589 371 2631 regnum
403 2578 643 2619 restitutus
674 2589 712 2619 a.
738 2581 805 2631 55,
844 2579 1054 2619 mortuus
1083 2589 1121 2619 a.
1145 2581 1190 2619 54
1220 2589 1259 2619 a.
1283 2577 1383 2620 Chr.
1407 2590 1448 2619 n.
1500 2577 1565 2619 Ad
1597 2578 1718 2619 hunc
1749 2579 1955 2630 spectare
1982 2577 2090 2618 titu-

107 2651 202 2693 lum
242 2651 506 2704 Jouguetus,
554 2651 633 2703 qui
671 2650 821 2703 primo
870 2650 927 2692 ad
967 2650 1279 2692 Ptolemaeum
1308 2650 1350 2691 X
1391 2651 1547 2691 Sotera
1577 2651 1614 2690 ΙΙ
1660 2651 1850 2701 eiusque
1896 2651 2088 2691 matrem

48 2735 54 2770 f
109 2723 394 2777 Cleopatram
425 2723 483 2763 III
512 2723 761 2776 rettulerat,
800 2723 1032 2776 perspexit
1069 2734 1175 2764 cum
1206 2724 1313 2776 quia
1343 2725 1490 2764 mater
1527 2724 1629 2764 ante
1659 2722 1817 2776 filium,
1857 2734 1947 2764 non
1984 2724 2090 2776 post

107 2806 213 2838 eum
245 2794 518 2837 nominanda
548 2793 645 2847 fuit,
676 2796 775 2836 tum
806 2795 914 2848 quia
935 2790 1217 2852 Φιλαδέλφων
1250 2806 1417 2836 nomen
1447 2796 1494 2836 in
1524 2795 1607 2837 hos
1638 2806 1728 2836 non
1749 2794 1955 2848 quadrat.
2006 2796 2090 2835 Per

108 2869 258 2910 totum
306 2878 495 2921 regnum
533 2863 790 2923 Φιλοπάτωρ
829 2865 902 2909 καὶ
948 2863 1216 2924 Φιλάδελφος
1261 2870 1453 2909 vocatus
1498 2870 1581 2909 est.
1641 2867 1698 2908 At
1740 2866 1835 2909 νέου
1883 2864 2087 2909 Διονύσου

8 2949 10 2970 ³
48 2950 50 2954 “
110 2951 272 2982 nomen
302 2951 358 2981 ex
389 2940 453 2981 eis
484 2939 642 2993 titulis,
681 2939 760 2992 qui
791 2940 894 2982 anni
925 2939 1302 2993 significationem
1339 2939 1521 2993 habent,
1561 2951 1651 2982 non
1689 2939 1910 2992 praebent
1939 2951 1979 2980 n.
2006 2942 2085 2980 484

111 3011 238 3064 (anno
271 3016 293 3052 8
326 3012 464 3065 regni,
499 3015 548 3052 73
573 3023 609 3053 a.
634 3011 735 3053 Chr.
757 3011 814 3064 n.)
846 3013 891 3054 et
920 3023 961 3053 n.
987 3016 1066 3054 485
1101 3013 1230 3065 (anno
1260 3015 1313 3053 42
1346 3013 1484 3065 regni,
1518 3016 1570 3053 69
1593 3024 1631 3054 a.
1654 3012 1754 3054 Chr.
1779 3012 1849 3066 n.),
1882 3024 1989 3053 cum
2022 3012 2088 3052 in-

56 3127 58 3129 ,
110 3085 316 3126 veniatur
346 3095 461 3126 anno
491 3084 834 3136 undevigesimo
866 3084 933 3137 (62
957 3096 995 3126 a.
1018 3085 1134 3137 Chr.)
1167 3097 1208 3126 n.
1233 3088 1314 3126 486
1348 3087 1392 3126 et
1413 3085 1633 3137 vigesimo
1655 3085 1790 3125 tertio
1824 3085 1891 3136 (58
1914 3096 1951 3125 a.
1969 3084 2086 3135 Chr.)

111 3167 152 3197 n.
175 3158 271 3197 487.
331 3155 455 3204 Quae
486 3167 591 3197 cum
622 3167 670 3197 re
700 3156 814 3197 bene
845 3157 1055 3198 convenit
1085 3157 1213 3210 quod
1243 3168 1298 3198 ex
1329 3158 1515 3210 reliquis
1547 3157 1689 3198 titulis
1720 3157 1760 3197 ei
1792 3157 1868 3208 qui
1902 3156 2086 3208 Cleopa-

110 3228 205 3269 trae
235 3228 555 3282 (Tryphaenae)
596 3239 762 3270 nomen
798 3227 966 3270 habent
995 3241 1037 3271 n.
1061 3232 1156 3271 482.
1184 3232 1279 3283 483,
1319 3229 1395 3270 illo
1435 3230 1733 3282 cognomento
1773 3229 1939 3280 carent,
1979 3238 2085 3268 cum

110 3310 152 3340 n.
177 3302 271 3353 494,
310 3311 446 3353 quem
487 3301 623 3342 certis
666 3300 721 3342 de
759 3301 908 3343 causis
946 3302 1002 3344 ad
1041 3303 1327 3355 postremum
1368 3301 1492 3354 regni
1530 3300 1797 3342 decennium
1834 3299 2001 3353 rettuli,
2040 3299 2086 3341 id

109 3370 283 3413 habeat.
334 3373 398 3413 De
428 3384 519 3413 uno
550 3373 681 3414 titulo
704 3383 745 3414 n.
769 3375 849 3414 492
881 3373 1097 3427 ambigas,
1130 3374 1210 3415 sed
1239 3374 1345 3427 quia
1375 3373 1638 3426 peregrinae
1667 3372 1863 3414 civitatis
1894 3373 1975 3425 est,
2007 3372 2086 3413 vix

111 3443 354 3496 quicquam
399 3445 511 3486 certi
557 3444 612 3486 de
658 3445 802 3486 aetate
846 3456 903 3486 ex
948 3447 1119 3488 omisso
1159 3446 1341 3488 nomine
1379 3445 1527 3497 colligi
1566 3444 1730 3485 licebit.
1787 3443 1894 3485 Veri
1937 3444 2084 3485 simile

109 3514 245 3566 igitur
275 3518 343 3557 est
383 3527 488 3558 eum
527 3519 631 3569 post
672 3518 865 3558 mortem
903 3519 1067 3571 prioris
1110 3519 1269 3559 uxoris
1309 3518 1413 3570 (not.
1446 3518 1483 3568 2)
1527 3516 1711 3557 demum
1748 3514 1843 3558 νέον
1884 3512 2082 3558 Διόνυσον

110 3589 320 3628 vocatum
351 3599 462 3630 esse.
524 3590 572 3629 In
603 3589 816 3644 nummis,
855 3591 934 3643 qui
973 3591 1180 3632 omnium
1219 3589 1309 3631 fere
1340 3590 1438 3630 eius
1470 3589 1594 3641 regni
1625 3600 1846 3630 annorum
1889 3590 2079 3630 aetatem
