2314 3970
216 169 319 222 590
394 165 465 208 VI.
512 169 657 219 Regna
687 168 850 208 Asiana
883 170 1070 209 minora.
1135 172 1172 209 6.
1204 168 1414 210 Armenia
1444 171 1489 210 et
1518 169 1659 211 Media
1691 171 1975 224 Atropatene.
2036 172 2192 224 [384-

359 370 508 381 -----
518 360 815 393 νιε-------
833 338 839 410 Ι
854 370 973 379 ----
993 337 1073 393 Διὶ
1093 338 1444 410 ΚαπετωλΙίωι
1463 341 1468 411 Ι
1488 338 1714 410 Ἰού]λιος
1728 338 2162 414 ἰ’ὶριοβαρζάήης1
2184 343 2191 416 Ι

364 427 631 498 βΙασιλέως
665 422 1104 498 Ἀριοβα[ρζάνουῖ
1143 425 1149 498 Ι
1192 425 1299 488 υἱὸς
1336 458 1582 468 --------
1583 429 1615 497 ].

331 609 524 650 Litterae
555 611 759 652 ΑΘΖΠΣ.
906 612 923 650 4
963 609 1024 652 Cf.
1056 621 1098 652 n.
1124 609 1246 652 3802.
1395 614 1419 651 2
1459 610 1520 652 Cf.
1553 622 1593 652 n.
1620 610 1741 652 3803.

324 866 435 922 382
485 871 678 921 Romae
716 872 767 920 in
806 872 1014 936 collegio
1040 872 1420 922 Maronitarum.
1487 874 1565 922 Ex
1593 873 1847 924 Sirmondi
1882 874 2079 924 schedis
2118 875 2193 925 ed.

215 956 398 1008 Gruter
432 957 578 1008 Thes.
612 958 767 1024 ⁴09⁴,
798 958 880 1009 40.
946 956 1127 1026 (Franz
1168 959 1218 1009 C.
1249 960 1284 1009 I.
1315 959 1370 1010 G.
1403 957 1577 1027 6559).
1642 960 1831 1027 Lepide
1868 961 1932 1010 ab
1959 962 2196 1012 Henzeno

215 1046 394 1094 collato
433 1045 670 1110 repetivit
709 1045 764 1095 G.
794 1046 970 1094 Kaibel
1007 1046 1160 1096 Inscr.
1192 1046 1275 1096 Gr.
1307 1047 1402 1096 Sic.
1432 1051 1482 1096 et
1515 1047 1573 1096 It.
1606 1045 1759 1098 ⁴472.
1826 1047 1899 1097 Cf.
1940 1063 2071 1114 quae
2109 1049 2198 1097 ad-

213 1135 520 1181 notaverunt
557 1131 648 1180 Th.
677 1133 961 1183 Mommsen
999 1133 1145 1182 Rom.
1176 1133 1354 1183 Gesch.
1383 1136 1426 1184 V
1461 1149 1512 1200 p.
1543 1134 1644 1182 403
1692 1137 1795 1184 not.
1829 1135 1848 1183 4
1906 1138 1956 1184 et
2003 1136 2059 1184 A.
2095 1150 2198 1185 von

216 1217 515 1268 Gutschmid
555 1217 731 1268 Gesch.
774 1220 918 1269 Irans
954 1235 1005 1286 p.
1043 1218 1160 1270 ⁴47.

359 1359 541 1430 ΘΙεοῖς)
579 1360 987 1432 κ(αταχθονίοις).
1021 1361 1027 1431 Ι
1055 1361 1308 1433 Αὐρήλιος
1337 1361 1342 1431 Ι
1375 1360 1606 1434 Πάκορος
1622 1365 1654 1432 ¹,
1699 1362 1948 1435 βασιΙλεὺς
1979 1362 2198 1435 μεγάλης
2278 1392 2280 1394 ’

327 1543 520 1584 Litterae
552 1545 808 1586 ΘΖΘΠΟΟ).
860 1542 1010 1585 Verba
1030 1544 1232 1586 Romano
1266 1556 1392 1586 more
1423 1545 1610 1598 singulis
1637 1546 1820 1599 punctis
1843 1545 2198 1604 distinguuntur,
2284 1526 2314 1579 f*

210 1614 290 1655 sed
328 1615 594 1668 neutiquam
633 1617 904 1657 constanter.
1082 1620 1097 1656 4
1143 1616 1463 1659 Arsacidarum
1503 1618 1658 1671 stirpis
1700 1618 1821 1659 hunc
1861 1617 2001 1659 fuisse
2032 1630 2198 1660 nomen

209 1686 375 1741 prodit,
407 1687 486 1729 sed
516 1689 671 1729 utrum
703 1689 937 1729 hominem
982 1688 1162 1730 aliunde
1193 1691 1356 1731 notum
1384 1690 1459 1731 hic
1489 1691 1726 1732 teneamus
1757 1701 1897 1732 necne
1928 1691 2200 1732 dissentiunt

209 1760 417 1801 homines
448 1760 583 1802 docti.
635 1761 742 1802 Post
771 1760 982 1802 Antonini
1004 1762 1069 1802 Pii
1100 1763 1298 1803 mortem
1329 1762 1560 1806 Chosro'en
1581 1763 1818 1816 Vologasis
1841 1763 1898 1804 IV
1929 1763 2198 1805 Parthorum

210 1833 327 1884 regis
374 1833 537 1873 ducem
575 1832 834 1875 Armeniam
880 1835 1083 1875 exercitu
1128 1836 1383 1888 ingressum
1429 1836 1520 1877 illic
1558 1836 1781 1878 Pacorum
1825 1835 2020 1878 familiae
2051 1837 2199 1889 regiae

210 1905 527 1946 Arsacidarum
557 1906 790 1947 hominem
820 1918 974 1960 regem
1013 1908 1266 1950 instituisse
1304 1910 1493 1950 constat.
1555 1909 1640 1950 Sed
1682 1921 1797 1951 anno
1831 1912 1912 1951 464
1946 1920 1989 1963 p.
2019 1909 2120 1950 Chr.
2152 1921 2198 1951 n.
2280 1944 2288 1964 ,ι

211 1977 386 2018 Parthis
418 1990 443 2019 a
473 1978 518 2021 L.
540 1978 647 2019 Veri
678 1978 871 2021 ducibus
902 1979 1067 2032 fugatis
1097 1979 1416 2034 Artaxatisque
1447 1981 1571 2034 quod
1601 1983 1740 2035 caput
1778 1982 1903 2034 regni
1940 1981 2024 2023 fuit
2054 1983 2198 2035 captis

212 2051 256 2090 et
287 2049 445 2091 deletis
476 2051 673 2092 Pacorus
693 2050 906 2093 Armenia
937 2052 1097 2093 cedere
1128 2054 1313 2110 coactus
1345 2055 1390 2094 et
1418 2054 1667 2095 Sohaemus
1699 2066 1725 2095 a
1754 2054 1967 2096 Romanis
1998 2066 2078 2095 rex
2108 2054 2198 2094 illic

210 2123 446 2163 institutus
476 2124 557 2164 est.
619 2123 680 2164 Cf.
713 2123 877 2165 Fronto
921 2136 991 2178 ep.
1024 2124 1080 2166 ad
1110 2124 1281 2166 Verum
1313 2129 1352 2179 2,
1384 2129 1400 2166 4
1439 2138 1482 2179 p.
1507 2129 1589 2166 427
1621 2125 1791 2168 Naber:
1831 2124 1949 2181 quod
1978 2123 2197 2168 Sohaemo

204 2192 362 2248 potius
391 2206 528 2249 quam
566 2193 802 2250 Voloyaeso
830 2208 1023 2251 reqmcm
1052 2194 1301 2240 Armeniae
1331 2196 1520 2240 dedisset
1548 2200 1629 2240 aut
1658 2197 1777 2254 quod
1803 2196 2032 2242 Pacorum
2060 2211 2197 2254 regno

204 2264 442 2320 privasset.
501 2267 570 2309 Ad
609 2268 803 2310 eundem
844 2269 1082 2312 manifesto
1124 2271 1300 2323 spectat
1345 2270 1473 2312 locus
1515 2282 1570 2311 ex
1607 2270 1749 2312 Asinii
1780 2270 1995 2320 Quadrati
2025 2272 2199 2312 Parthi-

211 2336 375 2380 corum'
409 2339 526 2381 libro
564 2341 698 2382 tertio
737 2352 876 2394 quem
917 2342 1118 2383 servavit
1158 2343 1414 2396 Stephanus
1451 2343 1557 2396 Byz.
1591 2355 1626 2385 s.
1654 2356 1698 2385 v.
1737 2337 1925 2400 Ὠτηνήε
1974 2341 1995 2386 ὁ
2037 2342 2084 2385 δὲ
2119 2346 2198 2399 τῆς

209 2406 426 2469 Ἀρμενίας
460 2409 653 2467 βασιλεὺς
683 2409 880 2469 Πάκορος
918 2411 962 2455 ἐν
998 2411 1135 2470 τούτῳ
1177 2412 1271 2473 περὶ
1299 2409 1526 2472 Ἀρτάξατα
1564 2413 1637 2457 καὶ
1672 2413 1751 2471 τὴν
1782 2409 1968 2472 Ὡτηνὴν
2005 2419 2083 2472 τῆς
2112 2410 2198 2474 Ἀρ-

213 2481 357 2539 μενίας
389 2482 557 2541 διάγων.
620 2484 681 2526 Cf.
713 2486 885 2539 Fragm.
914 2487 1018 2528 hist.
1050 2488 1120 2528 Gr.
1153 2488 1211 2527 III
1241 2499 1285 2541 p.
1320 2491 1398 2529 660
1432 2487 1483 2529 fr.
1516 2491 1554 2530 6.
1613 2487 1729 2530 Nam
1770 2487 1894 2541 quod
1923 2488 2084 2529 Miiller
2123 2488 2198 2528 hic

211 2557 515 2609 antiquiorem
546 2558 775 2610 quendam
806 2570 958 2611 regem
989 2560 1228 2614 Pacorum,
1267 2560 1531 2602 defunctum
1569 2560 1698 2602 illum
1729 2560 1914 2615 quidem
1955 2560 2047 2601 fere
2078 2571 2195 2601 anno
2278 2568 2314 2608 f}

210 2631 293 2668 442
316 2640 359 2682 p.
383 2629 484 2670 Chr.
507 2640 550 2670 n.
582 2631 796 2684 agnoscit,
829 2631 1068 2673 manifesto
1100 2632 1282 2673 fallitur.
1330 2633 1507 2674 Etenim
1534 2633 1736 2686 primum
1765 2632 1951 2686 quidem
1983 2631 2197 2680 Quadrati

210 2701 525 2743 Parthicorum
548 2704 865 2755 argumentum
888 2703 972 2745 fuit
994 2703 1166 2746 bellum
1189 2705 1233 2746 L.
1255 2704 1362 2746 Veri
1383 2706 1657 2759 Parthicum,
1689 2717 1772 2746 nec
1793 2706 1880 2747 nisi
1903 2706 2091 2758 propter
2110 2705 2197 2746 hoc

211 2784 355 2814 unum
393 2773 695 2827 fragmentum
735 2775 952 2818 Mullerus
994 2778 1135 2817 sumit
1175 2788 1280 2818 eum
1322 2778 1459 2819 etiam
1498 2779 1673 2831 priores
1711 2789 1784 2819 res
1821 2777 1925 2819 inde
1966 2789 1991 2819 a
2020 2777 2197 2818 Traiani
2275 2778 2279 2780 ’

210 2847 469 2900 principatu
499 2848 648 2900 gestas
678 2847 794 2890 libro
827 2859 911 2890 suo
943 2849 1358 2902 comprehendisse.
1417 2850 1588 2892 Deinde
1607 2862 1717 2892 vero
1748 2850 1823 2890 ille
1850 2850 1977 2903 prior
1997 2850 2194 2891 Pacorus

211 2929 316 2960 sane
353 2918 496 2960 filium
544 2919 728 2972 quidem
779 2920 976 2962 habebat
1015 2921 1382 2976 Parthamasirin,
1434 2924 1513 2975 qui
1552 2922 1727 2976 aliquot
1764 2923 1892 2964 annis
1932 2924 2038 2975 post
2074 2922 2196 2964 illius

212 2991 388 3032 obitum
430 3004 455 3033 a
499 2994 662 3045 patruo
705 2993 843 3036 Osroe
879 2993 1117 3035 Armeniae
1162 3006 1241 3035 rex
1280 2995 1518 3037 institutus
1556 2997 1625 3036 est
1672 2995 1739 3048 (cf.
1779 2995 2046 3048 Prosopogr.
2087 2996 2194 3048 imp.

211 3064 340 3105 Rom.
362 3065 420 3104 III
451 3076 494 3118 p.
517 3068 571 3106 42
602 3078 643 3106 n.
667 3065 749 3119 97),
781 3066 879 3119 ipse
909 3078 1019 3108 vero
1050 3078 1283 3119 nunquam
1316 3079 1395 3108 rex
1417 3067 1653 3109 Armeniae
1684 3067 1782 3122 fuit,
1815 3067 1894 3110 sed
1924 3068 2194 3108 Parthorum

211 3136 420 3188 (78-440
454 3149 495 3190 p.
519 3138 618 3179 Chr.
642 3150 684 3179 n.
725 3138 778 3180 cf.
810 3151 902 3180 von
931 3139 1212 3192 Gutschmid,
1254 3140 1410 3181 Gesch.
1442 3141 1568 3182 Irans
1598 3151 1642 3194 p.
1667 3143 1748 3181 437
1767 3151 1864 3194 sqq.
1924 3141 2192 3193 Prosopogr.

210 3209 267 3248 III
298 3220 341 3262 p.
366 3212 389 3250 5
430 3221 470 3250 n.
496 3210 578 3263 20),
616 3222 764 3263 neque
796 3211 918 3252 aliud
949 3211 1058 3253 dicit
1087 3211 1171 3252 Dio
1204 3212 1391 3266 LXVIII,
1423 3216 1489 3266 47,
1517 3215 1555 3266 2,
1596 3224 1731 3265 quem
1773 3213 1950 3264 testem,
1991 3213 2192 3254 numeris

212 3292 319 3322 sane
350 3293 439 3323 non
469 3283 591 3323 recte
621 3283 779 3337 allatis,
812 3284 921 3324 citat
950 3283 1122 3324 Miiller.
1184 3283 1331 3331 Quare
1362 3285 1409 3326 id
1445 3297 1591 3326 unum
1635 3283 1893 3338 ambIgitur‚
1934 3286 2089 3325 utrum
2120 3285 2193 3325 ille

212 3365 435 3394 annorum
466 3357 626 3395 464-4
641 3357 691 3395 64
714 3367 757 3408 p.
782 3355 882 3396 Chr.
914 3367 995 3396 rex
1015 3355 1250 3396 Armeniae
1273 3355 1422 3398 fratris
1445 3358 1793 3398 monumentum
1816 3356 2066 3409 sepulcrale
2088 3368 2193 3398 con-

213 3424 375 3466 diderit
405 3437 461 3466 an
492 3426 606 3467 alius
637 3427 775 3468 homo
808 3428 1040 3480 ceteroqui
1079 3427 1210 3480 plane
1248 3428 1443 3479 ignotus.
1503 3429 1619 3470 Illud
1658 3429 1816 3470 statuit
1846 3429 1890 3469 P.
1925 3428 1979 3469 de
2005 3429 2193 3469 Rohden

213 3497 479 3551 Prosopogr.
519 3499 627 3552 imp.
660 3499 785 3540 Rom.
820 3500 878 3539 III
916 3511 959 3553 p.
984 3503 1007 3540 ὅ
1047 3510 1088 3540 n.
1113 3502 1181 3552 22,
1223 3499 1302 3540 sed
1343 3500 1559 3552 gravibus
1600 3501 1655 3541 de
1693 3500 1844 3542 causis
1883 3501 2191 3542 Mommsenus

213 3568 418 3610 distinxit
448 3571 667 3612 Pacorum
694 3571 814 3612 tituli
840 3571 897 3613 ab
928 3572 1005 3612 illo
1037 3581 1174 3624 quem
1206 3571 1452 3624 scriptores
1484 3574 1907 3614 commemorarent.
1953 3572 2129 3614 Etenim
2153 3573 2191 3613 si

212 3641 285 3681 hic
329 3644 574 3695 postquam
618 3655 755 3696 regno
790 3644 1028 3686 Armeniae
1075 3655 1123 3685 se
1164 3643 1374 3685 abdicare
1413 3647 1596 3687 coactus
1633 3646 1714 3699 est,
1757 3646 1965 3697 captivus
2002 3646 2190 3687 Romam
