2314 3970
262 228 366 276 454
929 216 979 256 V.
1026 216 1225 266 Regnum
1257 213 1567 254 Attalidarum.
2075 210 2233 262 [277-

268 397 370 450 277
405 393 519 449 Ἀπὸ
575 396 663 461 τῆς
720 385 1008 461 παρ[ἀ----
1049 385 1188 458 πρ]ὸς
1244 386 1465 455 Λ[υ]σίαν
1482 387 1522 420 14
1571 382 1576 454 Ι
1624 383 1708 437 καὶ
1756 381 1869 443 τοὺς
1915 381 2237 450 Σελ[εύκου15

409 476 768 551 στρατ]ηγο[ὺ]ς
808 474 993 547 μάχης·

266 658 317 697 ut
338 654 520 696 omnino
552 652 609 694 ab
640 663 693 692 ea
714 650 993 704 separandus
1015 650 1087 690 sit.
1138 647 1268 696 Quod
1298 658 1408 688 num
1431 658 1510 700 per
1531 657 1580 687 se
1602 645 1699 686 veri
1720 645 1866 687 simile
1887 645 1958 698 sit,
1990 655 2111 685 nunc
2132 643 2242 684 nihil

266 738 433 768 moror.
491 724 607 766 Nam
638 725 762 765 certa
798 723 971 764 ratione
1001 720 1261 762 Thraemeri
1293 719 1448 772 opinio
1488 718 1785 770 redarguitur.
1846 717 2022 758 Etenim
2063 717 2243 768 praeter

265 799 408 841 multa
433 798 532 851 alia,
564 807 680 850 quae
710 796 785 837 hic
812 795 943 848 plane
965 793 1211 835 concinunt
1231 803 1336 833 cum
1367 803 1408 831 n.
1427 793 1523 831 274.
1556 794 1651 831 275.
1675 792 1916 841 277-279,
1950 787 2243 829 memorabile

267 872 337 912 est
366 871 452 911 hos
484 879 641 911 omnes
672 878 826 909 carere
856 867 1041 908 nomine
1072 865 1170 906 eius
1202 865 1280 917 qui
1311 863 1489 904 dedicet
1518 864 1563 903 et
1583 862 1691 903 deae
1722 862 1795 902 cui
1817 861 2062 902 dedicetur.
2113 859 2243 908 Quod

267 943 342 983 hic
372 941 555 995 quidem
586 952 669 982 cur
698 940 777 982 fiat
806 940 907 980 luce
930 938 1094 979 clarius
1126 938 1215 989 est;
1248 947 1353 977 nam
1383 936 1467 976 hae
1499 945 1658 975 omnes
1678 934 1998 987 inscriptiones
2019 943 2109 973 non
2139 932 2245 972 sunt

266 1015 354 1057 nisi
384 1014 700 1067 supplementa
729 1012 849 1053 tituli
880 1009 1145 1052 dedicatorii
1166 1019 1303 1061 quem
1333 1006 1473 1049 habes
1503 1018 1546 1048 n.
1569 1009 1666 1047 273.
1717 1005 1865 1054 Quare
1895 1006 1934 1046 si
1965 1003 2244 1058 separandus

267 1088 337 1128 est
366 1086 524 1127 titulus
558 1088 639 1126 276
671 1097 698 1126 a
726 1084 927 1137 reliquis,
966 1093 1071 1124 eum
1104 1081 1218 1122 alius
1249 1079 1536 1121 monumenti
1574 1078 1792 1119 simillimi
1822 1078 1999 1131 partem
2029 1075 2245 1129 effecisse,

268 1158 395 1212 quod
438 1159 548 1199 item
596 1168 688 1198 una
726 1155 1009 1198 dedicatione
1047 1153 1199 1195 omnia
1243 1150 1632 1205 comprehendens
1673 1149 1771 1191 aliis
1808 1149 1951 1190 titulis
1988 1147 2246 1200 singillatim

269 1231 526 1282 designaret
554 1229 812 1282 complures
842 1227 1071 1269 victorias.
1131 1225 1188 1266 At
1217 1224 1328 1266 illud
1359 1224 1416 1266 ad
1444 1234 1588 1264 unum
1620 1222 1879 1263 Galatarum
1919 1221 2089 1262 bellum
2130 1230 2246 1261 anno
2312 1279 2314 1282 .

271 1305 345 1343 244
376 1315 415 1344 a.
437 1303 538 1343 Chr.
569 1301 757 1343 feliciter
786 1301 965 1352 gestum
996 1299 1227 1351 spectasse
1251 1308 1342 1338 non
1371 1296 1537 1350 potest,
1569 1295 1676 1348 quia
1704 1294 1751 1335 id
1775 1305 1867 1335 uno
1897 1293 2072 1347 proelio
2103 1293 2248 1333 trans-

271 1375 425 1415 actum
456 1375 536 1415 est.
589 1373 722 1422 Quod
752 1371 969 1425 quoniam
1001 1371 1160 1423 utique
1190 1381 1232 1410 n.
1255 1372 1338 1410 276
1369 1380 1459 1410 ιιοιι
1479 1368 1631 1421 potest
1660 1378 1750 1409 non
1781 1377 1886 1420 pars
1916 1365 2055 1407 fuisse
2086 1375 2249 1406 monu-
2293 1374 2297 1418 j

270 1447 411 1487 menti
433 1446 559 1499 quod
579 1445 782 1499 plurium
803 1444 1031 1485 bellorum
1052 1442 1228 1495 proelia
1248 1441 1555 1493 victoriasque
1574 1451 1668 1481 una
1688 1438 2106 1492 comprehenderet,
2137 1436 2251 1490 quid

270 1519 431 1560 attinet
461 1517 584 1559 aliud
613 1516 838 1558 eiusmodi
872 1525 988 1568 opus
1015 1514 1183 1567 fingere
1211 1514 1382 1567 potius,
1413 1524 1551 1566 quam
1584 1522 1828 1564 agnoscere
1848 1510 1896 1552 id
1915 1512 1962 1551 in
1991 1511 2079 1551 hoc
2097 1509 2248 1562 ipsum

272 1588 462 1632 cadere?
509 1590 655 1638 Quare
676 1589 788 1630 mihi
809 1581 993 1640 quidem
1014 1586 1174 1628 titulus
1201 1597 1243 1627 n.
1261 1589 1344 1626 276
1367 1585 1673 1627 certissimum
1695 1585 2012 1636 argumentum
2033 1581 2251 1635 praebere
2312 1631 2314 1637 Ι

271 1663 465 1717 videtur,
504 1662 560 1704 de
589 1662 731 1703 totius
762 1659 1045 1702 monumenti
1076 1659 1249 1700 ratione
1279 1659 1325 1699 et
1355 1657 1705 1711 inscriptionum
1735 1657 2001 1709 argumento
2033 1653 2251 1706 Gaebleri‚
2312 1663 2314 1678 ³

271 1747 361 1776 non
382 1734 601 1776 Fr'ankelii
622 1733 892 1775 sententiam
913 1734 1035 1773 recte
1058 1742 1106 1773 se
1124 1730 1304 1772 habere.
1453 1731 1506 1771 44
1546 1729 1819 1782 Frankelius,
1848 1739 1954 1770 cum
1978 1728 2185 1769 dextram
2207 1727 2252 1768 et
2289 1711 2291 1715 Α
2310 1739 2314 1780 j

274 1808 505 1850 sinistram
549 1809 727 1860 partem
780 1806 980 1847 duorum
1029 1804 1318 1845 diversorum
1366 1803 1606 1844 titulorum
1655 1813 1755 1843 esse
1806 1802 2083 1855 opinaretur,
2131 1800 2254 1840 hunc

272 1881 455 1933 Lysiam
485 1879 695 1920 Antiochi
725 1878 925 1921 Hieracis
945 1877 1143 1918 militum
1165 1876 1330 1917 ducem
1350 1874 1641 1917 existimabat
1668 1875 1862 1927 ideoque
1883 1873 2253 1927 supplementum

274 1950 373 2004 [ἀπὸ
403 1956 480 2009 τῆς
513 1950 630 2008 πρ]ὸς
659 1947 848 2003 Λ[υ]σὶαν
883 1947 889 2004 Ι
924 1947 1012 2002 [καὶ
1041 1947 1140 1995 τοὺς
1179 1945 1338 1994 ἄλλους
1367 1942 1580 2006 Ἀντιόχου
1622 1944 1926 2005 στρατ]ηγο[ὺ]ς
1964 1943 2109 2003 μάχης
2149 1955 2254 1998 pro·
2286 1970 2288 1974 -

274 2025 432 2078 posuit
471 2024 526 2076 (n.
549 2023 632 2075 26).
694 2022 748 2063 At
778 2033 833 2062 ex
873 2033 964 2074 quo
996 2020 1202 2062 Gaebleri
1241 2021 1483 2073 sagacitate
1523 2021 1818 2073 perspectum
1849 2020 1918 2060 est
1946 2020 1991 2059 et
2021 2019 2134 2059 haec
2163 2017 2253 2058 duo

275 2096 524 2149 fragmenta
561 2094 877 2147 coniungenda
917 2104 1016 2135 esse
1054 2094 1100 2134 et
1128 2093 1314 2134 titulum
1353 2092 1410 2134 ad
1448 2092 1638 2133 eandem
1674 2092 1915 2134 victoriam
1955 2092 2160 2144 spectare
2202 2099 2255 2130 ac
2287 2087 2289 2089 ’

275 2180 317 2209 ιι.
342 2172 438 2222 272,
470 2167 750 2209 Staehelinus
780 2168 902 2208 recte
933 2165 1111 2207 monuit
1141 2175 1247 2206 eum
1279 2165 1345 2206 sic
1375 2164 1591 2217 distingui
1621 2176 1647 2206 a
1678 2163 1871 2206 ducibus
1903 2163 2090 2216 Seleuci,
2128 2163 2180 2203 ut
2209 2161 2256 2201 in

274 2251 435 2282 eorum
465 2250 657 2280 numero
687 2237 924 2279 habendus
955 2249 1044 2278 non
1073 2237 1205 2290 esset,
1238 2236 1318 2278 sed
1337 2246 1457 2277 unus
1478 2248 1534 2278 ex
1553 2236 1641 2278 illis
1662 2236 1868 2290 dynastis
1890 2246 1989 2277 esse
2009 2235 2256 2288 videretur,

274 2312 430 2365 quales
460 2313 560 2353 tum
590 2311 812 2364 temporis
844 2311 890 2351 in
921 2309 1087 2351 abditis
1117 2308 1248 2350 Asiae
1279 2309 1468 2350 minoris
1494 2308 1703 2362 partibus
1733 2308 1856 2350 haud
1885 2308 2021 2362 pauci
2050 2307 2255 2349 fuissent·

2305 2346 2310 2363 ⁸
2307 2308 2310 2316 -
2309 2287 2311 2292 -
2304 2134 2314 2274 ,οη-...μ’-

276 2385 488 2438 Spectant
536 2384 648 2425 haec
698 2382 755 2424 ad
803 2393 877 2423 res
928 2383 1078 2434 gestas
1129 2382 1258 2423 annis
1309 2384 1535 2422 226-223
1584 2393 1622 2423 a.
1659 2381 1760 2423 Chr.
1798 2393 1840 2423 n.
1901 2380 1963 2422 Cf.
2009 2392 2052 2422 n.
2083 2376 2205 2420 2722·
2221 2375 2255 2420 3.
2307 2418 2309 2429 ,

279 2460 330 2498 45
370 2456 484 2497 Cum
530 2456 759 2498 sinistram
803 2456 983 2508 partem
1028 2454 1142 2496 alius
1187 2453 1351 2507 lapidis
1397 2454 1451 2506 (n.
1487 2453 1554 2506 25)
1600 2465 1700 2495 esse
1740 2454 2022 2495 existimaret
2055 2451 2258 2506 Frankel,
2303 2450 2307 2488 ἐ

280 2525 484 2585 Σελ[γεῖς]
515 2528 756 2581 supplevit.
816 2527 994 2568 Etenim
1025 2527 1257 2579 Selgenses
1286 2526 1478 2568 Pisidiae
1507 2528 1696 2580 propter
1727 2526 1884 2580 oppidi
1924 2526 2149 2578 egregiam
2184 2523 2282 2578 tir-3
2307 2575 2308 2578 Ἴ

278 2601 483 2642 mitatem
514 2611 695 2653 semper
725 2600 798 2641 sui
827 2600 938 2641 iuris
970 2599 1193 2641 mansisse
1232 2598 1407 2651 (Strabo
1427 2598 1523 2653 XII,
1546 2602 1584 2653 7,
1610 2602 1632 2639 3
1663 2610 1708 2652 p.
1731 2602 1805 2640 574
1837 2598 1955 2640 Cas.:
2002 2595 2075 2638 διὰ
2103 2595 2152 2638 δὲ
2179 2595 2275 2653 ἰ-ὴνΔ

278 2669 544 2729 ἐρυμνότητα
574 2667 672 2712 οὔτε
702 2668 904 2728 πρότερον
937 2664 1024 2714 οὔθ’
1052 2667 1223 2729 ὕστερον
1256 2663 1339 2712 οὐδ’
1365 2666 1478 2720 ἅπαξ
1509 2669 1550 2712 οἱ
1577 2667 1755 2727 Σελγεῖς
1787 2664 1848 2711 ἐπ’
1872 2667 2021 2716 ἄλλοις
2051 2666 2257 2726 ἐγένοντο,

277 2741 389 2785 ἀλλὰ
429 2741 508 2799 τὴν
549 2741 628 2798 μὲν
666 2739 819 2799 ἄλλην
840 2743 986 2800 χώραν
1027 2740 1163 2790 ἀδεῶς
1203 2739 1480 2800 ἐκαρποῦντο,
1519 2740 1626 2801 ὑπὲρ
1667 2741 1715 2785 δὲ
1749 2745 1830 2798 τῆς
1866 2740 1986 2785 κάτω
2022 2745 2102 2797 τῆς
2137 2754 2183 2782 τε
2212 2738 2256 2783 ἐν

277 2815 334 2874 τῇ
370 2811 605 2873 Παμφυλίᾳ
639 2813 713 2857 καὶ
751 2817 832 2872 τῆς
870 2813 987 2862 ἐντὸς
1027 2817 1103 2857 τοῦ
1144 2811 1315 2871 Ταύρου
1354 2813 1609 2874 διεμάχοντο
1647 2813 1752 2874 πρὸς
1788 2813 1888 2862 τοὺς
1928 2811 2126 2870 βασιλέας
2162 2810 2256 2866 ἀεί).
2313 2822 2314 2845 ³

279 2888 362 2929 Hic
390 2889 436 2929 et
465 2887 781 2929 condicionem
812 2888 857 2928 et
886 2888 1086 2928 mentem
1117 2887 1396 2940 Selgensium
1426 2888 1564 2930 talem
1595 2887 1804 2941 describi,
1845 2889 1898 2928 ut
1936 2887 1993 2929 ab
2030 2898 2084 2928 ea
2114 2885 2258 2928 neuti-

279 2972 418 3014 quam
449 2960 690 3002 abhorreat
719 2959 826 3001 belli
855 2971 965 3001 cum
984 2959 1131 3002 Attalo
1163 2962 1322 3003 contra
1350 2960 1624 3002 Antiochum
1654 2960 1836 3014 gerendi
1866 2961 2069 3014 conatus,
2100 2969 2258 3000 conce-

280 3032 480 3074 dendum
521 3033 590 3074 est
600 3044 611 3085 ;
658 3032 738 3074 sed
775 3033 1041 3074 memoriam
1085 3032 1140 3073 de
1178 3032 1405 3074 eiusmodi
1434 3033 1541 3074 belli
1573 3033 1789 3075 societate
1826 3034 2034 3074 tenemus
2065 3032 2256 3084 nullam;
2305 3046 2307 3073 r

280 3105 418 3146 etiam
463 3104 681 3146 articulus
726 3105 905 3146 ethnico
946 3104 1126 3146 additus
1165 3106 1286 3146 certe
1325 3106 1591 3147 insolentior
1628 3107 1698 3147 est
1734 3105 1802 3157 (cf.
1833 3117 1876 3146 n.
1899 3108 1996 3158 269,
2019 3108 2059 3145 4.
2097 3107 2196 3157 275,
2217 3106 2256 3144 4.
2304 3120 2305 3124 ’

282 3180 380 3230 276,
403 3179 441 3218 2.
484 3179 581 3230 283,
605 3178 645 3217 4.
684 3179 782 3229 298,
806 3179 843 3217 3.
890 3175 1018 3229 Syll.2
1045 3179 1141 3230 272,
1176 3180 1212 3217 3.
1253 3180 1349 3231 283,
1374 3181 1411 3219 3.
1443 3177 1498 3230 4).
1557 3177 1688 3226 Quod
1731 3177 1991 3219 Frankelius
2035 3176 2093 3218 ad
2136 3177 2258 3218 hunc
2303 3181 2305 3200 ⁴

281 3259 419 3290 usum
450 3248 780 3290 defendendum
811 3248 962 3290 attulit
991 3248 1251 3302 exemplum
1279 3248 1466 3291 Alterth.
1496 3261 1540 3291 v.
1570 3251 1694 3302 Perg.
1716 3249 1826 3303 VIII,
1859 3253 1876 3290 4
1915 3260 1960 3302 p.
1990 3251 2043 3290 49
2074 3261 2117 3290 ιι.
2141 3251 2209 3302 62,
2229 3249 2268 3296 4,
2302 3246 2305 3282 ἰ

282 3316 687 3376 ἐπιστρατεύσαντας
716 3323 808 3367 τοῖς
821 3311 1020 3378 Ἕλλησι,
1049 3321 1141 3362 huc
1171 3332 1261 3362 non
1290 3323 1486 3374 pertinet
1506 3322 1613 3375 quia
1633 3322 1771 3363 huius
1801 3321 1996 3363 nominis
2027 3321 2114 3363 alia
2141 3320 2255 3363 ratio
2301 3351 2303 3367 ,

284 3394 353 3434 est
383 3394 520 3445 atque
549 3403 710 3434 eorum
742 3404 858 3446 quae
896 3392 1099 3445 singulos
1138 3393 1335 3446 populos
1366 3395 1579 3446 gentesve
1607 3394 1820 3448 indicant,
1857 3393 1937 3435 sed
1974 3393 2113 3435 altero
2153 3393 2255 3434 loco
2300 3383 2303 3434 ἕ

284 3475 374 3516 quo
395 3464 470 3504 ille
490 3464 635 3505 utitur
665 3465 788 3518 (VIII,
812 3468 827 3504 4
867 3476 910 3518 p.
934 3468 1014 3506 460
1047 3476 1090 3505 ιι.
1107 3466 1205 3518 247,
1226 3465 1262 3515 3)
1295 3475 1402 3507 sane
1430 3464 1529 3512 τοὺς
1554 3462 1908 3523 [Τολιστοαγίους]
1938 3465 2102 3518 legitur
2125 3466 2255 3506 item·
2300 3467 2303 3524 ᾗ

286 3546 374 3587 que
403 3535 519 3577 infra
548 3548 589 3578 n.
612 3540 710 3588 280,
735 3540 757 3576 3
787 3534 887 3583 τοὺς
918 3533 1125 3583 Γαλάτας.
1175 3536 1362 3578 Gaebler
1403 3539 1654 3580 coniunctis
1685 3538 1755 3580 his
1786 3537 1966 3579 duobus
1996 3536 2255 3590 fragmentis

285 3608 331 3646 et
368 3610 630 3660 comparato
674 3608 807 3650 titulo
850 3612 932 3650 272
979 3609 1151 3650 Seleuci
1187 3610 1246 3649 III
1291 3610 1460 3650 Soteris
1505 3610 1744 3661 (226-223
1786 3622 1824 3651 a.
1856 3610 1957 3650 Chr.
1987 3610 2044 3661 n.)
2091 3617 2252 3650 nomen
2298 3611 2300 3615 ‘

285 3678 497 3719 restituit.
2234 3680 2253 3720 3
2298 3700 2299 3705 ’
