2314 3970
218 199 318 248 142
889 198 937 237 11.
984 197 1183 248 Regnum
1215 197 1497 248 Lagidarum.
2108 198 2175 250 [90

355 368 831 438 καταστησαμένου4
868 365 953 419 καὶ
990 363 1053 418 τὰ
1081 364 1202 437 πρὸς
1228 364 1341 426 τοὺς
1381 365 1387 436 Ι
1428 365 1579 426 θεοὺς
1605 366 1855 438 εὐσεβοῦς,
1898 364 2181 420 ἀντιπάλων

357 454 643 526 ὑπερτέρου,
682 456 770 505 τοῦ
806 451 888 505 τὸν
929 451 1029 523 βίον
1067 455 1163 505 τῶν
1204 453 1480 522 ἀνθρώπων
1513 452 1973 524 ἐπανορθώσαντος,
2009 454 2183 524 κυρίου

355 538 857 611 τριακονταετηρίὸων
871 541 909 606 ⁶,
954 536 1187 610 καθάπερ
1235 540 1261 591 6
1286 533 1607 609 εἨφαιστοςὸ
1650 540 1676 591 6
1716 539 1886 610 μέγας,
1938 539 2184 609 βασιλέως

353 624 584 697 καθάπερ
622 627 648 678 6
671 617 857 684 ‘'Hmog
870 628 905 694 ⁷,
947 624 953 696 Ι
996 625 1151 695 μέγας
1190 624 1422 696 βασιλεὺς
1458 627 1554 678 τῶν
1584 645 1638 677 τε
1672 623 1777 678 ἄνω
1809 624 1895 677 καὶ
1920 628 2016 677 τῶν
2042 622 2183 677 κάτω

352 715 533 784 χωρῶν
548 714 583 779 ⁸,
625 712 865 782 ἐκγόνουο
901 711 1034 764 θεῶν
1073 711 1448 783 Φιλοπατόρων,
1489 713 1543 763 ὃν
1583 706 1912 783 ὁσΗφαιστος
1949 710 2185 781 ἐδοκίμα-

353 818 434 851 σεν
450 801 504 866 10,
564 800 629 851 ὧι
675 799 701 850 ὁ
736 793 922 858 Ἵ-Ῑλιος
977 797 1162 851 ἔδωκεν
1218 797 1307 869 τὴν
1363 797 1502 868 νίκην
1523 800 1580 866 1¹,
1638 799 1827 858 εἰκόνος
1884 798 2051 868 ζώσης
2097 801 2184 851 τοῦ

325 990 348 1028 4
386 987 455 1028 Ad
483 998 643 1041 pacem
674 998 780 1028 cum
810 987 1030 1029 Antiocho
1053 988 1271 1040 Syrorum
1292 997 1396 1038 rege
1417 987 1687 1040 restitutam,
1719 988 1891 1040 Scopae
1917 986 2184 1028 seditionem

209 1070 464 1113 repressam
495 1059 664 1112 (Polyb.
693 1059 848 1112 XVIII,
872 1062 939 1112 53,
971 1061 994 1099 4
1012 1059 1139 1112 sqq),
1171 1059 1540 1111 Lycopolitarum
1571 1058 1862 1100 rebellionem
1893 1058 2075 1100 tandem
2106 1059 2184 1099 ali-

207 1131 386 1184 quando
407 1131 627 1173 domitam
661 1131 715 1183 (v.
741 1131 924 1182 24-26)
957 1131 1072 1172 hanc
1101 1130 1282 1172 laudem
1304 1132 1508 1184 spectare
1530 1129 1744 1172 observat
1762 1131 1837 1172 Dr.
1957 1135 1980 1172 5
2021 1129 2185 1179 Quales

208 1204 292 1245 hae
330 1206 481 1246 essent
524 1203 699 1257 periodi
743 1204 1021 1245 tricenorum
1066 1214 1300 1256 annorum,
1355 1203 1561 1244 certatim
1610 1203 1845 1244 enucleare
1882 1203 2031 1244 conati
2081 1205 2186 1243 sunt

208 1276 416 1317 homines
454 1276 587 1318 docti.
648 1275 734 1317 Sed
770 1286 928 1316 eorum
968 1275 1227 1328 sententiae,
1266 1285 1380 1328 quas
1418 1274 1653 1327 diligenter
1690 1275 1918 1327 congessst
1954 1274 2185 1315 Drumann

208 1359 251 1401 p.
281 1350 465 1401 47—50,
513 1358 670 1389 omnes
715 1346 1039 1400 improbabiles
1084 1358 1136 1388 ac
1180 1347 1379 1388 maxima
1415 1346 1600 1399 quidem
1638 1348 1767 1400 parte
1806 1357 1956 1387 merae
1995 1346 2186 1387 hariola-

207 1421 354 1461 tiones
387 1422 505 1472 sunt,
546 1422 598 1460 ut
627 1420 788 1461 merito
820 1420 1090 1460 Letronnius
1121 1430 1217 1460 rem
1248 1419 1379 1472 plane
1410 1418 1652 1460 obscuram
1680 1429 1780 1460 esse
1811 1419 2185 1471 pronuntiaverit.

209 1495 233 1532 6
273 1491 397 1533 Idem
443 1492 567 1544 deus,
607 1492 686 1544 qui
730 1491 805 1532 hic
845 1493 890 1532 et
928 1503 972 1532 v.
997 1494 1019 1530 3
1053 1482 1298 1547 ”Ηφαιστος
1333 1490 1471 1543 audit,
1509 1503 1552 1531 v.
1576 1494 1615 1531 4.
1639 1494 1676 1531 8.
1701 1494 1739 1531 9.
1765 1494 1815 1531 37
1846 1490 2070 1544 Aegyptio
2107 1501 2186 1531 no-

206 1564 328 1605 mine
359 1559 458 1605 Φθᾶ
487 1563 726 1605 indicatur.
785 1562 914 1604 Nam
932 1562 1127 1604 eundem
1157 1564 1353 1615 utroque
1382 1563 1565 1604 nomine
1595 1562 1812 1615 appellari
1853 1562 1987 1603 deum
2029 1563 2187 1603 contra

207 1636 463 1677 Silvestrem
507 1636 562 1677 de
593 1637 708 1688 Sacy
739 1635 887 1676 Lettre
922 1635 948 1676 a
977 1634 1022 1676 C.
1045 1634 1232 1688 Chaptal
1267 1646 1326 1676 au
1356 1635 1474 1687 sujet
1506 1634 1561 1675 de
1591 1634 1889 1687 l'inscription
1917 1634 2187 1687 egyptienne

208 1708 269 1748 du
299 1709 566 1749 monument
595 1710 757 1749 trouve
790 1708 816 1748 a
835 1708 1016 1748 Rosette
1045 1717 1089 1760 p.
1112 1709 1165 1746 22
1184 1717 1282 1760 sqq.
1314 1708 1359 1748 et
1389 1706 1611 1748 Comitem
1632 1706 1688 1748 de
1708 1706 1876 1760 Pahlin,
1906 1705 2100 1759 Analyse
2131 1706 2187 1747 de

206 1776 369 1820 l'inscr.
401 1791 444 1833 p.
467 1783 520 1820 27
539 1790 605 1832 sq.
639 1781 761 1821 recte
791 1780 1036 1820 tenuerunt
1066 1779 1339 1820 recentiores
1371 1778 1475 1819 inde
1504 1790 1530 1820 a
1550 1779 1826 1831 Drumanno,
1858 1778 1936 1831 qui
1966 1779 2188 1831 provocat

205 1851 261 1892 ad
300 1851 562 1892 Ciceronem
603 1851 658 1892 de
697 1853 785 1893 nat.
827 1851 948 1892 deor.
979 1851 1051 1903 111,
1084 1853 1152 1903 22,
1185 1854 1258 1891 55:
1306 1847 1501 1893 Volcwm‘
1534 1848 1644 1893 item
1680 1848 1930 1904 complures
1963 1861 1972 1890 :
1996 1847 2188 1904 primus

211 1919 339 1965 Caelo
367 1925 505 1965 natus
535 1946 604 1976 —,
634 1921 858 1966 secundus
889 1919 998 1964 Nilo
1034 1923 1186 1976 natuS,
1222 1919 1410 1976 Phthas,
1446 1924 1499 1964 ut
1525 1919 1740 1978 Aeqyptii
1774 1919 2015 1976 appellant,
2055 1933 2188 1976 quem

203 1993 427 2037 custodem
454 2007 545 2037 esse
573 1992 765 2050 Aegypti
792 1992 944 2037 volunt
973 1996 1018 2035 et
1054 1994 1236 2035 Suidam
1282 1990 1423 2040 Φθᾶς·
1467 1993 1488 2036 ὁ
1513 1985 1749 2050 Ἥφαιστος
1777 1993 1892 2052 παρὰ
1927 1989 2184 2050 Μεμφίταις.

209 2067 412 2116 Quorum
443 2068 595 2120 opinio
627 2066 953 2120 comprobatur
984 2078 1052 2120 eo,
1083 2066 1206 2119 quod
1235 2066 1282 2107 in
1313 2067 1519 2108 versione
1551 2066 1776 2108 demotica
1806 2065 1991 2107 eaedem
2011 2066 2185 2106 litterae

207 2140 390 2192 utrique
429 2140 604 2181 nomini
646 2140 815 2180 Graeco
859 2138 1146 2192 respondent.
1199 2137 1408 2191 Mahaffy.
1468 2138 1695 2179 Volcanus
1736 2149 1845 2179 vero
1885 2139 1982 2179 sive
2019 2137 2186 2179 Phthas

203 2212 405 2264 primum
450 2211 603 2252 locum
654 2212 772 2251 inter
818 2210 926 2252 deos
966 2210 1242 2263 quibuscum
1284 2221 1364 2251 rex
1409 2212 1700 2264 comparatur
1745 2211 1881 2263 tenet,
1935 2210 2043 2262 quia
2087 2210 2185 2250 eius

205 2294 333 2324 sacra
362 2284 579 2336 primaria
608 2285 736 2324 erant
765 2282 893 2324 urbis
924 2283 1288 2336 Memphitarum,
1319 2283 1366 2323 in
1396 2294 1488 2335 qua
1518 2283 1631 2324 haec
1660 2284 1761 2323 acta
1790 2284 1911 2323 sunt.
2058 2285 2080 2322 7
2122 2281 2183 2322 Cf.

204 2355 424 2396 Letronne
454 2356 499 2396 in
529 2354 757 2396 Addendis
789 2354 998 2396 editionis
1041 2366 1149 2396 suae
1179 2366 1222 2407 p.
1248 2357 1315 2407 44,
1354 2355 1434 2407 qui
1473 2354 1576 2395 inde
1614 2354 1738 2407 quod
1775 2354 1902 2395 iuxta
1931 2353 2183 2395 Volcanum

204 2428 278 2469 hic
308 2427 381 2468 Sol
411 2429 480 2468 ter
510 2439 614 2468 cum
647 2426 783 2469 rebus
814 2428 932 2479 regis
963 2427 1231 2468 coniunctus
1263 2428 1703 2468 commemoraretur
1734 2427 1789 2479 (v.
1813 2430 1851 2467 2.
1883 2423 2019 2479 abis),
2051 2425 2184 2467 colle-

206 2500 270 2551 git
299 2500 434 2540 huius
466 2510 648 2552 quoque
679 2500 750 2540 dei
771 2500 994 2553 templum
1014 2500 1131 2540 inter
1150 2509 1296 2552 pauca
1315 2500 1522 2540 sanctum
1544 2501 1589 2539 et
1615 2498 1792 2540 celebre
1812 2498 2010 2551 Memphi
2032 2498 2183 2539 fuisse.

208 2571 256 2611 Id
275 2583 384 2612 vero
407 2572 544 2612 etiam
565 2573 721 2613 testari
743 2572 976 2612 decretum
998 2572 1300 2613 Busiritarum
1322 2571 1366 2612 C.
1389 2572 1420 2612 I.
1443 2571 1491 2613 G.
1515 2573 1639 2624 4699,
1664 2572 1732 2612 24.
1870 2574 1894 2611 8
1932 2570 2000 2611 Ad
2022 2569 2185 2623 Solem,

205 2654 294 2684 non
325 2643 382 2684 ad
402 2644 710 2685 Ptolemaeum
742 2654 892 2696 regem
923 2644 1034 2684 haec
1054 2643 1310 2684 referuntur
1329 2644 1526 2696 proprie,
1557 2643 1677 2683 unde
1703 2643 1865 2696 elucet,
1896 2654 1986 2683 non
2007 2642 2184 2695 Aegyp-

205 2716 303 2755 tum
335 2716 619 2768 superiorem
657 2717 703 2756 et
738 2715 999 2756 inferiorem
1037 2715 1246 2767 intellegi,
1285 2717 1338 2755 ut
1375 2727 1418 2756 v.
1444 2717 1495 2755 46
1533 2714 1615 2755 ubi
1653 2714 1811 2756 eadem
1852 2715 1932 2756 sed
1970 2714 2184 2766 singulari

206 2798 395 2828 numero
428 2787 652 2841 leguntur,
684 2787 764 2828 sed
794 2787 951 2828 mundi
972 2788 1123 2840 partes
1145 2787 1403 2839 superiores
1434 2788 1479 2826 et
1499 2786 1732 2828 inferiores
1754 2785 1921 2839 quibus
1944 2787 2015 2827 sol
2035 2788 2183 2827 totum

204 2858 427 2900 mundum
457 2870 727 2912 percurrens
758 2860 965 2912 imperat.
1017 2858 1085 2899 Ad
1115 2858 1235 2899 idem
1256 2858 1403 2899 redire
1433 2858 1507 2898 illa
1530 2849 1681 2903 Ἥλιος
1712 2855 1810 2904 θεὸς
1843 2857 2001 2915 (μέγας)
2034 2855 2183 2898 δεσπό-

203 2943 281 2986 της
312 2929 490 2988 οὐρανοῦ
522 2941 591 2983 ap.
623 2929 844 2971 Ammian.
876 2931 1008 2971 Marc.
1029 2929 1163 2982 XVII,
1188 2931 1226 2982 4,
1257 2932 1323 2970 21.
1355 2933 1408 2969 22
1447 2929 1625 2970 monuit
1654 2930 1888 2970 Letronne.
1947 2929 2015 2970 Ad
2054 2939 2184 2981 reges

202 3013 312 3044 vero
343 3002 534 3056 Aegypti
565 3003 652 3044 hoc
693 3014 786 3043 non
823 3001 1104 3054 transfertur,
1146 3002 1231 3042 nisi
1270 3001 1395 3054 quod
1435 3001 1547 3042 Solis
1587 3001 1666 3042 filii
1703 3003 1808 3042 sunt
1847 3001 1953 3053 (not.
1978 3000 2059 3052 ⁴3).
2121 2999 2181 3040 Cr.

204 3074 429 3116 Revillout
459 3075 564 3115 Rev.
596 3074 716 3116 arch.
747 3073 798 3116 N.
831 3085 866 3116 s.
887 3073 1071 3115 XXXIV
1101 3084 1144 3126 p.
1170 3076 1241 3117 344
1282 3075 1373 3114 not.
1397 3076 1436 3113 2.
1584 3077 1606 3112 9
1646 3074 1678 3114 Ι.
1701 3085 1737 3114 e.
1769 3073 1861 3126 filii,
1902 3075 1955 3113 ut
1985 3084 2028 3113 n.
2051 3075 2119 3125 94,
2142 3075 2180 3112 2.

204 3146 364 3188 Nescio
403 3158 461 3188 an
490 3158 657 3188 nomen
694 3145 788 3188 υἱοῦ
827 3148 1069 3199 propterea
1106 3146 1287 3198 vitetur,
1328 3147 1381 3186 ut
1417 3145 1572 3198 paullo
1615 3146 1765 3186 minus
1808 3145 1928 3186 clare
1968 3146 2183 3197 appareat

205 3219 451 3270 pugnantia
481 3219 704 3260 enuntiari
745 3217 799 3259 de
839 3229 942 3270 rege
972 3218 1051 3270 qui
1082 3217 1156 3257 hic
1186 3217 1429 3258 Ptolemaei
1460 3217 1772 3270 Philopatoris,
1814 3216 1928 3257 infra
1957 3217 2038 3256 Dei
2068 3216 2180 3256 Solis

205 3289 323 3331 filius
353 3291 652 3344 praedicetur.
800 3293 851 3330 ⁴0
891 3291 980 3331 Le.
1014 3290 1321 3330 examinatum
1354 3288 1567 3341 probavit
1606 3289 1802 3341 ideoque
1832 3299 1983 3340 regem
2014 3288 2180 3329 consti-

206 3362 305 3402 tuit.
367 3362 428 3404 Cf.
468 3363 652 3404 titulum
689 3362 811 3416 apud
847 3362 1070 3403 Ammian.
1098 3360 1335 3402 Marcellin.
1368 3360 1502 3413 XVII,
1533 3363 1571 3414 4,
1601 3364 1668 3401 48.
1699 3363 1774 3401 23;
1819 3358 1863 3400 ὃν
1889 3351 2041 3405 ”Ηλιος
2079 3373 2179 3415 προ-

208 3430 382 3487 έκρινεν.
429 3434 543 3474 Letr.
693 3438 737 3475 44
782 3434 951 3475 Combe
979 3433 1183 3474 Account
1213 3431 1261 3472 of
1285 3433 1360 3472 the
1381 3432 1563 3473 Rosetta
1595 3434 1723 3473 stone
1753 3443 1797 3484 p.
1819 3434 1872 3471 43
1905 3431 2177 3484 observavit,

207 3505 343 3545 etiam
383 3505 624 3547 Ptolemaei
661 3506 908 3559 Epiphanis
945 3507 1122 3558 patrem
1159 3504 1444 3556 Philopatora
1482 3504 1572 3545 Soli
1609 3505 1900 3556 potissimum
1938 3503 2178 3544 victoriam

205 3578 438 3628 acceptam
483 3578 653 3630 tulisse,
697 3579 749 3619 ut
794 3579 1032 3631 appareret
1076 3587 1131 3617 ex
1175 3576 1230 3617 iis
1269 3586 1385 3628 quae
1430 3575 1484 3616 de
1525 3576 1667 3616 sacris
1707 3576 1811 3628 post
1850 3576 2083 3616 victoriam
2122 3573 2178 3614 ad

205 3648 422 3701 Raphiam
454 3648 549 3700 (248
573 3661 610 3690 a.
633 3650 733 3691 Chr.
756 3650 813 3702 n.)
846 3649 1032 3690 referret
1062 3648 1274 3689 Aelianus
1306 3647 1415 3688 Hist.
1438 3648 1570 3687 anim.
1594 3647 1685 3701 VII,
1709 3650 1784 3688 44:
1828 3644 1988 3702 μάρτυς
2021 3642 2176 3703 ἀγαθὸς
