2314 3970
244 218 349 269 236
925 220 972 258 ll.
1019 219 1220 268 Regnum
1252 218 1534 270 Lagidarum.
2059 222 2092 274 [4
2106 226 2218 264 59.-

244 393 346 446 fissa,
379 392 619 434 Ptolemaei
652 391 898 442 Euergetae
928 391 964 430 11
996 401 1113 431 uxor
1150 391 1303 443 altera,
1342 391 1521 433 videtur
1551 393 1858 446 intellegenda.
1919 394 2033 436 Nam
2076 398 2220 437 mater

245 467 395 507 nescio
426 477 481 505 an
514 464 650 504 huius
680 463 813 514 tituli,
844 463 923 515 qui
957 463 1112 515 utique
1142 463 1187 503 in
1219 465 1497 515 postremam
1538 467 1711 516 partem
1751 467 1874 518 regni
1906 467 2152 519 Euergetae
2183 469 2219 507 11

243 537 412 589 incidit,
444 538 588 577 aetate
619 546 708 575 non
738 535 825 575 iam
858 536 1088 587 superstes
1119 534 1266 575 fuerit.
1317 535 1629 576 Sacerdotium
1660 538 1806 578 simile
1835 541 2221 579 commemoratur

245 611 290 650 in
334 619 508 661 papyro
555 607 677 660 apud
723 605 1012 646 Grenfellium
1056 606 1124 647 An
1162 606 1464 648 Alexandrian
1516 609 1657 649 erotic
1704 609 1924 661 fragment
1965 609 2051 650 and
2091 611 2221 651 other

245 680 385 722 Greek
416 679 579 732 papyri
611 690 652 731 p.
679 681 728 718 30
762 690 803 719 n.
827 678 919 731 Xll,
944 681 988 718 44
1028 671 1104 735 [ἐφ’
1132 676 1308 733 ἰερει]ῶν
1342 675 1602 736 βασιλίσσ[ης
1634 675 1929 736 Κλεοπά]τρας
1953 678 2221 738 Θ[ε]οδώρ[ας

244 756 320 807 τῆς
352 751 486 804 -·--].

354 972 469 1027 160
520 975 721 1042 Chytris
748 975 916 1042 Cypri.
983 977 1071 1026 Ed.
1113 977 1288 1025 Palma
1323 976 1374 1024 di
1408 975 1619 1026 Cesnola
1653 975 1851 1043 Cyprus
1882 993 1933 1044 p.
1955 977 2056 1026 446
2084 992 2133 1027 n.
2156 978 2219 1027 40

248 1062 318 1129 (Ε.
331 1062 702 1113 Oberhummer
722 1063 1060 1127 Sitzungsber.
1075 1063 1122 1112 d.
1141 1063 1198 1112 K.
1213 1062 1304 1111 Ak.
1319 1062 1450 1112 d.W.
1463 1077 1528 1112 zu
1543 1062 1793 1113 Miinchen
1807 1063 1825 1111 4
1841 1064 1943 1113 888
1963 1079 2013 1130 p.
2031 1064 2133 1114 329
2146 1063 2220 1129 F).

383 1201 715 1273 Ὀλυμπιάδα,
761 1203 849 1274 τὴν
898 1204 1154 1274 θυγατέρα
1202 1202 1207 1273 Ι
1250 1199 1542 1274 ἈρτεμῶςῙ,
1593 1208 1681 1273 τῆς
1731 1203 2000 1273 Σελεύκ[ου
2044 1206 2161 1274 τῶν]
2213 1203 2220 1276 Ι

387 1291 594 1361 πρώτων
653 1291 856 1361 φίλωνῖ,
907 1293 995 1343 τοῦ
1050 1290 1366 1361 στρα[τηγοΰ]
1416 1289 1422 1360 Ι
1471 1288 1557 1342 καὶ
1603 1289 1863 1362 ναυάρχου
1911 1289 2002 1344 καὶ
2050 1291 2224 1362 ἀρχιε-

337 1392 360 1432 5
393 1377 597 1446 [ρέως,3]
633 1376 649 1446 ΙΙ
686 1377 946 1447 θυγατρός,
986 1378 1018 1445 ἡ
1054 1377 1197 1436 πόλις
1233 1378 1267 1447 ἡ
1306 1406 1535 1416 -------

361 1545 553 1586 Litterae
596 1543 803 1597 volgares
853 1545 1033 1596 praeter
1082 1545 1226 1597 ΘΠΣ,
1276 1545 1314 1586 si
1363 1543 1475 1585 fides
1525 1543 1731 1586 habenda
1779 1546 1850 1586 est
1894 1543 2121 1586 Cesnolae.
2181 1546 2223 1586 Is

245 1627 383 1657 versu
415 1619 436 1655 3
459 1615 533 1658 fin.
566 1617 680 1658 ΣΤΑ
711 1618 756 1657 et
787 1627 828 1656 v.
853 1619 876 1656 5
900 1616 995 1656 init.
1027 1613 1172 1667 ᾠΥΓΑ
1203 1615 1387 1657 exhibet
1413 1627 1540 1658 mero
1562 1617 1826 1670 typothetae
1846 1628 2019 1670 errore;
2053 1618 2223 1658 minus-

245 1688 358 1729 culis
402 1688 648 1741 utrobique
691 1699 848 1729 veram
895 1688 1134 1729 lectionem
1181 1689 1276 1729 sine
1321 1689 1450 1730 uncis
1494 1688 1696 1742 praehet.
1850 1692 1865 1728 4
1907 1688 1967 1730 Cr.
2000 1700 2040 1730 n.
2067 1693 2160 1742 459,
2185 1692 2221 1729 4.

243 1761 427 1801 Artemo
461 1761 634 1801 Seleuci
666 1760 691 1801 f.
723 1761 879 1813 nupsit
915 1761 1027 1813 viro,
1066 1760 1196 1801 cuius
1235 1771 1401 1801 nomen
1436 1761 1684 1814 ignoratur,
1724 1762 1770 1801 et
1809 1760 1948 1802 filiam
1988 1761 2119 1802 enixa
2155 1765 2224 1803 est

245 1833 524 1885 Olympiada.
576 1832 699 1873 Hanc
733 1843 891 1873 rursus
919 1833 965 1872 in
996 1833 1340 1873 matrimonium
1371 1833 1500 1873 duxit
1520 1833 1666 1885 ipsius
1688 1833 1941 1874 avunculus
1962 1833 2223 1874 Theodorus

245 1905 418 1946 Seleuci
456 1904 482 1944 f.
523 1904 577 1955 (n.
602 1908 697 1957 464,
724 1908 761 1945 2.
802 1907 897 1957 462,
923 1908 960 1944 4.
1019 1904 1068 1945 H.
1092 1905 1229 1944 Roehl
1269 1915 1338 1957 ap.
1380 1905 1570 1946 Bursian
1611 1904 1946 1946 Jahresbericht
1988 1905 2106 1945 iiber
2150 1905 2222 1945 die

242 1977 534 2018 Fortschritte
571 1976 651 2017 der
687 1976 1024 2017 Alterthumsw.
1057 1976 1242 2016 XXXVI
1278 1987 1321 2028 p.
1355 1977 1435 2028 53).
1623 1979 1646 2017 2
1686 1978 1734 2016 In
1775 1976 1961 2029 reliquis
2009 1976 2222 2018 omnibus

242 2049 415 2090 Seleuci
445 2049 602 2102 titulis,
634 2050 715 2101 qui
744 2050 928 2089 omnino
958 2047 1181 2089 eiusmodi
1211 2049 1397 2090 honoris
1428 2048 1704 2090 vocabulum
1733 2048 1912 2101 habent,
1943 2049 2016 2089 ille
2044 2060 2225 2102 semper

243 2120 529 2162 nobilissimo
561 2121 764 2161 omnium
797 2121 943 2162 ordini
978 2126 1062 2161 τῶν
1101 2125 1310 2177 συγγενῶν
1341 2122 1416 2161 τοῦ
1456 2117 1662 2175 βασιλέως
1700 2120 1945 2162 ascribitur
1985 2121 2039 2171 (n.
2064 2124 2160 2174 454,
2183 2124 2222 2162 4.

246 2196 343 2246 452,
368 2196 406 2234 4.
450 2195 545 2245 453,
571 2196 608 2234 4.
649 2196 746 2246 455,
770 2195 808 2234 4.
849 2196 944 2246 462,
969 2196 1007 2234 2.
1040 2191 1092 2243 3).
1153 2191 1283 2240 Quod
1323 2192 1398 2232 hic
1440 2198 1524 2233 τῶν
1565 2192 1743 2250 πρώτων
1784 2190 1918 2248 φίλων
1960 2192 2139 2246 dicitur,
2177 2193 2223 2234 id

244 2275 355 2305 cave
386 2265 614 2305 rettuleris
646 2265 702 2305 ad
733 2275 971 2306 ascensum
1004 2276 1059 2305 ex
1090 2263 1301 2305 inferiore
1334 2264 1491 2306 ordine
1521 2265 1567 2305 in
1605 2265 1901 2318 superiorem,
1938 2267 1991 2305 ut
2019 2264 2223 2306 Theodo-

244 2347 323 2377 rus
368 2336 488 2377 illius
532 2335 652 2378 filius
691 2347 738 2377 re
784 2347 892 2377 vera
929 2337 1129 2389 primum
1169 2341 1253 2376 τῶν
1293 2335 1471 2393 πρώτων
1514 2333 1646 2392 φίλων
1687 2336 1784 2390 fuit,
1824 2336 1984 2378 deinde
2022 2335 2224 2393 συγγενής

241 2407 389 2449 factus
420 2411 490 2450 est
521 2409 575 2460 (n.
599 2407 736 2460 4552).
787 2408 902 2450 Nam
933 2409 1000 2449 sic
1029 2408 1104 2450 hic
1133 2408 1293 2449 titulus
1324 2408 1382 2450 ad
1401 2408 1559 2450 eadem
1591 2409 1827 2461 superiora
1857 2411 2080 2462 tempora,
2112 2420 2225 2462 quo-

246 2492 347 2520 rum
380 2482 486 2521 sunt
517 2492 557 2522 n.
582 2484 662 2522 450
696 2483 740 2522 et
773 2483 868 2534 454,
910 2481 1172 2522 referendus
1204 2482 1336 2534 esset,
1375 2481 1499 2534 quod
1535 2480 1633 2521 fieri
1664 2481 1821 2533 nequit
1860 2492 1967 2522 cum
2007 2483 2114 2534 quia
2150 2481 2225 2522 hic
2311 2529 2314 2532 ,

245 2554 334 2593 iam
367 2563 546 2594 summa
577 2553 651 2595 illa
682 2555 917 2609 στρατηγοῦ
946 2551 1020 2594 καὶ
1049 2551 1266 2610 ναυάρχου
1288 2550 1368 2594 ’καὶ
1399 2549 1631 2609 ἀρχιερέως
1661 2564 1850 2594 munera
1881 2554 1921 2594 ei
1944 2553 2223 2606 tribuuntur,

247 2626 343 2664 tum
376 2625 483 2677 quia
513 2626 661 2678 neptis
691 2626 789 2666 eius
820 2626 894 2666 hic
937 2626 1027 2666 iam
1060 2625 1213 2667 adulta
1239 2626 1384 2666 aetate
1415 2627 1484 2666 est
1521 2626 1566 2665 et
1606 2626 1760 2678 nupta,
1799 2627 1851 2666 ut
1892 2627 2109 2678 appareat
2147 2637 2224 2666 ex-

246 2697 389 2736 trema
414 2697 585 2737 Seleuci
617 2699 847 2737 senectute
879 2699 958 2737 aut
988 2697 1099 2738 adeo
1130 2699 1236 2749 post
1266 2697 1363 2737 eius
1395 2696 1568 2737 obitum
1603 2696 1690 2737 hoc
1720 2699 2069 2738 monumentum
2101 2697 2223 2738 dedi-

246 2769 398 2807 catum
430 2779 541 2808 esse.
592 2768 715 2808 Mero
748 2769 889 2820 igitur
915 2779 1080 2821 errore,
1113 2769 1191 2821 qui
1222 2769 1372 2809 minus
1403 2768 1549 2808 mirus
1579 2769 1624 2808 in
1645 2768 1776 2809 titulo
1798 2768 1966 2821 Cyprio
1996 2771 2066 2809 est
2086 2780 2222 2821 quam

245 2839 291 2879 in
312 2839 611 2880 Alexandrino
642 2841 774 2892 esset,
804 2844 888 2880 τῶν
919 2839 1098 2894 πρώτων
1131 2837 1266 2891 φίλων
1297 2851 1381 2892 pro
1411 2838 1482 2880 τὸν
1515 2844 1693 2897 συγγενῆ
1722 2842 1798 2880 τοῦ
1829 2837 2037 2896 βασιλέως
2067 2851 2222 2881 exara-

246 2912 345 2951 tum
377 2910 600 2952 existimo.
749 2913 771 2949 3
813 2910 872 2951 Cf.
907 2922 947 2951 n.
972 2910 1066 2952 841.
1099 2909 1193 2952 938.
1227 2909 1347 2952 4593.

358 3137 467 3193 161
522 3143 578 3192 In
624 3143 814 3209 oppido
851 3139 1187 3208 Famayusta
1229 3144 1421 3192 insulae
1459 3142 1628 3210 Cypri,
1676 3145 1727 3192 in
1775 3144 1942 3194 fronte
1984 3144 2222 3193 interiore

245 3233 426 3294 portae
465 3243 566 3294 qua
602 3230 667 3278 ad
703 3243 845 3278 mare
887 3230 1001 3278 itur.
1068 3229 1192 3278 Edd.
1232 3228 1462 3279 Pococke
1498 3230 1652 3279 Inscr.
1694 3233 1796 3279 ant.
1836 3230 1941 3278 Ρ.Ι
1979 3245 2019 3278 c.
2051 3231 2078 3278 4
2120 3245 2159 3279 s.
2191 3230 2210 3278 4

247 3330 296 3379 p.
323 3315 387 3364 42
414 3330 461 3363 n.
488 3316 533 3363 4.
598 3315 760 3365 Vidua.
784 3317 936 3365 Inscr.
965 3317 1066 3364 ant.
1094 3331 1143 3380 p.
1169 3315 1251 3379 35,
1292 3315 1393 3364 tab.
1418 3315 1502 3381 30,
1526 3316 1555 3365 2
1598 3315 1819 3381 (Boeckh
1846 3314 1895 3365 C.
1917 3316 1951 3365 I.
1977 3315 2033 3365 G.
2063 3315 2216 3365 2649.

247 3400 301 3448 Ε.
332 3399 714 3467 Oberhummer‚
756 3400 1215 3466 Sitzungsberichte
1252 3401 1343 3449 der
1378 3401 1436 3450 K.
1477 3401 1635 3451 Akad.
1676 3402 1722 3451 d.
1753 3404 1829 3450 W.
1871 3417 1935 3451 zu
1973 3399 2220 3450 Miinchen

252 3484 387 3533 4888
426 3502 476 3551 p.
508 3486 610 3536 328
632 3483 703 3553 E).
771 3486 844 3536 Cf.
873 3502 1002 3552 quae
1027 3489 1372 3552 exposuerunt
1408 3487 1659 3537 Letronne
1695 3488 1869 3537 Journ.
1899 3488 1987 3536 des
2014 3490 2219 3536 savants

252 3568 388 3619 4827
427 3586 477 3635 p.
510 3570 608 3620 470
649 3575 700 3622 et
735 3574 814 3622 W.
844 3573 905 3622 H.
932 3573 1273 3637 Waddington
1313 3572 1378 3621 ad
1415 3573 1577 3622 Lebas
1603 3573 1684 3638 ΙΙΙ,
1713 3571 1851 3624 2796
1893 3571 2219 3639 (Explication

249 3656 338 3704 des
375 3656 523 3706 inser.
563 3673 612 3722 p.
645 3657 782 3723 644).
