2314 3970
256 205 353 257 158
927 204 974 244 ΙΙ.
1023 204 1219 256 Regnum
1252 204 1532 255 Lagidarum.
2149 205 2215 257 [90

393 380 565 450 χώραν
605 375 1008 446 ἐ[νοχλήσ]αντας
1021 377 1064 411 ⁸¹
1101 374 1186 427 καὶ
1223 372 1285 426 τὰ
1317 372 1427 445 ἱερὰ
1457 375 1791 446 ἀδικήσαντας
1820 377 2219 446 παραγενόμενος

393 468 464 524 εἰς
504 463 724 532 Μέμφιν,
764 461 1028 531 ἐπαμύνων
1071 460 1076 529 Ι
1117 464 1208 513 τῶι
1243 459 1449 531 πατρὶ82
1485 460 1571 514 καὶ
1609 466 1692 532 τῆι
1728 462 1908 515 ἑαυτοῦ
1951 462 2216 533 βασιλείαι,

391 548 580 607 πάντας
619 549 857 601 ἐκόλασεν
884 547 1209 616 καθηκόντως
1222 548 1263 582 ⁸3
1297 543 1416 599 καθ’
1461 547 1513 599 ὃν
1544 547 1717 618 καιρὸν
1743 548 2064 619 παρεγενήθη
2097 546 2219 618 πρὸς

392 636 445 689 τὸ
482 634 891 704 συντελεσθῆ[ναι
926 633 1083 686 αὐτῶι
1118 629 1199 702 τὰ]
1237 634 1550 704 προσήκοντα
1586 635 1774 704 νόμιμα
1810 638 1894 703 τῆι
1931 636 2221 706 παραλήψει

390 728 476 792 τῆς
517 721 773 793 βασιλείας
788 723 845 772 ⁸4.
901 721 1094 792 ἀφῆκεν
1135 719 1190 772 δὲ
1228 718 1313 773 καὶ
1339 716 1402 772 τὰ
1431 720 1522 789 ἐ[ν]
1562 719 1567 791 Ι
1607 722 1709 780 τοῖς
1741 721 1890 792 ἱεροῖς
1917 722 2220 792 ὀφειλόμενα

391 810 461 868 εἰς
498 807 552 861 τὸ
593 806 848 879 βασιλικὸν
887 807 983 867 ἕως
1020 810 1106 859 τοῦ
1145 807 1324 877 ὀγδόου
1370 805 1526 874 ἔτους,
1575 806 1693 860 ’όντα
1742 808 1812 866 εἰς
1859 806 1997 859 σίτου
2035 827 2087 860 τε
2135 806 2219 860 καὶ

391 894 627 966 ἀργυρίου
665 895 857 964 πλῆθος
895 894 984 946 οὐκ
1023 893 1215 963 ὀλίγον·
1257 892 1515 960 ὡσαύ[τως
1554 891 1626 961 δὲ]
1664 892 1750 945 καὶ
1794 891 1886 953 τὰς
1929 890 2079 963 τιμὰς
2123 897 2219 946 τῶν

301 996 354 1038 30
389 982 455 1053 μὴ
498 981 945 1051 συντετελεσμένων
985 981 1054 1040 εἰς
1092 978 1145 1032 τὸ
1190 977 1445 1050 βασιλικὸν
1495 979 1735 1049 βυσσίνων
1775 978 2042 1050 ὀθ[ονί][1ων
2056 982 2100 1016 8⁵
2135 979 2220 1033 καὶ

389 1071 484 1122 τῶν
525 1067 974 1137 συντετελεσμένων
1012 1069 1075 1119 τὰ
1114 1065 1236 1138 πρὸς
1281 1064 1363 1118 τὸν
1403 1064 1814 1135 ὃειγματισμὸν86
1861 1064 2082 1138 διάφορα
2126 1067 2221 1125 ἕως

388 1159 483 1208 τῶν
525 1155 686 1209 αὐτῶν
725 1155 946 1226 χρόνων·
989 1153 1232 1206 ἀπέλυσεν
1282 1151 1336 1204 δὲ
1380 1148 1443 1205 τὰ
1498 1148 1609 1222 ἱερὰ
1657 1151 1743 1206 καὶ
1787 1157 1876 1223 τῆς
1915 1153 2222 1223 ἀ[ποτεταγ]-

391 1243 539 1312 μένης
554 1245 597 1278 8⁷
625 1239 849 1312 ἀρτάβης
875 1240 1054 1311 τ(ἤ)ι88
1079 1239 1294 1310 ἀρούραι
1319 1244 1406 1309 τῆς
1449 1239 1585 1310 ἱερᾶς
1618 1244 1726 1310 γῆς,
1762 1238 1847 1292 καὶ
1883 1243 1973 1310 τῆς
2013 1239 2222 1309 ἀμπελί-

361 1435 404 1472 81
445 1433 516 1471 Sic
546 1432 780 1482 Letronne‚
822 1430 952 1470 cuius
991 1428 1307 1482 supplemento
1344 1427 1494 1469 favere
1532 1427 1784 1482 Mahaffyus
1825 1427 2041 1469 observat
2069 1427 2218 1468 locum

245 1505 434 1558 Appiani
465 1503 558 1544 Civ.
580 1503 651 1555 IV,
676 1505 743 1543 64:
783 1499 812 1556 ἡ
846 1498 1008 1556 βασιλὶς
1040 1498 1086 1541 δὲ
1118 1500 1380 1553 (Cleopatra)
1413 1494 1588 1555 Κασσίῳ
1622 1499 1696 1554 μὲν
1718 1497 1927 1557 προύφερε
1956 1497 2080 1554 λιμὸν
2112 1497 2220 1555 ὁμοῦ

243 1575 314 1618 καὶ
350 1574 500 1631 λοιμὸν
542 1573 797 1633 ἐνοχλοῦντα
834 1570 928 1614 τότε
968 1568 1186 1629 Αἰγύπτῳ,
1229 1572 1307 1625 qui
1347 1572 1475 1613 locus
1515 1572 1553 1613 si
1584 1572 1694 1625 quid
1724 1572 1856 1613 video
1896 1571 2061 1613 refutat
2098 1572 2219 1624 quod
2286 1571 2294 1610 ἶ

243 1647 438 1701 Mahaffy
479 1647 600 1700 dicit,
650 1647 737 1687 hoc
781 1644 1058 1687 vocabulum
1104 1656 1194 1685 non
1234 1644 1344 1686 satis
1386 1655 1523 1696 grave
1568 1655 1686 1696 esse3
1732 1646 1889 1685 contra
1933 1644 2051 1685 idem
2098 1647 2222 1685 recte
2280 1631 2295 1687 ¹.

243 1721 429 1762 Porsoni
461 1718 792 1776 ἐ[ρημώσ]αντας
823 1718 1018 1758 nimium
1048 1717 1232 1758 iudicat.
1293 1718 1394 1770 Ipse
1429 1716 1626 1769 Mahaffy
1657 1714 1995 1773 ἐ[κταράξ]αντας
2026 1716 2219 1770 supplet.

245 1797 297 1834 82
339 1793 399 1834 Cf.
422 1794 512 1833 not.
539 1795 604 1832 37.
754 1793 805 1831 83
846 1788 908 1835 οἷς
928 1794 1073 1835 κακῶς
1096 1786 1308 1846 ἐχρήσατο
1338 1788 1554 1842 Polybius
1574 1788 1710 1842 XXII,
1736 1792 1775 1838 7,
1797 1791 1821 1828 2
1845 1788 1949 1840 (not.
1973 1789 2054 1841 76).
2104 1788 2219 1830 Nam

244 1865 297 1905 de
328 1864 498 1905 eisdem
529 1862 791 1904 hominibus
822 1862 914 1902 illic
944 1861 1033 1902 dici
1064 1862 1200 1913 atque
1242 1861 1315 1901 hic
1345 1861 1654 1902 demonstravi
1684 1862 1775 1902 not.
1801 1864 1866 1902 80.
2064 1863 2115 1901 84
2158 1860 2218 1902 Cf.

243 1939 334 1977 not.
368 1940 434 1976 32.
495 1936 608 1976 Cum
646 1935 784 1987 igitur
830 1934 1036 1987 proxime
1080 1933 1313 1986 superiore
1351 1944 1468 1973 anno
1508 1932 1754 1986 Lycopolin
1799 1933 2006 1985 cepisset,
2056 1934 2219 1985 exiguo

244 2011 344 2050 ante
382 2010 470 2049 hoc
513 2008 747 2048 decretum
785 2009 990 2059 tempore
1029 2006 1226 2058 Memphi
1257 2005 1485 2058 principes
1517 2005 1750 2046 seditionis
1792 2005 2016 2058 supplicio
2058 2005 2217 2046 affecit.

245 2085 295 2123 85
337 2082 380 2121 Si
411 2080 590 2133 quando
623 2091 712 2120 non
742 2080 916 2120 tantum
949 2079 1089 2120 vestis
1120 2078 1262 2119 lineae
1293 2077 1534 2119 effecerant
1564 2077 1836 2131 sacerdotes,
1868 2079 2089 2130 quantum
2109 2078 2218 2120 fisco

243 2153 506 2205 debebatur,
537 2152 736 2205 pretium
767 2151 864 2191 eius
895 2150 998 2191 loco
1030 2150 1299 2191 solvendum
1329 2151 1438 2191 erat.
1485 2149 1546 2190 Cf.
1580 2149 1623 2190 U.
1641 2149 1847 2190 Wilcken
1879 2150 1949 2190 Gr.
1983 2149 2171 2191 Ostraka
2199 2150 2218 2190 1

240 2238 282 2279 p.
306 2230 401 2279 269,
448 2226 527 2278 qui
569 2224 796 2276 observat,
842 2222 1079 2275 privilegio
1119 2222 1198 2262 lini
1229 2221 1477 2263 fabricandi
1517 2222 1727 2263 fanorum
1758 2222 1981 2262 antistites
2011 2233 2218 2263 nonnun-

240 2310 376 2351 quam
407 2309 499 2338 non
530 2306 803 2348 magnopere
831 2306 942 2335 usus
965 2305 1077 2348 esse,
1109 2297 1161 2335 ut
1191 2294 1302 2336 adeo
1324 2306 1440 2347 quae
1461 2294 1650 2335 deorum
1672 2294 1927 2335 simulacris
1947 2294 2216 2335 exornandis

239 2371 509 2411 inservirent
538 2370 702 2421 vestes,
749 2368 979 2421 emptione
1019 2366 1351 2420 comparandae
1396 2368 1560 2419 essent,
1610 2369 1660 2407 ut
1712 2366 1798 2407 sub
1846 2366 1982 2407 finem
2032 2366 2216 2408 alterius

241 2456 278 2484 a.
309 2443 409 2484 Chr.
438 2454 479 2483 n.
513 2441 681 2483 saeculi
718 2441 764 2480 in
804 2439 976 2492 templo
1017 2439 1120 2492 pagi
1159 2435 1422 2480 Σοκνοπαίου
1454 2443 1583 2496 νῆσος
1623 2438 1792 2479 factum
1834 2449 1934 2480 esse
1973 2439 2217 2480 testaretur

241 2525 443 2568 papyrus
473 2514 577 2566 Aeg.
608 2512 848 2554 Urkunden
879 2522 960 2553 aus
992 2511 1032 2552 d.
1064 2511 1157 2564 Kgl.
1187 2512 1298 2553 Mus.
1331 2522 1386 2551 zu
1415 2510 1564 2551 Berlin
1593 2511 1610 2550 Ι
1641 2521 1684 2563 p.
1709 2513 1724 2549 4
1765 2521 1806 2551 n.
1830 2513 1868 2563 ⁴,
1893 2514 1936 2550 3:
1977 2508 2036 2556 εἰς
2063 2509 2215 2566 τειμὴν

242 2585 420 2628 ὀθονίων
453 2583 655 2640 βυσσίνων
689 2582 957 2638 στολισμῶ[ν]
987 2588 1114 2639 τριῶν
1145 2588 1228 2624 τῶν
1260 2581 1386 2625 θεῶν.
1555 2586 1607 2623 86
1649 2582 1762 2623 Cum
1795 2580 1947 2638 δεῖγμα
1978 2582 2037 2622 sit
2066 2593 2216 2623 exem-

238 2658 365 2710 plum
389 2655 568 2710 (Probe),
605 2667 711 2697 cum
733 2666 823 2708 quo
845 2654 1076 2696 confertur
1095 2655 1142 2695 id
1163 2654 1287 2707 quod
1307 2654 1630 2708 praestandum
1652 2655 1734 2707 est,
1765 2655 1817 2694 ut
1838 2654 1877 2694 si
1907 2655 2028 2694 recte
2059 2665 2107 2694 se
2138 2654 2215 2695 ha-

239 2730 346 2770 bere
377 2730 592 2781 appareat
622 2727 844 2780 probetur
873 2729 919 2767 et
950 2727 1210 2780 accipiatur,
1249 2727 1304 2767 de
1335 2725 1635 2783 ὃειγματισμοῦ
1667 2725 1851 2778 quidem
1882 2725 2065 2766 notione
2094 2725 2216 2766 nulla

239 2803 308 2842 est
337 2803 454 2842 inter
483 2801 753 2852 interpretes
785 2799 1019 2840 dissensio.
1071 2799 1156 2839 Sed
1187 2810 1278 2851 quo
1310 2800 1442 2852 pacto
1465 2809 1569 2839 cum
1591 2797 1860 2850 probatione
1890 2798 2049 2850 pensio
2079 2808 2214 2850 quae-

240 2875 342 2916 dam
374 2874 590 2926 pecuniae
621 2873 863 2913 coniuncta
894 2882 992 2913 esse
1023 2872 1227 2924 potuerit
1257 2870 1514 2922 ambigitur.
1575 2870 1866 2911 Drumannus
1896 2869 2095 2922 quidem,
2136 2869 2214 2922 qui
2243 2887 2247 2906 τ

2302 2605 2308 2630 ἲ

2251 2735 2306 2781 12·

2244 2725 2273 2891 “W-m

2246 2893 2262 2951 Ἢ

239 2946 290 2988 τὰ
323 2945 502 3001 διάφορα
540 2945 814 2996 discrimina,
857 2943 1129 2984 differentias
1165 2944 1499 2996 interpretatur,
1539 2942 1594 2983 de
1624 2942 1688 2982 eis
1725 2953 1840 2994 quae
1871 2952 1975 2982 cum
2007 2941 2213 2994 exemplo
2239 2932 2247 2986 ζ’

238 3030 328 3060 non
367 3017 659 3059 convenirent
698 3016 889 3067 ideoque
926 3015 1280 3068 reprobarentur
1323 3014 1553 3055 intellexit.
1622 3013 1908 3055 Probabilius
1945 2949 2265 3071 Letronniusi

239 3089 419 3148 διάφορα
447 3089 663 3142 pecunias
694 3087 944 3139 significare
985 3087 1144 3128 statuit
1183 3098 1238 3127 ex
1275 3098 1365 3128 usu
1396 3087 1617 3127 sermonis
1657 3086 1733 3127 illa
1764 3087 1908 3127 aetate
1946 3074 2259 3150 frequentis-J}

239 3164 369 3206 simo,
429 3163 663 3214 Impensae
693 3161 830 3212 igitur
859 3159 1116 3200 indicantur
1145 3159 1426 3212 probationis
1457 3160 1528 3200 vel
1559 3159 1751 3211 vectigal
1790 3158 1911 3211 quod
1950 3170 1977 3199 a
2007 3157 2211 3199 sacerdo·
2237 3149 2258 3206 <l

238 3234 361 3275 tibus
391 3233 679 3286 pendendum
699 3233 796 3273 erat
815 3231 1083 3272 officialibus
1115 3232 1274 3272 aerarii
1295 3232 1375 3284 qui
1395 3242 1448 3272 eo
1479 3231 1660 3283 negotio
1683 3230 1987 3283 fungerentur.
2037 3230 2210 3272 Nomen
2239 3262 2247 3289 γ

241 3304 538 3362 δειγματισμός
569 3305 686 3346 redit
715 3305 760 3344 in
789 3314 966 3357 papyro
997 3303 1195 3344 Berliner
1225 3315 1288 3355 gr.
1320 3303 1459 3343 Urk.I
1489 3315 1532 3356 p.
1557 3306 1636 3343 244
1672 3314 1712 3344 n.
1737 3305 1834 3355 246,
1858 3306 1896 3343 5.
1921 3306 1944 3343 6
1981 3299 2209 3343 κινδυνεύω
2238 3301 2250 3340 ὲ

239 3377 324 3429 *mist
353 3377 498 3429 ταῦ]τα
528 3374 736 3418 ἀπολέσαι
759 3374 864 3430 μετὰ
893 3374 966 3416 καὶ
997 3372 1311 3431 δειγματισμοῦ.
1364 3375 1448 3416 Sed
1470 3375 1572 3428 illic,
1604 3375 1689 3415 etsi
1710 3375 1797 3416 loci
1818 3375 2039 3416 sententia
2061 3373 2208 3427 paullo
2239 3390 2242 3393 ⁴

241 3449 477 3490 obscurior
521 3451 602 3502 est,
657 3449 808 3489 tamen
853 3446 1090 3488 manifesto
1135 3447 1264 3499 longe
1310 3447 1440 3488 aliam
1488 3448 1718 3488 notionem
1763 3445 1899 3487 habet
1944 3448 2079 3498 atque
2122 3445 2206 3486 hic.
2243 3439 2245 3442 ⁴

242 3524 292 3561 87
332 3521 566 3573 Supplevit
595 3521 837 3571 Letronne3
869 3518 1062 3572 Mahaffy
1083 3519 1272 3570 dubitat,
1305 3520 1412 3571 quia
1441 3519 1626 3560 lacunae
1657 3518 1855 3560 ambitus
1886 3529 1976 3558 non
2005 3517 2207 3570 sufficiat,

240 3593 318 3633 sed
350 3595 498 3633 tamen
530 3592 754 3632 nonnullis
785 3592 895 3632 locis
916 3592 1086 3632 arctius
1108 3603 1244 3644 quam
1277 3590 1382 3632 alibi
1412 3591 1585 3631 litteras
1606 3590 1815 3632 collocari
1837 3589 2054 3642 concedit,
2086 3586 2205 3641 quod

240 3666 277 3705 si
309 3665 381 3704 hie
411 3674 595 3716 quoque
625 3652 713 3703 usu
744 3664 922 3704 venisse
953 3664 1208 3716 statuimus,
1241 3662 1479 3704 difficultas
1510 3662 1697 3703 tollitur.
1759 3662 1842 3703 Sed
1873 3661 1995 3712 quod
2015 3658 2206 3710 Mahaffy
2285 3669 2288 3712 j
