2314 3970
209 179 315 230 584
702 176 772 217 VI.
818 174 964 226 Regna
995 173 1157 214 Asiana
1188 174 1373 214 minora.
1436 174 1473 212 4.
1506 173 1686 213 Pontus.
2023 176 2180 227 [377—

292 364 316 403 5
349 348 434 402 καὶ
485 348 732 419 βασιλέως
778 345 1115 416 Πολέμωνος3
1151 346 1167 416 ss
1215 346 1334 414 υἱόν,
1385 346 1697 418 θυγατριδῆ4
1743 346 1798 400 δὲ
1843 352 1930 418 τῆς
1969 347 2181 419 εόΙεργέ-

348 439 478 494 τιδος
509 431 817 502 Ἀντωνίας5,
860 432 865 503 Ι
907 432 1179 503 ἐτείμησεν.

205 608 448 667 διαπρέπων
480 606 568 666 μετ’
590 605 765 665 ὀλίγων·
806 604 1111 664 περιεβέβλητο
1144 605 1191 650 δὲ
1219 606 1292 649 ’καὶ
1322 604 1464 650 οὐσίαν
1498 606 1721 665 βασιλικὴν
1753 607 1958 652 πλειόνων
1989 607 2017 666 ἢ
2050 609 2180 669 δισχι-

203 682 304 725 λίων
324 679 556 735 ταλάντων,
578 678 630 736 ἢν
658 678 740 722 ὑπὸ
758 675 972 738 Καίσαρος
991 681 1066 721 τοῦ
1092 676 1195 722 θεοῦ
1217 676 1452 736 πραθεῖσαν
1479 678 1548 723 διὰ
1569 679 1645 737 τὴν
1665 680 1770 736 πρὸς
1787 678 2014 738 Πομπήϊον
2037 680 2179 739 φιλίαν

202 753 522 811 ἐξωνησάμενος
554 750 634 810 οὐχ
662 750 777 809 ἥττω
807 755 898 800 τοῖς
929 749 1045 794 παισὶ
1064 750 1287 794 κατέλιπε·
1318 750 1468 794 τούτου
1502 747 1531 794 δ’
1559 751 1646 795 ἐστὶ
1668 751 1858 810 θυγάτηρ
1881 751 2129 811 Πυθοδωρὶς
2151 753 2180 810 ἡ

202 830 274 869 νῦν
307 824 588 883 βασιλεύουσα
618 823 661 867 ἐν
691 826 754 881 τῷ
776 822 939 880 Πόντῳ,
972 822 1068 883 περὶ
1096 822 1149 881 ἧς
1180 822 1427 881 εἰρήκαμεν.
1479 825 1612 874 Quod
1643 828 1799 867 contra
1830 838 2006 868 morem
2038 830 2183 869 mater

203 902 306 941 ante
326 901 502 954 patrem
524 899 921 951 commemoratur,
950 897 997 938 id
1017 897 1074 938 ad
1094 898 1316 950 insignem
1338 897 1619 940 nobilitatem
1642 899 1858 952 mulieris,
1889 900 2017 941 cuius
2040 903 2183 942 mater

204 973 308 1024 (not.
329 971 366 1024 5)
397 972 453 1013 M.
474 970 657 1012 Antonii
685 970 776 1012 filia
806 970 953 1023 fuerit,
984 970 1160 1010 rettulit
1180 971 1444 1024 Mommsen,
1476 971 1572 1011 sine
1603 970 1742 1013 dubio
1773 974 1908 1013 recte.
2057 976 2079 1012 3
2119 973 2179 1014 Cf.

203 1046 294 1086 not.
318 1048 341 1084 2
374 1045 419 1085 et
449 1045 715 1097 Prosopogr.
738 1044 846 1096 imp.
870 1043 995 1083 Rom.
1019 1043 1078 1082 III
1108 1053 1152 1096 p.
1177 1046 1228 1083 57
1261 1054 1303 1084 n.
1329 1045 1423 1084 405.
1484 1043 1552 1085 Ab
1584 1055 1700 1085 anno
1734 1047 1786 1085 39
1819 1056 1856 1086 a.
1880 1044 1980 1085 Chr.
2004 1057 2060 1099 n.,
2091 1057 2181 1098 quo

201 1117 423 1158 Antonius
461 1117 503 1157 ei
549 1116 718 1168 regiam
767 1115 1031 1168 dignitatem
1080 1126 1170 1156 una
1207 1127 1312 1156 cum
1359 1116 1488 1168 parte
1527 1115 1706 1157 Ciliciae
1745 1116 1941 1170 dederat,
1981 1119 2185 1170 regnavit

202 1201 350 1243 usque
380 1188 436 1230 ad
467 1190 681 1242 mortem,
724 1199 777 1229 ac
805 1189 1040 1240 postremo
1072 1186 1256 1240 quidem
1295 1188 1340 1228 in
1371 1188 1512 1229 Ponto
1554 1188 1658 1229 inde
1696 1188 1753 1230 ab
1784 1201 1822 1230 a.
1855 1192 1907 1230 26
1941 1201 1979 1230 a.
2009 1190 2110 1231 Chr.
2140 1202 2182 1233 n.

202 1263 247 1302 et
284 1262 331 1302 in
359 1262 560 1314 Bosporo
600 1260 657 1301 ab
699 1271 816 1301 anno
849 1261 900 1299 44
932 1271 969 1301 a.
993 1259 1109 1313 Chr„
1148 1271 1238 1313 quo
1269 1260 1495 1313 Dynamin
1529 1261 1731 1313 reginam
1762 1262 1807 1302 in
1838 1262 2183 1303 matrimonium

202 1334 344 1375 duxit.
404 1333 555 1374 Altera
591 1344 708 1374 uxor
738 1331 1014 1386 Pythodoris
1044 1332 1136 1374 fere
1170 1343 1285 1374 anno
1319 1335 1371 1373 42
1402 1345 1440 1374 a.
1469 1333 1571 1375 Chr.
1599 1345 1641 1375 n.
1673 1334 1714 1374 ei
1751 1334 1960 1388 nupsisse
1989 1334 2183 1376 videtur.

203 1407 388 1448 Occisus
425 1416 524 1447 esse
565 1405 747 1446 videtur
788 1416 904 1446 anno
938 1402 1008 1460 8s7
1043 1417 1082 1446 a.
1114 1405 1216 1446 Chr.
1249 1417 1305 1459 n.,
1344 1417 1448 1447 nam
1487 1405 1545 1447 ab
1585 1417 1638 1447 eo
1681 1418 1796 1447 anno
1828 1407 1907 1460 qui
1946 1408 2043 1448 cusi
2079 1410 2185 1449 sunt

201 1479 379 1520 nummi
398 1478 662 1531 Bosporani,
693 1488 772 1518 eos
793 1477 907 1518 alius
930 1477 1047 1530 regis
1069 1487 1168 1519 esse
1190 1477 1519 1519 demonstravit
1537 1477 1610 1522 W.
1629 1478 1680 1519 H.
1701 1478 2002 1531 Waddington
2032 1479 2185 1521 Revue

202 1551 559 1603 numismatique
589 1553 700 1591 4866
738 1561 781 1603 p.
817 1552 912 1590 423.
975 1549 1183 1591 Ceterum
1223 1550 1335 1591 nihil
1372 1550 1509 1591 habet
1547 1551 1622 1592 hic
1659 1551 1819 1593 titulus
1858 1563 1911 1593 ex
1953 1563 2043 1605 quo
2086 1553 2185 1593 iure

202 1624 399 1678 colligas,
441 1635 547 1664 eum
577 1622 819 1664 Polemone
849 1623 1088 1664 etiamtum
1120 1623 1364 1676 superstite
1401 1624 1624 1676 scriptum
1665 1635 1779 1677 esse,
1818 1627 1871 1665 ut
1909 1625 2186 1667 existimavit

204 1697 371 1737 Gelzer.
518 1698 540 1736 4
580 1694 905 1737 Accusativum
935 1692 1168 1753 θυγατρίδη
1199 1706 1282 1749 per
1302 1696 1652 1750 metaplasmum
1684 1708 1711 1738 a
1739 1697 2022 1739 nominativo
2054 1694 2185 1754 θυγα-

202 1767 347 1826 τρίδης
388 1767 1014 1810 deductum-memorabilem
1052 1767 1223 1809 iudicat
1260 1768 1429 1823 Gelzer,
1471 1780 1728 1822 provocans
1767 1770 1824 1811 ad
1855 1769 2038 1812 Suidam
2073 1781 2108 1811 s.
2141 1783 2183 1812 v.

203 1839 459 1899 θυγατριδῆ·
505 1839 576 1882 καὶ
613 1837 891 1898 θυγατριδοῦς
929 1838 1002 1882 ’καὶ
1039 1837 1297 1898 θυγατρίδης
1334 1839 1357 1883 ὃ
1397 1845 1474 1898 τῆς
1515 1838 1723 1900 θυγατρὸς
1764 1840 1867 1889 υἱός.
1927 1843 1984 1884 At
2021 1843 2076 1884 de
2105 1843 2182 1884 illo

203 1914 499 1967 metaplasmo
531 1913 713 1966 quidem
748 1913 845 1954 sine
875 1912 1016 1954 dubio
1047 1914 1229 1955 erravit.
1279 1912 1437 1967 Neque
1467 1915 1588 1956 enim
1619 1914 1677 1956 ad
1707 1911 1962 1974 θυγατρίδης
1993 1915 2185 1957 referen-

203 1987 288 2028 dus
320 1988 389 2027 est
419 1987 708 2028 accusativus
739 1986 820 2027 sed
850 1985 906 2026 ad
936 1983 1226 2043 θυγατριδεύς.
1288 1985 1465 2027 Etenim
1496 1987 1746 2040 antiquitus
1776 1987 1959 2040 quidem
1990 1989 2106 2029 inter
2137 1999 2186 2029 se

202 2060 543 2112 distinguuntur
573 2069 689 2112 quae
719 2070 746 2100 a
776 2059 1054 2111 cognationis
1085 2058 1321 2100 vocabulis
1353 2059 1557 2101 derivata
1592 2060 1831 2101 hominum
1862 2060 2081 2113 originem
2119 2061 2186 2102 in-

203 2131 354 2172 dicant
382 2133 435 2172 ut
465 2128 620 2184 ὑϊδοῦς,
651 2127 942 2188 θυγατριδοῦς,
965 2128 1232 2187 ἀδελφιδοῦς,
1255 2128 1510 2188 ἀνεψιαδοῦς
1541 2131 1598 2173 ab
1620 2133 1684 2173 eis
1706 2143 1823 2185 quae
1844 2132 1902 2174 ad
1922 2133 2184 2174 animalium

202 2205 387 2245 nomina
416 2203 650 2244 redeuntia
678 2203 828 2256 pullos
859 2203 1091 2245 catulosve
1121 2203 1356 2256 designant
1383 2205 1436 2244 ut
1466 2201 1667 2258 ἀετιδεὺς,
1697 2202 1946 2259 λεοντιδεύς,
1975 2203 2184 2252 λυκιδεύς.

203 2277 289 2317 Sed
327 2277 374 2317 in
416 2287 596 2317 summa
636 2277 682 2317 et
720 2275 895 2317 formae
934 2277 979 2316 et
1020 2276 1218 2317 notionis
1257 2273 1552 2317 similitudine
1593 2276 1692 2318 fieri
1730 2288 1819 2318 non
1859 2279 2038 2331 poterat
2076 2279 2185 2331 quin

201 2349 380 2391 labente
421 2351 629 2403 tempore
677 2349 788 2390 haec
827 2348 1221 2402 confunderentur,
1272 2360 1417 2402 neque
1459 2349 1705 2391 admodum
1745 2350 1915 2391 recenti
1955 2352 2099 2392 aetate
2139 2351 2186 2393 id

203 2423 407 2476 coepisse
437 2433 493 2463 ex
523 2422 734 2463 Isocratis
766 2422 868 2463 loco
901 2433 1038 2475 quem
1069 2422 1167 2475 ipse
1198 2422 1410 2463 Gelzerus
1441 2421 1571 2463 affert
1601 2423 1730 2475 epist.
1755 2426 1794 2476 8,
1817 2426 1866 2463 2:
1899 2420 1938 2464 οἱ
1968 2421 2115 2470 παῖδες
2144 2422 2185 2465 οἱ

200 2489 427 2551 Ἀφαρέως,
458 2492 590 2540 ὒϊδεῖς
622 2487 652 2534 δ’
681 2490 778 2549 ἐμοί
808 2494 907 2535 iure
937 2494 1183 2547 collegeris.
1245 2494 1306 2536 Cf.
1338 2496 1476 2536 etiam
1506 2495 1698 2548 Hesych.
1724 2505 1759 2535 S.
1790 2492 1922 2541 ὖιδεῖς
1953 2497 1998 2536 et
2027 2492 2183 2542 ὑιδοῦς.

205 2567 351 2615 Quare
381 2563 614 2624 θυγατριδῆ
647 2565 846 2608 scribere
877 2567 1016 2608 malui
1046 2564 1474 2625 προπερισπωμένως.
1535 2567 1651 2610 Nam
1682 2568 1929 2609 contractio
1960 2568 2185 2609 eiusmodi

202 2639 572 2682 accusativorum
603 2650 694 2679 non
724 2638 862 2681 modo
890 2639 1056 2681 Dorica
1085 2641 1165 2692 est,
1206 2639 1287 2681 sed
1316 2641 1452 2681 etiam
1484 2641 1530 2680 in
1562 2640 1735 2692 volgari
1773 2639 1997 2681 inferioris
2025 2642 2184 2682 aetatis

205 2723 414 2753 sermone
434 2710 556 2752 haud
575 2710 848 2764 infrequens.
895 2711 955 2752 Cf.
980 2708 1134 2767 βασιλῆ
1158 2710 1288 2765 Syll.2
1309 2715 1405 2765 285,
1429 2715 1468 2754 8.
1521 2710 1613 2768 ἱερῆ
1644 2711 1752 2753 ibid.
1774 2714 1870 2766 342,
1895 2714 1961 2754 44.
1995 2714 2090 2766 420,
2117 2715 2183 2754 49.

208 2781 400 2841 Σελευκῆ
433 2783 540 2825 ibid.
565 2785 662 2837 472,
685 2786 752 2824 40.
907 2787 944 2824 -5
983 2784 1048 2825 Ex
1079 2784 1144 2825 eis
1176 2795 1293 2837 quae
1323 2784 1378 2825 de
1409 2783 1728 2837 Pythodoridis
1758 2784 2009 2826 liberorum
2040 2787 2184 2826 aetate

203 2856 382 2910 cognita
419 2855 655 2910 habemus,
694 2855 947 2911 rectissime
987 2857 1297 2897 Mommsenus
1335 2856 1513 2909 collegit
1552 2857 1699 2910 ipsam
1737 2857 1860 2898 nullo
1902 2856 2037 2898 modo
2078 2859 2186 2910 post

205 2940 373 2971 annum
396 2932 449 2969 27
472 2940 510 2971 a.
529 2929 630 2970 Chr.
652 2940 694 2969 n.
725 2930 879 2970 natam
912 2939 1024 2982 esse,
1056 2928 1136 2970 sed
1157 2928 1438 2982 probabilius
1470 2930 1607 2970 etiam
1637 2940 1784 2982 usque
1805 2929 1862 2971 ad
1893 2941 2062 2970 annum
2094 2929 2185 2971 fere

206 3005 257 3042 34
282 3014 319 3044 a.
343 3002 443 3043 Chr.
467 3013 509 3042 n.
543 3001 641 3042 eius
672 3000 843 3043 natales
874 3001 995 3042 reici.
1056 3000 1203 3050 Quare
1234 3001 1370 3042 huius
1391 3013 1551 3043 rursus
1573 3003 1766 3043 matrem
1786 3001 2026 3043 Antoniam
2046 3002 2184 3043 Euer-

205 3074 353 3127 getida
391 3074 467 3115 vix
505 3074 759 3115 recentiore
803 3075 1008 3127 tempore
1045 3085 1183 3127 quam
1225 3085 1263 3115 a.
1298 3076 1350 3115 49
1381 3086 1418 3115 a.
1449 3074 1550 3115 Chr.
1591 3075 1637 3115 in
1675 3074 1824 3115 lucem
1864 3074 2030 3116 editam
2071 3086 2183 3116 esse.

204 3148 341 3200 Atqui
372 3158 477 3188 cum
507 3142 783 3203 Εὐεργέτιδος
815 3157 1080 3200 cognomen,
1111 3148 1210 3187 tum
1243 3147 1368 3200 quod
1399 3148 1584 3189 omnino
1618 3147 1720 3188 avia
1748 3148 1951 3188 materna
1983 3158 2183 3188 comme-

205 3221 424 3273 moratur,
456 3230 569 3260 avus
600 3230 689 3260 non
720 3219 844 3273 item,
885 3219 1050 3260 indicio
1082 3221 1188 3260 sunt
1218 3218 1274 3260 ab
1306 3219 1380 3260 illa
1410 3220 1705 3273 potissimum
1734 3219 1928 3260 Antonia
1958 3221 2082 3272 regni
2113 3221 2183 3261 ius

205 3294 251 3332 et
295 3302 404 3345 opes
441 3292 704 3345 pervenisse
753 3291 811 3333 ad
856 3291 994 3332 filiam
1035 3291 1346 3345 Pythodorida
1392 3293 1438 3332 et
1483 3303 1699 3344 generum
1736 3291 1988 3333 Polemona.
2047 3292 2184 3346 Atqui

207 3364 443 3404 mulierem
474 3363 529 3404 de
559 3375 650 3417 qua
679 3364 724 3405 id
755 3365 1005 3417 praedicari
1034 3365 1203 3418 posset,
1234 3364 1476 3406 Antoniam
1507 3366 1706 3418 nomine,
1743 3364 1819 3405 illo
1851 3364 1974 3417 quod
2013 3365 2183 3417 signifi-

207 3437 306 3476 cavi
336 3438 542 3489 tempore
572 3437 737 3490 natam,
770 3448 859 3478 non
890 3447 1024 3490 posse
1055 3448 1144 3478 non
1174 3437 1228 3478 M.
1251 3436 1432 3478 Antonii
1462 3437 1692 3478 triumviri
1720 3436 1859 3478 filiam
1888 3447 2001 3477 esse.
2050 3437 2181 3478 Illum

208 3519 315 3548 vero
348 3519 402 3548 ex
433 3509 582 3561 prima
612 3508 799 3562 quidem
828 3521 971 3550 uxore
1002 3509 1133 3551 Fadia
1162 3519 1281 3562 quos
1312 3509 1547 3550 habuisset
1575 3509 1757 3562 liberos,
1789 3519 1945 3550 omnes
1975 3509 2183 3562 impube-

208 3590 280 3620 res
312 3581 516 3622 amisisse
548 3581 716 3633 (Cicero
749 3581 939 3634 Philipp.
963 3582 1016 3634 ΙΙ,
1039 3585 1077 3635 2,
1104 3584 1140 3622 3.
1188 3580 1244 3622 ad
1272 3580 1360 3622 Att.
1390 3581 1504 3634 XVI,
1528 3585 1596 3635 Μ,
1620 3582 1673 3634 4),
1712 3583 1804 3622 tres
1835 3591 1943 3622 vero
1983 3581 2097 3622 filias
2128 3593 2183 3622 ex

210 3652 509 3694 matrimoniis
555 3665 659 3695 cum
706 3653 890 3696 Octavia
931 3654 1131 3695 Caesaris
1178 3664 1334 3695 sorore
1378 3655 1422 3694 et
1467 3654 1619 3706 regina
1664 3653 1897 3707 Cleopatra
1946 3655 2181 3707 susceptas
