2314 3970
207 188 308 238 588
393 187 460 228 Vl.
508 188 654 239 Regna
685 186 843 229 Asiana
878 186 1068 227 minora.
1141 189 1177 227 6.
1210 186 1420 228 Armenia
1450 189 1494 228 et
1525 188 1665 229 Media
1692 189 1975 243 Atropatene.
2035 191 2189 244 [379—

207 363 435 404 structura
481 357 616 416 (φίλος
658 353 885 417 Καίσαρος,
933 356 1053 416 φίλος
1078 352 1320 415 Ῥωμαίων)
1367 371 1471 402 cum
1520 363 1850 415 compositione
1896 362 2188 426 (φιλοκαῖσαρ,

208 431 539 490 Φιλορωμαῖος).
616 431 814 471 Similem
861 442 1061 472 errorem
1108 443 1133 473 a
1186 432 1377 485 lapicida
1424 435 1719 476 commissum
1765 447 1863 478 esse
1912 448 2181 490 persuasum

207 506 350 547 habeo
384 506 427 545 in
459 503 590 544 titulo
623 503 818 556 Ephesio
850 514 986 556 quem
1009 504 1226 557 Cyriacus
1249 505 1554 547 Anconitanus
1585 508 1826 561 exscripsit
1856 509 1967 551 Bull.
1990 510 2045 550 de
2067 522 2184 553 corr.

206 578 311 619 Hell.
345 578 361 617 I
394 577 424 628 (4
439 575 533 627 877)
572 587 614 628 p.
646 578 727 616 292
769 587 811 616 n.
847 579 913 628 80,
949 579 1014 617 44.
1050 579 1124 617 ⁴2:
1177 574 1603 635 ἐργεπιστατήσαντος
1634 575 1859 636 Τι(βερὶου)
1893 576 2139 634 Κλ(αυόίου)
2175 580 2180 638 Ι

205 646 417 703 Μελὶορος
458 644 789 703 φιλοσεβάστων.
848 647 1005 700 Neque
1046 649 1165 689 enim
1205 649 1386 690 titulum
1430 650 1475 691 in
1522 650 1607 691 fine
1646 652 1854 693 mutilum
1903 665 2015 708 esse,
2062 655 2187 707 quod

205 723 391 775 propter
421 721 542 761 hunc
572 720 806 761 soloecum
838 720 1060 773 pluralem
1091 722 1287 774 sumpsit
1318 721 1464 764 editor
1496 723 1542 764 O.
1564 723 1791 778 Riemann,
1830 726 1940 766 mihi
1973 727 2187 768 credibile

144 840 156 857 x
204 795 284 846 est,
325 793 542 846 quoniam
575 792 684 833 nihil
716 792 912 846 amplius
944 792 1238 835 desideratur.
1300 795 1444 836 Immo
1478 795 1552 836 hic
1582 808 1765 850 quoque
1796 798 1992 839 hominis
2023 811 2185 852 parum

205 867 369 906 Graece
402 865 522 905 docti
555 865 695 905 menti
717 864 1010 906 obversatum
1042 865 1222 906 videtur
1254 863 1386 922 <pileo
1407 870 1492 908 τῶν
1526 863 1764 922 Σεβαστῶν,
1796 870 1822 910 i.
1846 881 1883 910 e.
1916 882 2076 912 eorum
2107 873 2186 924 qui

204 938 415 990 deinceps
438 937 620 978 fuerunt
640 938 896 990 principum
930 938 1088 979 amico.
1238 941 1289 978 43
1331 939 1411 980 Hic
1440 939 1609 992 aliquid
1639 940 1861 983 excidisse
1892 942 1991 983 luce
2022 943 2187 985 clarius

204 1012 291 1062 est;
333 1009 453 1050 dicat
483 1010 710 1062 quispiam
744 1009 949 1050 sufficere
980 1010 1248 1063 particulam
1286 1008 1370 1064 καί,
1414 1012 1521 1064 quia
1549 1011 1610 1069 τῷ
1640 1010 1754 1055 ἔθνει
1792 1016 1979 1067 propter
2019 1027 2187 1057 nomen

203 1082 440 1136 proprium
477 1085 521 1123 v.
555 1083 606 1122 44
641 1082 855 1135 positum
894 1082 1004 1122 nihil
1044 1075 1208 1124 habeat
1245 1082 1517 1125 offensionis.
1579 1085 1663 1126 Sed
1702 1097 1807 1127 cum
1838 1086 2080 1129 Woltersio
2114 1087 2186 1129 καὶ

200 1148 379 1209 Ἰβήρων
411 1154 603 1207 praetuli
631 1155 736 1207 quia
765 1154 1096 1196 aberrationem
1119 1156 1354 1197 oculorum
1378 1156 1597 1210 lapicidae
1628 1157 1685 1199 ab
1707 1159 1848 1199 altero
1878 1160 1957 1200 ΩΝ
1990 1159 2047 1201 ad
2078 1160 2185 1201 alte-

206 1238 309 1267 rum
341 1227 483 1267 errori
515 1238 670 1268 ansam
702 1227 879 1268 dedisse
913 1226 1149 1280 probabile
1179 1229 1260 1270 est.
1469 1232 1519 1270 44
1562 1230 1645 1272 ΤΟ
1675 1231 1823 1272 Barth.
1856 1231 2057 1286 Ephem.,
2099 1234 2183 1275 Τω

203 1299 373 1354 Reiner.
528 1302 578 1340 45
620 1297 886 1358 ἐξωχύροσαν
922 1299 1127 1342 traditur.

645 1553 698 1598 6.
749 1551 1017 1599 Armenia.
1056 1555 1114 1598 et
1151 1552 1340 1600 Media
1379 1554 1744 1610 Atropatene.

309 1668 422 1724 380
479 1672 786 1737 Fragmenta
831 1672 930 1722 duo
979 1673 1204 1723 eiusdem
1241 1674 1422 1740 lapidis
1467 1675 1538 1724 ita
1574 1675 1706 1725 inter
1751 1691 1805 1725 se
1843 1677 2182 1742 contingentia

199 1763 256 1810 ut
311 1760 478 1826 quarti
529 1774 708 1810 versus
763 1759 958 1809 litterae
1017 1760 1242 1810 fractura
1298 1761 1492 1811 mediae
1546 1762 1889 1813 diffindantur.
1966 1764 2181 1815 Inferius

203 1847 267 1913 (v.
300 1843 471 1913 4-8),
513 1846 650 1912 quod
688 1861 751 1896 ex
788 1847 984 1897 Marinii
1020 1848 1343 1913 possessione
1380 1849 1432 1898 in
1465 1865 1699 1899 museum
1731 1851 2029 1900 Vaticanum
2064 1867 2181 1917 per-

201 1934 354 2001 venit,
395 1949 460 1983 ex
486 1933 679 1982 Marinii
718 1933 916 1984 schedis
953 1939 1073 2000 post
1097 1935 1267 2000 ipsum
1294 1934 1428 2000 (Arv.
1460 1933 1580 2003 734)
1609 1937 1685 1986 ed.
1714 1938 1756 1986 J.
1786 1937 1948 1987 Franz
1989 1937 2039 1987 C.
2061 1938 2096 1987 Ι.
2121 1938 2177 1988 G.

205 2022 341 2072 6342
364 2018 408 2086 b,
451 2036 515 2070 ex
553 2035 644 2070 suo
684 2020 983 2087 apographo
1010 2022 1087 2070 W.
1118 2023 1323 2071 Henzen
1363 2021 1412 2072 C.
1442 2023 1476 2071 I.
1506 2023 1614 2072 Lat.
1644 2025 1710 2074 VI
1743 2021 1907 2087 47983
1947 2030 2180 2075 accurate

200 2109 334 2172 ligno
373 2108 588 2157 incisum
627 2106 830 2157 exhibet
868 2107 957 2158 Tb.
987 2109 1267 2158 Mommsen
1304 2109 1404 2158 Res
1441 2114 1614 2174 gestae
1653 2110 1756 2160 divi
1791 2110 2001 2176 Augusti
2039 2113 2117 2162 ed.
2147 2112 2176 2161 2

201 2211 250 2261 p.
285 2194 401 2244 444.
468 2194 793 2260 Superiorem
840 2197 1041 2260 partem
1080 2193 1145 2262 (v.
1188 2195 1344 2262 4-4)
1390 2197 1442 2245 in
1486 2196 1792 2247 bibliotheca
1825 2198 2066 2248 Vaticana
2104 2200 2180 2249 in-

201 2286 406 2332 ventam
450 2282 637 2347 publici
683 2282 805 2331 iuris
860 2281 978 2331 fecit
1023 2281 1111 2332 Ch.
1149 2283 1370 2332 Huelsen
1414 2283 1682 2333 Bullettino
1732 2281 1841 2334 dell’
1875 2285 1988 2335 inst.
2037 2286 2175 2336 arch.

202 2370 345 2418 Rom.
393 2368 527 2417 4884
575 2385 625 2435 p.
664 2369 783 2420 204.
859 2369 1135 2420 Coniuncta
1184 2369 1390 2420 exhibet
1437 2370 1493 2421 G.
1530 2371 1704 2421 Kaibel
1751 2372 1906 2422 Inscr.
1956 2372 2038 2423 Gr.
2081 2373 2175 2424 Sic.

203 2458 252 2504 et
287 2455 344 2505 It.
378 2452 530 2505 4674.

345 2595 514 2665 [Γάϊος
553 2593 779 2667 'lomim
824 2596 978 2651 Γαΐου
1026 2599 1235 2671 Φαβ(ία)
1286 2599 1291 2671 Ι
1341 2595 1756 2672 [Ἀρταβάσδη]ς1
1794 2597 2127 2673 Ἀρταβάσὸου
2169 2603 2175 2672 Ι

292 2698 315 2739 5
347 2684 364 2753 [
367 2725 556 2738 ......
595 2684 764 2754 υ]ἱός2,
806 2686 1052 2757 βασιλέως
1082 2685 1087 2758 Ι
1125 2683 1581 2758 [Ἀριοβαρζάν]ου3
1608 2689 1798 2758 υἱωνός,
1825 2687 1841 2759 ΙΙ
1875 2689 1946 2758 [ὃς
1982 2689 2176 2760 ἔζησΙεν

345 2768 636 2841 ἐνιαυτΙοὺς)
675 2767 772 2824 λθ’.

344 2886 422 2954 [G.
463 2885 566 2939 Iul.
616 2885 670 2940 O.
710 2887 752 2957 f.
791 2886 943 2957 Fae]
988 2887 1320 2956 ArtabacheS,
1366 2888 1372 2959 Ι
1411 2889 1745 2957 [Artabasdis
1796 2891 1984 2960 filli]u8,
2041 2891 2177 2960 reyis

342 2972 728 3027 Ariobarzanis
768 2973 774 3046 Ι
815 2975 1004 3045 [nep03,
1046 2975 1142 3044 qui
1176 2975 1336 3045 vixth
1367 2993 1541 3029 aomos
1577 2976 1767 3030 XXX
1773 2977 1957 3031 VIIII.

314 3157 506 3198 Litterae
545 3159 727 3199 ΘΘΟω.
789 3154 906 3214 ἄλφα
945 3157 1213 3211 plerumque
1252 3160 1288 3200 Α
1328 3161 1410 3213 est,
1452 3159 1532 3200 sed
1573 3160 1712 3201 semel
1752 3172 1793 3202 v.
1826 3164 1848 3201 5
1888 3163 1936 3202 Α.
1998 3161 2174 3203 Primus

199 3241 359 3272 versus
391 3230 533 3272 multo
565 3229 817 3272 maioribus
849 3242 987 3284 quam
1017 3231 1180 3284 reliqui
1211 3231 1372 3273 litteris
1404 3233 1628 3274 exaratus.
1801 3236 1816 3273 4
1863 3234 2016 3286 Ipsum
2047 3234 2174 3276 Arta-

199 3303 400 3356 vasdem,
433 3303 563 3344 cuius
595 3303 689 3344 hoc.
714 3304 783 3344 est
813 3303 1107 3357 epitaphium,
1139 3315 1291 3356 regem
1323 3316 1412 3345 non
1434 3305 1572 3346 fuisse
1594 3305 1883 3346 manifestum
1914 3307 1996 3358 est,
2027 3317 2174 3358 neque

199 3386 307 3415 vero
340 3376 482 3427 magis
512 3377 688 3428 patrem
720 3376 1037 3428 cognominem
1067 3376 1170 3428 (not.
1195 3376 1247 3429 2),
1280 3376 1420 3418 immo
1451 3388 1570 3418 unus
1601 3378 1679 3430 qui
1710 3378 1784 3418 hic
1805 3389 1969 3419 nomen
2000 3378 2171 3430 regium

200 3449 335 3501 gerat,
368 3449 436 3488 est
466 3458 578 3489 avus
609 3447 936 3490 Ariobarzanes
969 3448 1073 3500 (not.
1098 3448 1158 3501 3);
1201 3448 1255 3489 de
1294 3451 1458 3501 nepote
1499 3449 1621 3490 nulla
1662 3451 1809 3490 exstat
1844 3451 2023 3502 praeter
2052 3450 2173 3490 hunc

199 3519 380 3560 titulum
414 3520 646 3561 memoria.
816 3524 839 3560 2
883 3518 1106 3576 [βασιλέως
1136 3518 1242 3573 und<
1273 3520 1479 3575 Huelsen,
1512 3523 1668 3563 contra
1699 3533 1834 3574 quem
1866 3523 2171 3564 Mommsenus

200 3593 321 3631 recte
360 3594 511 3632 monet
553 3592 675 3633 nullo
714 3592 848 3634 modo
889 3593 1006 3645 regis
1044 3593 1389 3646 appellationem
1429 3594 1474 3634 in
1513 3594 1670 3636 eodem
1712 3594 1842 3636 titulo
1883 3595 1956 3635 avi
1988 3594 2169 3647 quidem

199 3663 370 3705 nomini
407 3664 649 3718 praemitti,
695 3665 835 3719 patris
877 3676 982 3707 vero
1030 3665 1176 3707 subici
1221 3665 1367 3707 licere.
1427 3666 1584 3719 Itaque
1630 3677 1779 3719 regem
1824 3666 2169 3708 Ariobarzanem
