<?xml version="1.0" encoding="UTF-8"?>
<!DOCTYPE html PUBLIC "-//W3C//DTD XHTML 1.0 Transitional//EN"
    "http://www.w3.org/TR/xhtml1/DTD/xhtml1-transitional.dtd">
<html xmlns="http://www.w3.org/1999/xhtml" xml:lang="en" lang="en">
 <head>
  <title>
</title>
<meta http-equiv="Content-Type" content="text/html;charset=utf-8" />
  <meta name='ocr-system' content='tesseract 3.04.00' />
  <meta name='ocr-capabilities' content='ocr_page ocr_carea ocr_par ocr_line ocrx_word'/>
</head>
<body>
  <div class='ocr_page' id='page_1' title='image "./orientisgraeciin01dittuoft_0231.png"; bbox 0 0 2314 3970; ppageno 0'>
   <div class='ocr_carea' id='block_1_1' title="bbox 58 193 2030 249">
    <p class='ocr_par' dir='ltr' id='par_1_1' title="bbox 58 193 2030 249">
     <span class='ocr_line' id='line_1_1' title="bbox 58 193 2030 249; baseline -0.003 -11"><span class='ocrx_word' id='word_1_1' title='bbox 58 197 156 249; x_wconf 89' lang='grc'>437]</span> <span class='ocrx_word' id='word_1_2' title='bbox 398 196 678 236; x_wconf 81' lang='lat' dir='ltr'><strong>Ptolemaeus</strong></span> <span class='ocrx_word' id='word_1_3' title='bbox 700 195 797 235; x_wconf 87' lang='lat' dir='ltr'>VIlI</span> <span class='ocrx_word' id='word_1_4' title='bbox 829 195 1070 245; x_wconf 84' lang='lat' dir='ltr'>Euergetes</span> <span class='ocrx_word' id='word_1_5' title='bbox 1101 195 1138 235; x_wconf 89' lang='lat'>11</span> <span class='ocrx_word' id='word_1_6' title='bbox 1171 195 1201 245; x_wconf 92' lang='grc'>(4</span> <span class='ocrx_word' id='word_1_7' title='bbox 1218 196 1412 234; x_wconf 84' lang='grc'>46-446</span> <span class='ocrx_word' id='word_1_8' title='bbox 1437 206 1472 235; x_wconf 87' lang='lat' dir='ltr'>a.</span> <span class='ocrx_word' id='word_1_9' title='bbox 1498 194 1597 234; x_wconf 85' lang='lat' dir='ltr'><strong>Chr.</strong></span> <span class='ocrx_word' id='word_1_10' title='bbox 1621 193 1691 243; x_wconf 90' lang='lat' dir='ltr'>n.).</span> <span class='ocrx_word' id='word_1_11' title='bbox 1929 194 2030 242; x_wconf 84' lang='lat'>217</span> 
     </span>
    </p>
   </div>
   <div class='ocr_carea' id='block_1_2' title="bbox 753 269 888 272">
    <p class='ocr_par' dir='ltr' id='par_1_2' title="bbox 753 269 888 272">
     <span class='ocr_line' id='line_1_2' title="bbox 753 269 888 272; baseline 0 0"><span class='ocrx_word' id='word_1_12' title='bbox 753 269 888 272; x_wconf 95' lang='lat' dir='ltr'> </span> 
     </span>
    </p>
   </div>
   <div class='ocr_carea' id='block_1_3' title="bbox 889 269 1026 272">
    <p class='ocr_par' dir='ltr' id='par_1_3' title="bbox 889 269 1026 272">
     <span class='ocr_line' id='line_1_3' title="bbox 889 269 1026 272; baseline 0 0"><span class='ocrx_word' id='word_1_13' title='bbox 889 269 1026 272; x_wconf 95' lang='lat' dir='ltr'> </span> 
     </span>
    </p>
   </div>
   <div class='ocr_carea' id='block_1_4' title="bbox 56 367 2035 524">
    <p class='ocr_par' dir='ltr' id='par_1_4' title="bbox 56 367 2035 524">
     <span class='ocr_line' id='line_1_4' title="bbox 57 367 2035 437; baseline -0.002 -16"><span class='ocrx_word' id='word_1_14' title='bbox 57 372 146 422; x_wconf 92' lang='lat' dir='ltr'>Tb.</span> <span class='ocrx_word' id='word_1_15' title='bbox 175 371 403 421; x_wconf 90' lang='lat' dir='ltr'>Homolle</span> <span class='ocrx_word' id='word_1_16' title='bbox 440 371 563 420; x_wconf 92' lang='lat' dir='ltr'>Bull.</span> <span class='ocrx_word' id='word_1_17' title='bbox 595 370 657 420; x_wconf 91' lang='lat' dir='ltr'>de</span> <span class='ocrx_word' id='word_1_18' title='bbox 696 384 824 420; x_wconf 86' lang='lat' dir='ltr'>corr.</span> <span class='ocrx_word' id='word_1_19' title='bbox 854 371 977 420; x_wconf 89' lang='lat' dir='ltr'>Hell.</span> <span class='ocrx_word' id='word_1_20' title='bbox 1006 370 1049 418; x_wconf 93' lang='lat' dir='ltr'>II</span> <span class='ocrx_word' id='word_1_21' title='bbox 1087 367 1264 437; x_wconf 85' lang='grc'>(4878)</span> <span class='ocrx_word' id='word_1_22' title='bbox 1302 386 1352 436; x_wconf 90' lang='grc' dir='ltr'>Ρ.</span> <span class='ocrx_word' id='word_1_23' title='bbox 1376 370 1480 419; x_wconf 87' lang='lat'>398</span> <span class='ocrx_word' id='word_1_24' title='bbox 1517 384 1565 420; x_wconf 91' lang='lat' dir='ltr'>n.</span> <span class='ocrx_word' id='word_1_25' title='bbox 1592 370 1619 419; x_wconf 77' lang='lat'><strong>4</strong></span> <span class='ocrx_word' id='word_1_26' title='bbox 1662 367 1741 436; x_wconf 92' lang='lat' dir='ltr'>(M.</span> <span class='ocrx_word' id='word_1_27' title='bbox 1771 370 1825 418; x_wconf 92' lang='lat' dir='ltr'>L.</span> <span class='ocrx_word' id='word_1_28' title='bbox 1854 369 2035 419; x_wconf 81' lang='lat' dir='ltr'>Strack</span> 
     </span>
     <span class='ocr_line' id='line_1_5' title="bbox 56 455 1347 524; baseline -0.002 -16"><span class='ocrx_word' id='word_1_29' title='bbox 56 459 145 509; x_wconf 93' lang='lat' dir='ltr'>Die</span> <span class='ocrx_word' id='word_1_30' title='bbox 178 457 420 524; x_wconf 84' lang='lat' dir='ltr'>Dynastie</span> <span class='ocrx_word' id='word_1_31' title='bbox 458 457 549 507; x_wconf 92' lang='lat' dir='ltr'>der</span> <span class='ocrx_word' id='word_1_32' title='bbox 582 458 869 507; x_wconf 60' lang='lat' dir='ltr'>Ptolemaer</span> <span class='ocrx_word' id='word_1_33' title='bbox 905 473 955 523; x_wconf 91' lang='lat' dir='ltr'>p.</span> <span class='ocrx_word' id='word_1_34' title='bbox 986 456 1087 507; x_wconf 74' lang='lat'>274</span> <span class='ocrx_word' id='word_1_35' title='bbox 1130 471 1177 506; x_wconf 90' lang='lat' dir='ltr'>n.</span> <span class='ocrx_word' id='word_1_36' title='bbox 1212 455 1347 521; x_wconf 86' lang='grc'>469).</span> 
     </span>
    </p>
   </div>
   <div class='ocr_carea' id='block_1_5' title="bbox 145 603 2036 852">
    <p class='ocr_par' dir='ltr' id='par_1_5' title="bbox 145 603 2036 852">
     <span class='ocr_line' id='line_1_6' title="bbox 206 603 2036 677; baseline -0.001 -17"><span class='ocrx_word' id='word_1_37' title='bbox 206 605 247 661; x_wconf 92' lang='grc' dir='ltr'><strong>Ο</strong></span> <span class='ocrx_word' id='word_1_38' title='bbox 294 609 451 676; x_wconf 82' lang='grc' dir='ltr'>δᾶμος</span> <span class='ocrx_word' id='word_1_39' title='bbox 500 608 525 658; x_wconf 83' lang='grc' dir='ltr'>ὁ</span> <span class='ocrx_word' id='word_1_40' title='bbox 574 605 808 677; x_wconf 85' lang='grc' dir='ltr'>Θηραίων</span> <span class='ocrx_word' id='word_1_41' title='bbox 860 607 865 676; x_wconf 99' lang='grc' dir='ltr'>Ι</span> <span class='ocrx_word' id='word_1_42' title='bbox 908 606 1166 660; x_wconf 86' lang='grc' dir='ltr'>Διονύσιον</span> <span class='ocrx_word' id='word_1_43' title='bbox 1216 604 1539 676; x_wconf 84' lang='grc' dir='ltr'>Τιμώνακτος</span> <span class='ocrx_word' id='word_1_44' title='bbox 1585 603 1851 675; x_wconf 81' lang='grc' dir='ltr'>Μυλασέα,</span> <span class='ocrx_word' id='word_1_45' title='bbox 1890 610 1986 658; x_wconf 84' lang='grc' dir='ltr'>τῶν</span> <span class='ocrx_word' id='word_1_46' title='bbox 2031 606 2036 676; x_wconf 95' lang='grc' dir='ltr'>Ι</span> 
     </span>
     <span class='ocr_line' id='line_1_7' title="bbox 200 691 2035 765; baseline -0.001 -19"><span class='ocrx_word' id='word_1_47' title='bbox 200 693 447 765; x_wconf 85' lang='grc' dir='ltr'>βασιλέως</span> <span class='ocrx_word' id='word_1_48' title='bbox 500 692 820 763; x_wconf 83' lang='grc' dir='ltr'>Πτολεμαίου</span> <span class='ocrx_word' id='word_1_49' title='bbox 876 692 961 746; x_wconf 83' lang='grc' dir='ltr'>καὶ</span> <span class='ocrx_word' id='word_1_50' title='bbox 1017 692 1312 763; x_wconf 86' lang='grc' dir='ltr'>βασιλίσσας</span> <span class='ocrx_word' id='word_1_51' title='bbox 1357 691 1723 763; x_wconf 68' lang='grc' dir='ltr'>Κλεοπάτρας1</span> <span class='ocrx_word' id='word_1_52' title='bbox 1776 693 1782 757; x_wconf 95' lang='grc' dir='ltr'>Ι</span> <span class='ocrx_word' id='word_1_53' title='bbox 1835 691 2035 763; x_wconf 86' lang='grc' dir='ltr'>πράτων</span> 
     </span>
     <span class='ocr_line' id='line_1_8' title="bbox 145 778 2035 852; baseline -0.002 -17"><span class='ocrx_word' id='word_1_54' title='bbox 145 796 169 835; x_wconf 84' lang='grc'>5</span> <span class='ocrx_word' id='word_1_55' title='bbox 202 781 394 852; x_wconf 76' lang='grc' dir='ltr'>φίλων2</span> <span class='ocrx_word' id='word_1_56' title='bbox 430 778 513 833; x_wconf 77' lang='grc' dir='ltr'>καὶ</span> <span class='ocrx_word' id='word_1_57' title='bbox 552 778 912 852; x_wconf 85' lang='grc' dir='ltr'>ἀρχιδικαστάν</span> <span class='ocrx_word' id='word_1_58' title='bbox 927 782 959 847; x_wconf 83' lang='lat'>3,</span> <span class='ocrx_word' id='word_1_59' title='bbox 1004 780 1184 850; x_wconf 80' lang='grc' dir='ltr'>ἀρετᾶς</span> <span class='ocrx_word' id='word_1_60' title='bbox 1221 780 1369 832; x_wconf 80' lang='grc' dir='ltr'>ἕνεκα</span> <span class='ocrx_word' id='word_1_61' title='bbox 1406 779 1422 851; x_wconf 94' lang='grc' dir='ltr'>ΙΙ</span> <span class='ocrx_word' id='word_1_62' title='bbox 1458 783 1545 839; x_wconf 84' lang='grc' dir='ltr'>τᾶς</span> <span class='ocrx_word' id='word_1_63' title='bbox 1585 781 1656 839; x_wconf 87' lang='grc' dir='ltr'>εἰς</span> <span class='ocrx_word' id='word_1_64' title='bbox 1696 778 1842 833; x_wconf 83' lang='grc' dir='ltr'>αὑτὸν</span> <span class='ocrx_word' id='word_1_65' title='bbox 1882 779 2035 839; x_wconf 81' lang='grc' dir='ltr'>θεοῖς.</span> 
     </span>
    </p>
   </div>
   <div class='ocr_carea' id='block_1_6' title="bbox 0 962 2048 2828">
    <p class='ocr_par' dir='ltr' id='par_1_6' title="bbox 55 962 2043 1668">
     <span class='ocr_line' id='line_1_9' title="bbox 168 962 2041 1017; baseline -0.001 -12"><span class='ocrx_word' id='word_1_66' title='bbox 168 965 360 1005; x_wconf 81' lang='lat' dir='ltr'>Litterae</span> <span class='ocrx_word' id='word_1_67' title='bbox 392 964 600 1016; x_wconf 81' lang='lat' dir='ltr'>volgares</span> <span class='ocrx_word' id='word_1_68' title='bbox 632 965 812 1017; x_wconf 88' lang='lat' dir='ltr'>praeter</span> <span class='ocrx_word' id='word_1_69' title='bbox 843 964 984 1004; x_wconf 84' lang='grc' dir='ltr'><strong>ΘΠΣ.</strong></span> <span class='ocrx_word' id='word_1_70' title='bbox 1134 965 1149 1001; x_wconf 98' lang='grc'>4</span> <span class='ocrx_word' id='word_1_71' title='bbox 1201 963 1250 1002; x_wconf 93' lang='lat' dir='ltr'>In</span> <span class='ocrx_word' id='word_1_72' title='bbox 1289 963 1413 1002; x_wconf 91' lang='lat' dir='ltr'>tanta</span> <span class='ocrx_word' id='word_1_73' title='bbox 1443 962 1683 1014; x_wconf 89' lang='lat' dir='ltr'>utriusque</span> <span class='ocrx_word' id='word_1_74' title='bbox 1722 964 1919 1004; x_wconf 89' lang='lat' dir='ltr'>nominis</span> <span class='ocrx_word' id='word_1_75' title='bbox 1955 962 2041 1004; x_wconf 87' lang='lat' dir='ltr'>fre-</span> 
     </span>
     <span class='ocr_line' id='line_1_10' title="bbox 55 1033 2032 1092; baseline -0.001 -14"><span class='ocrx_word' id='word_1_76' title='bbox 55 1038 236 1092; x_wconf 79' lang='lat' dir='ltr'>quentia</span> <span class='ocrx_word' id='word_1_77' title='bbox 256 1037 334 1077; x_wconf 82' lang='lat' dir='ltr'>vix</span> <span class='ocrx_word' id='word_1_78' title='bbox 355 1047 438 1089; x_wconf 91' lang='lat' dir='ltr'>pro</span> <span class='ocrx_word' id='word_1_79' title='bbox 461 1038 585 1077; x_wconf 86' lang='lat' dir='ltr'>certo</span> <span class='ocrx_word' id='word_1_80' title='bbox 609 1035 783 1076; x_wconf 86' lang='lat' dir='ltr'>definiri</span> <span class='ocrx_word' id='word_1_81' title='bbox 801 1034 968 1087; x_wconf 87' lang='lat' dir='ltr'>licebit,</span> <span class='ocrx_word' id='word_1_82' title='bbox 992 1036 1148 1075; x_wconf 87' lang='lat' dir='ltr'>utrum</span> <span class='ocrx_word' id='word_1_83' title='bbox 1166 1033 1499 1075; x_wconf 88' lang='lat' dir='ltr'>PtolemaeusV</span> <span class='ocrx_word' id='word_1_84' title='bbox 1522 1034 1777 1087; x_wconf 87' lang='lat' dir='ltr'>Epiphanes</span> <span class='ocrx_word' id='word_1_85' title='bbox 1800 1035 1974 1086; x_wconf 68' lang='grc' dir='ltr'>(ΞΜ-4</span> <span class='ocrx_word' id='word_1_86' title='bbox 1988 1039 2032 1077; x_wconf 89' lang='grc'>84</span> 
     </span>
     <span class='ocr_line' id='line_1_11' title="bbox 57 1105 2040 1160; baseline -0.002 -9"><span class='ocrx_word' id='word_1_87' title='bbox 57 1123 93 1152; x_wconf 88' lang='lat' dir='ltr'>a.</span> <span class='ocrx_word' id='word_1_88' title='bbox 117 1109 217 1151; x_wconf 86' lang='lat' dir='ltr'>Chr.</span> <span class='ocrx_word' id='word_1_89' title='bbox 239 1107 295 1160; x_wconf 89' lang='lat' dir='ltr'>n.)</span> <span class='ocrx_word' id='word_1_90' title='bbox 328 1120 384 1149; x_wconf 92' lang='lat' dir='ltr'>an</span> <span class='ocrx_word' id='word_1_91' title='bbox 415 1108 631 1149; x_wconf 87' lang='lat' dir='ltr'>alteruter</span> <span class='ocrx_word' id='word_1_92' title='bbox 651 1119 707 1148; x_wconf 83' lang='lat' dir='ltr'>ex</span> <span class='ocrx_word' id='word_1_93' title='bbox 737 1108 835 1148; x_wconf 91' lang='lat' dir='ltr'>eius</span> <span class='ocrx_word' id='word_1_94' title='bbox 855 1106 959 1147; x_wconf 91' lang='lat' dir='ltr'>filiis</span> <span class='ocrx_word' id='word_1_95' title='bbox 980 1106 1306 1158; x_wconf 90' lang='lat' dir='ltr'>intellegendus</span> <span class='ocrx_word' id='word_1_96' title='bbox 1329 1107 1400 1147; x_wconf 90' lang='lat' dir='ltr'>sit.</span> <span class='ocrx_word' id='word_1_97' title='bbox 1452 1105 1566 1147; x_wconf 88' lang='lat' dir='ltr'>Nam</span> <span class='ocrx_word' id='word_1_98' title='bbox 1594 1106 1650 1147; x_wconf 86' lang='lat' dir='ltr'>ad</span> <span class='ocrx_word' id='word_1_99' title='bbox 1671 1106 1882 1148; x_wconf 84' lang='lat' dir='ltr'>inferiora</span> <span class='ocrx_word' id='word_1_100' title='bbox 1904 1108 2040 1148; x_wconf 87' lang='lat' dir='ltr'>etiam</span> 
     </span>
     <span class='ocr_line' id='line_1_12' title="bbox 55 1176 2041 1235; baseline -0.001 -12"><span class='ocrx_word' id='word_1_101' title='bbox 55 1184 260 1235; x_wconf 86' lang='lat' dir='ltr'>tempora</span> <span class='ocrx_word' id='word_1_102' title='bbox 290 1181 367 1222; x_wconf 83' lang='lat' dir='ltr'>vix</span> <span class='ocrx_word' id='word_1_103' title='bbox 398 1181 503 1221; x_wconf 89' lang='lat' dir='ltr'>licet</span> <span class='ocrx_word' id='word_1_104' title='bbox 533 1180 819 1221; x_wconf 86' lang='lat' dir='ltr'>descendere.</span> <span class='ocrx_word' id='word_1_105' title='bbox 990 1182 1013 1218; x_wconf 85' lang='lat'>2</span> <span class='ocrx_word' id='word_1_106' title='bbox 1055 1178 1114 1219; x_wconf 86' lang='lat' dir='ltr'>Cf.</span> <span class='ocrx_word' id='word_1_107' title='bbox 1150 1189 1190 1219; x_wconf 89' lang='lat' dir='ltr'>n.</span> <span class='ocrx_word' id='word_1_108' title='bbox 1216 1176 1338 1219; x_wconf 79' lang='grc'>4042.</span> <span class='ocrx_word' id='word_1_109' title='bbox 1499 1182 1520 1217; x_wconf 88' lang='lat'><strong>3</strong></span> <span class='ocrx_word' id='word_1_110' title='bbox 1560 1178 1624 1219; x_wconf 93' lang='lat' dir='ltr'>De</span> <span class='ocrx_word' id='word_1_111' title='bbox 1655 1179 1742 1219; x_wconf 90' lang='lat' dir='ltr'>hoc</span> <span class='ocrx_word' id='word_1_112' title='bbox 1773 1180 2041 1231; x_wconf 88' lang='lat' dir='ltr'>magistratu</span> 
     </span>
     <span class='ocr_line' id='line_1_13' title="bbox 56 1249 2042 1304; baseline -0.002 -9"><span class='ocrx_word' id='word_1_113' title='bbox 56 1254 107 1296; x_wconf 81' lang='lat' dir='ltr'>cf.</span> <span class='ocrx_word' id='word_1_114' title='bbox 147 1253 381 1294; x_wconf 88' lang='lat' dir='ltr'>Strabonis</span> <span class='ocrx_word' id='word_1_115' title='bbox 427 1253 582 1293; x_wconf 88' lang='lat' dir='ltr'>locum</span> <span class='ocrx_word' id='word_1_116' title='bbox 619 1263 756 1304; x_wconf 90' lang='lat' dir='ltr'>quem</span> <span class='ocrx_word' id='word_1_117' title='bbox 794 1251 985 1304; x_wconf 86' lang='lat' dir='ltr'>ascripsi</span> <span class='ocrx_word' id='word_1_118' title='bbox 1031 1263 1072 1292; x_wconf 91' lang='lat' dir='ltr'>n.</span> <span class='ocrx_word' id='word_1_119' title='bbox 1107 1249 1228 1291; x_wconf 78' lang='grc'>4044.</span> <span class='ocrx_word' id='word_1_120' title='bbox 1295 1250 1632 1292; x_wconf 84' lang='lat' dir='ltr'>Archidieastae</span> <span class='ocrx_word' id='word_1_121' title='bbox 1677 1250 1877 1292; x_wconf 85' lang='lat' dir='ltr'>officium</span> <span class='ocrx_word' id='word_1_122' title='bbox 1915 1253 2042 1292; x_wconf 90' lang='lat' dir='ltr'>here-</span> 
     </span>
     <span class='ocr_line' id='line_1_14' title="bbox 57 1323 2041 1377; baseline -0.001 -10"><span class='ocrx_word' id='word_1_123' title='bbox 57 1326 204 1367; x_wconf 87' lang='lat' dir='ltr'>ditatis</span> <span class='ocrx_word' id='word_1_124' title='bbox 235 1326 334 1366; x_wconf 90' lang='lat' dir='ltr'>iure</span> <span class='ocrx_word' id='word_1_125' title='bbox 367 1337 391 1366; x_wconf 89' lang='lat' dir='ltr'>a</span> <span class='ocrx_word' id='word_1_126' title='bbox 423 1327 552 1377; x_wconf 88' lang='lat' dir='ltr'>patre</span> <span class='ocrx_word' id='word_1_127' title='bbox 583 1325 627 1364; x_wconf 91' lang='lat' dir='ltr'>in</span> <span class='ocrx_word' id='word_1_128' title='bbox 660 1323 801 1364; x_wconf 90' lang='lat' dir='ltr'>filium</span> <span class='ocrx_word' id='word_1_129' title='bbox 834 1324 1027 1364; x_wconf 75' lang='lat' dir='ltr'>transIre</span> <span class='ocrx_word' id='word_1_130' title='bbox 1059 1323 1352 1364; x_wconf 87' lang='lat' dir='ltr'>consuevisse</span> <span class='ocrx_word' id='word_1_131' title='bbox 1373 1324 1594 1364; x_wconf 90' lang='lat' dir='ltr'>Letronne</span> <span class='ocrx_word' id='word_1_132' title='bbox 1615 1324 1794 1376; x_wconf 82' lang='lat' dir='ltr'>collegit</span> <span class='ocrx_word' id='word_1_133' title='bbox 1825 1335 1880 1365; x_wconf 80' lang='lat' dir='ltr'>ex</span> <span class='ocrx_word' id='word_1_134' title='bbox 1909 1325 2041 1365; x_wconf 90' lang='lat' dir='ltr'>titulo</span> 
     </span>
     <span class='ocr_line' id='line_1_15' title="bbox 56 1384 2042 1452; baseline -0.002 -13"><span class='ocrx_word' id='word_1_135' title='bbox 56 1409 190 1452; x_wconf 92' lang='lat' dir='ltr'>quem</span> <span class='ocrx_word' id='word_1_136' title='bbox 222 1398 319 1450; x_wconf 92' lang='lat' dir='ltr'>ipse</span> <span class='ocrx_word' id='word_1_137' title='bbox 352 1397 556 1438; x_wconf 89' lang='lat' dir='ltr'>ediderat</span> <span class='ocrx_word' id='word_1_138' title='bbox 583 1396 764 1437; x_wconf 86' lang='lat' dir='ltr'>Reeueil</span> <span class='ocrx_word' id='word_1_139' title='bbox 797 1395 875 1437; x_wconf 91' lang='lat' dir='ltr'>des</span> <span class='ocrx_word' id='word_1_140' title='bbox 907 1396 1200 1448; x_wconf 82' lang='lat' dir='ltr'>inscriptions</span> <span class='ocrx_word' id='word_1_141' title='bbox 1233 1396 1303 1437; x_wconf 90' lang='lat' dir='ltr'>Gr.</span> <span class='ocrx_word' id='word_1_142' title='bbox 1327 1397 1372 1436; x_wconf 89' lang='lat' dir='ltr'>et</span> <span class='ocrx_word' id='word_1_143' title='bbox 1402 1396 1493 1438; x_wconf 86' lang='lat' dir='ltr'>Lat.</span> <span class='ocrx_word' id='word_1_144' title='bbox 1517 1396 1573 1437; x_wconf 93' lang='lat' dir='ltr'>de</span> <span class='ocrx_word' id='word_1_145' title='bbox 1603 1384 1808 1450; x_wconf 84' lang='lat' dir='ltr'>l&#39;Egypte</span> <span class='ocrx_word' id='word_1_146' title='bbox 1830 1398 1867 1436; x_wconf 93' lang='grc' dir='ltr'>ΙΙ</span> <span class='ocrx_word' id='word_1_147' title='bbox 1898 1409 1941 1450; x_wconf 92' lang='lat' dir='ltr'>p.</span> <span class='ocrx_word' id='word_1_148' title='bbox 1961 1400 2042 1436; x_wconf 79' lang='lat'>372</span> 
     </span>
     <span class='ocr_line' id='line_1_16' title="bbox 56 1464 2040 1525; baseline -0.001 -13"><span class='ocrx_word' id='word_1_149' title='bbox 56 1482 96 1512; x_wconf 90' lang='lat' dir='ltr'>n.</span> <span class='ocrx_word' id='word_1_150' title='bbox 119 1467 311 1512; x_wconf 86' lang='lat' dir='ltr'>CCCLII:</span> <span class='ocrx_word' id='word_1_151' title='bbox 355 1465 483 1515; x_wconf 76' lang='grc' dir='ltr'>Γάϊος</span> <span class='ocrx_word' id='word_1_152' title='bbox 515 1465 691 1515; x_wconf 83' lang='grc' dir='ltr'>Ἰούλιος</span> <span class='ocrx_word' id='word_1_153' title='bbox 723 1465 942 1515; x_wconf 79' lang='grc' dir='ltr'>Διονύσιος</span> <span class='ocrx_word' id='word_1_154' title='bbox 979 1465 985 1523; x_wconf 95' lang='grc' dir='ltr'>Ι</span> <span class='ocrx_word' id='word_1_155' title='bbox 1019 1466 1339 1525; x_wconf 73' lang='grc' dir='ltr'>ἀρχιδικαστὴς,</span> <span class='ocrx_word' id='word_1_156' title='bbox 1382 1464 1549 1513; x_wconf 73' lang='grc' dir='ltr'>Θέωνος</span> <span class='ocrx_word' id='word_1_157' title='bbox 1573 1464 1579 1520; x_wconf 93' lang='grc' dir='ltr'>Ι</span> <span class='ocrx_word' id='word_1_158' title='bbox 1604 1466 1907 1525; x_wconf 76' lang='grc' dir='ltr'>ἀρχιδικαστοῦ</span> <span class='ocrx_word' id='word_1_159' title='bbox 1939 1466 2009 1515; x_wconf 80' lang='grc' dir='ltr'>ὑὸς</span> <span class='ocrx_word' id='word_1_160' title='bbox 2035 1468 2040 1523; x_wconf 96' lang='grc' dir='ltr'>Ι</span> 
     </span>
     <span class='ocr_line' id='line_1_17' title="bbox 55 1537 2043 1598; baseline -0.001 -14"><span class='ocrx_word' id='word_1_161' title='bbox 55 1542 125 1585; x_wconf 80' lang='grc' dir='ltr'>καὶ</span> <span class='ocrx_word' id='word_1_162' title='bbox 155 1541 311 1598; x_wconf 79' lang='grc' dir='ltr'>πατήρ,</span> <span class='ocrx_word' id='word_1_163' title='bbox 341 1539 508 1596; x_wconf 81' lang='grc' dir='ltr'>ἤκουσα</span> <span class='ocrx_word' id='word_1_164' title='bbox 539 1537 781 1596; x_wconf 77' lang='grc' dir='ltr'>ΜέμνοΙνος</span> <span class='ocrx_word' id='word_1_165' title='bbox 813 1539 925 1596; x_wconf 82' lang='grc' dir='ltr'>ὥρας</span> <span class='ocrx_word' id='word_1_166' title='bbox 956 1541 1145 1596; x_wconf 84' lang='grc' dir='ltr'>πρώτης.</span> <span class='ocrx_word' id='word_1_167' title='bbox 1196 1541 1253 1581; x_wconf 90' lang='lat' dir='ltr'>At</span> <span class='ocrx_word' id='word_1_168' title='bbox 1274 1552 1379 1582; x_wconf 89' lang='lat' dir='ltr'>cum</span> <span class='ocrx_word' id='word_1_169' title='bbox 1402 1542 1545 1582; x_wconf 91' lang='lat' dir='ltr'>multa</span> <span class='ocrx_word' id='word_1_170' title='bbox 1570 1541 1717 1582; x_wconf 83' lang='lat' dir='ltr'>officia</span> <span class='ocrx_word' id='word_1_171' title='bbox 1736 1542 2043 1583; x_wconf 86' lang='lat' dir='ltr'>Romanorum</span> 
     </span>
     <span class='ocr_line' id='line_1_18' title="bbox 56 1613 2043 1668; baseline -0.001 -12"><span class='ocrx_word' id='word_1_172' title='bbox 56 1616 239 1657; x_wconf 91' lang='lat' dir='ltr'>demum</span> <span class='ocrx_word' id='word_1_173' title='bbox 271 1615 462 1668; x_wconf 89' lang='lat' dir='ltr'>imperio</span> <span class='ocrx_word' id='word_1_174' title='bbox 494 1614 764 1655; x_wconf 88' lang='lat' dir='ltr'>hereditaria</span> <span class='ocrx_word' id='word_1_175' title='bbox 795 1613 912 1654; x_wconf 88' lang='lat' dir='ltr'>facta</span> <span class='ocrx_word' id='word_1_176' title='bbox 942 1624 1041 1655; x_wconf 92' lang='lat' dir='ltr'>esse</span> <span class='ocrx_word' id='word_1_177' title='bbox 1064 1615 1255 1666; x_wconf 85' lang='lat' dir='ltr'>constet,</span> <span class='ocrx_word' id='word_1_178' title='bbox 1289 1613 1343 1654; x_wconf 93' lang='lat' dir='ltr'>de</span> <span class='ocrx_word' id='word_1_179' title='bbox 1363 1613 1727 1654; x_wconf 85' lang='lat' dir='ltr'>Ptolemaeorum</span> <span class='ocrx_word' id='word_1_180' title='bbox 1759 1616 1904 1655; x_wconf 88' lang='lat' dir='ltr'>aetate</span> <span class='ocrx_word' id='word_1_181' title='bbox 1934 1615 2043 1655; x_wconf 91' lang='lat' dir='ltr'>nihil</span> 
     </span>
    </p>

    <p class='ocr_par' dir='ltr' id='par_1_7' title="bbox 0 1685 2045 1959">
     <span class='ocr_line' id='line_1_19' title="bbox 0 1685 2044 1739; baseline -0.001 -10"><span class='ocrx_word' id='word_1_182' title='bbox 0 1718 1 1731; x_wconf 63' lang='grc'>,</span> <span class='ocrx_word' id='word_1_183' title='bbox 55 1688 167 1729; x_wconf 89' lang='lat' dir='ltr'>certi</span> <span class='ocrx_word' id='word_1_184' title='bbox 197 1687 300 1728; x_wconf 89' lang='lat' dir='ltr'>inde</span> <span class='ocrx_word' id='word_1_185' title='bbox 331 1686 447 1728; x_wconf 87' lang='lat' dir='ltr'>effici</span> <span class='ocrx_word' id='word_1_186' title='bbox 466 1686 582 1727; x_wconf 86' lang='lat' dir='ltr'>lieet.</span> <span class='ocrx_word' id='word_1_187' title='bbox 633 1687 697 1726; x_wconf 92' lang='lat' dir='ltr'>De</span> <span class='ocrx_word' id='word_1_188' title='bbox 723 1687 823 1739; x_wconf 92' lang='lat' dir='ltr'>ipso</span> <span class='ocrx_word' id='word_1_189' title='bbox 847 1686 1114 1738; x_wconf 88' lang='lat' dir='ltr'>magistratu</span> <span class='ocrx_word' id='word_1_190' title='bbox 1137 1686 1183 1726; x_wconf 92' lang='lat' dir='ltr'>G.</span> <span class='ocrx_word' id='word_1_191' title='bbox 1202 1685 1455 1726; x_wconf 89' lang='lat' dir='ltr'>Lumbroso</span> <span class='ocrx_word' id='word_1_192' title='bbox 1487 1686 1767 1727; x_wconf 86' lang='lat' dir='ltr'>Recherches</span> <span class='ocrx_word' id='word_1_193' title='bbox 1799 1697 1881 1727; x_wconf 89' lang='lat' dir='ltr'>sur</span> <span class='ocrx_word' id='word_1_194' title='bbox 1910 1685 2044 1728; x_wconf 81' lang='lat' dir='ltr'>l’eco-</span> 
     </span>
     <span class='ocr_line' id='line_1_20' title="bbox 56 1747 2045 1812; baseline -0.001 -12"><span class='ocrx_word' id='word_1_195' title='bbox 56 1760 207 1801; x_wconf 90' lang='lat' dir='ltr'>nomie</span> <span class='ocrx_word' id='word_1_196' title='bbox 237 1759 455 1812; x_wconf 90' lang='lat' dir='ltr'>politique</span> <span class='ocrx_word' id='word_1_197' title='bbox 487 1758 541 1799; x_wconf 92' lang='lat' dir='ltr'>de</span> <span class='ocrx_word' id='word_1_198' title='bbox 571 1747 777 1811; x_wconf 83' lang='lat' dir='ltr'>l&#39;Egypte</span> <span class='ocrx_word' id='word_1_199' title='bbox 807 1770 849 1811; x_wconf 91' lang='lat' dir='ltr'>p.</span> <span class='ocrx_word' id='word_1_200' title='bbox 871 1761 950 1798; x_wconf 76' lang='lat'>243</span> <span class='ocrx_word' id='word_1_201' title='bbox 987 1760 1207 1811; x_wconf 84' lang='lat' dir='ltr'>provocat</span> <span class='ocrx_word' id='word_1_202' title='bbox 1237 1758 1294 1799; x_wconf 90' lang='lat' dir='ltr'>ad</span> <span class='ocrx_word' id='word_1_203' title='bbox 1316 1758 1568 1798; x_wconf 91' lang='lat' dir='ltr'>Diodorum</span> <span class='ocrx_word' id='word_1_204' title='bbox 1600 1759 1631 1811; x_wconf 89' lang='lat'>1,</span> <span class='ocrx_word' id='word_1_205' title='bbox 1655 1761 1721 1799; x_wconf 85' lang='lat'>75.</span> <span class='ocrx_word' id='word_1_206' title='bbox 1753 1762 1818 1799; x_wconf 91' lang='lat'>76.</span> <span class='ocrx_word' id='word_1_207' title='bbox 1864 1759 1959 1799; x_wconf 92' lang='lat' dir='ltr'>Illic</span> <span class='ocrx_word' id='word_1_208' title='bbox 1990 1759 2045 1800; x_wconf 92' lang='lat' dir='ltr'>de</span> 
     </span>
     <span class='ocr_line' id='line_1_21' title="bbox 55 1830 2045 1886; baseline -0.001 -13"><span class='ocrx_word' id='word_1_209' title='bbox 55 1832 263 1886; x_wconf 89' lang='lat' dir='ltr'>praeside</span> <span class='ocrx_word' id='word_1_210' title='bbox 301 1832 476 1873; x_wconf 86' lang='lat' dir='ltr'>consilii</span> <span class='ocrx_word' id='word_1_211' title='bbox 514 1832 697 1883; x_wconf 87' lang='lat' dir='ltr'>triginta</span> <span class='ocrx_word' id='word_1_212' title='bbox 737 1831 939 1872; x_wconf 88' lang='lat' dir='ltr'>iudicum</span> <span class='ocrx_word' id='word_1_213' title='bbox 978 1831 1207 1883; x_wconf 88' lang='lat' dir='ltr'>regiorum</span> <span class='ocrx_word' id='word_1_214' title='bbox 1250 1842 1275 1871; x_wconf 89' lang='lat' dir='ltr'>a</span> <span class='ocrx_word' id='word_1_215' title='bbox 1307 1830 1539 1884; x_wconf 87' lang='lat' dir='ltr'>Thebanis,</span> <span class='ocrx_word' id='word_1_216' title='bbox 1582 1831 1853 1884; x_wconf 88' lang='lat' dir='ltr'>Memphitis,</span> <span class='ocrx_word' id='word_1_217' title='bbox 1896 1831 2045 1872; x_wconf 92' lang='lat' dir='ltr'>Helio-</span> 
     </span>
     <span class='ocr_line' id='line_1_22' title="bbox 56 1903 2044 1959; baseline -0.001 -14"><span class='ocrx_word' id='word_1_218' title='bbox 56 1905 266 1959; x_wconf 89' lang='lat' dir='ltr'>politanis</span> <span class='ocrx_word' id='word_1_219' title='bbox 297 1904 548 1944; x_wconf 89' lang='lat' dir='ltr'>electorum</span> <span class='ocrx_word' id='word_1_220' title='bbox 581 1903 760 1956; x_wconf 87' lang='lat' dir='ltr'>dicitur,</span> <span class='ocrx_word' id='word_1_221' title='bbox 793 1903 916 1955; x_wconf 91' lang='lat' dir='ltr'>quod</span> <span class='ocrx_word' id='word_1_222' title='bbox 947 1903 1146 1955; x_wconf 90' lang='lat' dir='ltr'>antiquis</span> <span class='ocrx_word' id='word_1_223' title='bbox 1178 1903 1462 1944; x_wconf 87' lang='lat' dir='ltr'>Pharaonum</span> <span class='ocrx_word' id='word_1_224' title='bbox 1494 1903 1779 1956; x_wconf 88' lang='lat' dir='ltr'>temporibus</span> <span class='ocrx_word' id='word_1_225' title='bbox 1811 1903 1957 1944; x_wconf 85' lang='lat' dir='ltr'>fuerit.</span> <span class='ocrx_word' id='word_1_226' title='bbox 2008 1903 2044 1944; x_wconf 88' lang='lat' dir='ltr'><strong>A</strong></span> 
     </span>
    </p>

    <p class='ocr_par' dir='ltr' id='par_1_8' title="bbox 0 1976 2044 2031">
     <span class='ocr_line' id='line_1_23' title="bbox 0 1976 2044 2031; baseline 0 -13"><span class='ocrx_word' id='word_1_227' title='bbox 0 2015 7 2018; x_wconf 75' lang='grc'>,,</span> <span class='ocrx_word' id='word_1_228' title='bbox 57 1988 147 2031; x_wconf 89' lang='lat' dir='ltr'>quo</span> <span class='ocrx_word' id='word_1_229' title='bbox 194 1977 423 2018; x_wconf 87' lang='lat' dir='ltr'>diversum</span> <span class='ocrx_word' id='word_1_230' title='bbox 470 1976 608 2018; x_wconf 86' lang='lat' dir='ltr'>fuisse</span> <span class='ocrx_word' id='word_1_231' title='bbox 654 1976 969 2028; x_wconf 87' lang='lat' dir='ltr'>magistratum</span> <span class='ocrx_word' id='word_1_232' title='bbox 1015 1976 1385 2017; x_wconf 90' lang='lat' dir='ltr'>Ptolemaeorum</span> <span class='ocrx_word' id='word_1_233' title='bbox 1432 1978 1476 2016; x_wconf 89' lang='lat' dir='ltr'>et</span> <span class='ocrx_word' id='word_1_234' title='bbox 1516 1976 1825 2017; x_wconf 85' lang='lat' dir='ltr'>Romanorum</span> <span class='ocrx_word' id='word_1_235' title='bbox 1871 1977 2044 2030; x_wconf 88' lang='lat' dir='ltr'>aetatis,</span> 
     </span>
    </p>

    <p class='ocr_par' dir='ltr' id='par_1_9' title="bbox 58 2048 2047 2102">
     <span class='ocr_line' id='line_1_24' title="bbox 58 2048 2047 2102; baseline 0 -12"><span class='ocrx_word' id='word_1_236' title='bbox 58 2050 187 2090; x_wconf 83' lang='lat' dir='ltr'>cuius</span> <span class='ocrx_word' id='word_1_237' title='bbox 217 2049 293 2090; x_wconf 88' lang='lat' dir='ltr'>hic</span> <span class='ocrx_word' id='word_1_238' title='bbox 323 2049 597 2090; x_wconf 87' lang='lat' dir='ltr'>mentionem</span> <span class='ocrx_word' id='word_1_239' title='bbox 629 2048 900 2102; x_wconf 89' lang='lat' dir='ltr'>invenimus,</span> <span class='ocrx_word' id='word_1_240' title='bbox 942 2060 1030 2090; x_wconf 91' lang='lat' dir='ltr'>non</span> <span class='ocrx_word' id='word_1_241' title='bbox 1062 2050 1132 2090; x_wconf 87' lang='lat' dir='ltr'>est</span> <span class='ocrx_word' id='word_1_242' title='bbox 1163 2048 1288 2101; x_wconf 90' lang='lat' dir='ltr'>quod</span> <span class='ocrx_word' id='word_1_243' title='bbox 1327 2048 1472 2090; x_wconf 83' lang='lat' dir='ltr'>fusius</span> <span class='ocrx_word' id='word_1_244' title='bbox 1505 2049 1854 2090; x_wconf 89' lang='lat' dir='ltr'>demonstretur.</span> <span class='ocrx_word' id='word_1_245' title='bbox 1916 2049 2047 2091; x_wconf 89' lang='lat' dir='ltr'>Hunc</span> 
     </span>
    </p>

    <p class='ocr_par' dir='ltr' id='par_1_10' title="bbox 60 2121 2046 2175">
     <span class='ocr_line' id='line_1_25' title="bbox 60 2121 2046 2175; baseline 0.001 -13"><span class='ocrx_word' id='word_1_246' title='bbox 60 2121 218 2163; x_wconf 87' lang='lat' dir='ltr'>Strabo</span> <span class='ocrx_word' id='word_1_247' title='bbox 258 2121 367 2162; x_wconf 89' lang='lat' dir='ltr'>dicit</span> <span class='ocrx_word' id='word_1_248' title='bbox 403 2122 549 2174; x_wconf 90' lang='lat' dir='ltr'>ipsius</span> <span class='ocrx_word' id='word_1_249' title='bbox 588 2121 772 2174; x_wconf 90' lang='lat' dir='ltr'>quidem</span> <span class='ocrx_word' id='word_1_250' title='bbox 820 2123 966 2162; x_wconf 87' lang='lat' dir='ltr'>aetate</span> <span class='ocrx_word' id='word_1_251' title='bbox 1004 2121 1428 2174; x_wconf 82' lang='lat' dir='ltr'>Alexandrinorum,</span> <span class='ocrx_word' id='word_1_252' title='bbox 1474 2133 1563 2163; x_wconf 89' lang='lat' dir='ltr'>non</span> <span class='ocrx_word' id='word_1_253' title='bbox 1603 2122 1933 2175; x_wconf 82' lang='lat' dir='ltr'>Aegyptiorum</span> <span class='ocrx_word' id='word_1_254' title='bbox 1974 2133 2046 2163; x_wconf 90' lang='lat' dir='ltr'>res</span> 
     </span>
    </p>

    <p class='ocr_par' dir='ltr' id='par_1_11' title="bbox 59 2193 2047 2542">
     <span class='ocr_line' id='line_1_26' title="bbox 59 2193 2045 2248; baseline 0 -13"><span class='ocrx_word' id='word_1_255' title='bbox 59 2194 292 2248; x_wconf 86' lang='lat' dir='ltr'>indicasse,</span> <span class='ocrx_word' id='word_1_256' title='bbox 334 2196 469 2246; x_wconf 87' lang='lat' dir='ltr'>atque</span> <span class='ocrx_word' id='word_1_257' title='bbox 507 2194 665 2246; x_wconf 91' lang='lat' dir='ltr'>utique</span> <span class='ocrx_word' id='word_1_258' title='bbox 703 2194 824 2234; x_wconf 89' lang='lat' dir='ltr'>hunc</span> <span class='ocrx_word' id='word_1_259' title='bbox 864 2205 954 2235; x_wconf 90' lang='lat' dir='ltr'>non</span> <span class='ocrx_word' id='word_1_260' title='bbox 995 2193 1134 2235; x_wconf 83' lang='lat' dir='ltr'>fuisse</span> <span class='ocrx_word' id='word_1_261' title='bbox 1172 2194 1217 2235; x_wconf 93' lang='lat' dir='ltr'>in</span> <span class='ocrx_word' id='word_1_262' title='bbox 1257 2194 1460 2235; x_wconf 90' lang='lat' dir='ltr'>iudicum</span> <span class='ocrx_word' id='word_1_263' title='bbox 1498 2194 1815 2247; x_wconf 83' lang='lat' dir='ltr'>indigenarum</span> <span class='ocrx_word' id='word_1_264' title='bbox 1855 2206 2045 2236; x_wconf 89' lang='lat' dir='ltr'>numero</span> 
     </span>
     <span class='ocr_line' id='line_1_27' title="bbox 61 2265 2046 2319; baseline 0.001 -12"><span class='ocrx_word' id='word_1_265' title='bbox 61 2268 247 2308; x_wconf 86' lang='lat' dir='ltr'>constat.</span> <span class='ocrx_word' id='word_1_266' title='bbox 310 2267 422 2307; x_wconf 89' lang='lat' dir='ltr'>Sane</span> <span class='ocrx_word' id='word_1_267' title='bbox 452 2277 542 2307; x_wconf 90' lang='lat' dir='ltr'>non</span> <span class='ocrx_word' id='word_1_268' title='bbox 572 2265 630 2307; x_wconf 92' lang='lat' dir='ltr'>ab</span> <span class='ocrx_word' id='word_1_269' title='bbox 662 2267 785 2307; x_wconf 93' lang='lat' dir='ltr'>omni</span> <span class='ocrx_word' id='word_1_270' title='bbox 816 2270 945 2319; x_wconf 90' lang='lat' dir='ltr'>parte</span> <span class='ocrx_word' id='word_1_271' title='bbox 983 2267 1089 2307; x_wconf 86' lang='lat' dir='ltr'>huie</span> <span class='ocrx_word' id='word_1_272' title='bbox 1126 2267 1364 2319; x_wconf 87' lang='lat' dir='ltr'>scriptoris</span> <span class='ocrx_word' id='word_1_273' title='bbox 1404 2267 1667 2308; x_wconf 89' lang='lat' dir='ltr'>testimonio</span> <span class='ocrx_word' id='word_1_274' title='bbox 1700 2268 1911 2308; x_wconf 86' lang='lat' dir='ltr'>convenit</span> <span class='ocrx_word' id='word_1_275' title='bbox 1940 2278 2046 2308; x_wconf 89' lang='lat' dir='ltr'>cum</span> 
     </span>
     <span class='ocr_line' id='line_1_28' title="bbox 60 2338 2046 2393; baseline 0 -13"><span class='ocrx_word' id='word_1_276' title='bbox 60 2339 259 2393; x_wconf 80' lang='lat' dir='ltr'>papyris.</span> <span class='ocrx_word' id='word_1_277' title='bbox 310 2338 425 2380; x_wconf 92' lang='lat' dir='ltr'>Nam</span> <span class='ocrx_word' id='word_1_278' title='bbox 458 2350 513 2379; x_wconf 82' lang='lat' dir='ltr'>ex</span> <span class='ocrx_word' id='word_1_279' title='bbox 544 2339 614 2380; x_wconf 89' lang='lat' dir='ltr'>bis</span> <span class='ocrx_word' id='word_1_280' title='bbox 646 2341 845 2391; x_wconf 84' lang='lat' dir='ltr'>apparet,</span> <span class='ocrx_word' id='word_1_281' title='bbox 879 2340 1013 2380; x_wconf 89' lang='lat' dir='ltr'>etiam</span> <span class='ocrx_word' id='word_1_282' title='bbox 1045 2339 1102 2380; x_wconf 90' lang='lat' dir='ltr'>ad</span> <span class='ocrx_word' id='word_1_283' title='bbox 1130 2339 1352 2392; x_wconf 88' lang='lat' dir='ltr'>reliquam</span> <span class='ocrx_word' id='word_1_284' title='bbox 1375 2339 1631 2392; x_wconf 89' lang='lat' dir='ltr'>Aegyptum</span> <span class='ocrx_word' id='word_1_285' title='bbox 1654 2339 1852 2380; x_wconf 83' lang='lat' dir='ltr'>officium</span> <span class='ocrx_word' id='word_1_286' title='bbox 1884 2350 2046 2380; x_wconf 91' lang='lat' dir='ltr'>eorum</span> 
     </span>
     <span class='ocr_line' id='line_1_29' title="bbox 61 2411 2046 2465; baseline 0 -13"><span class='ocrx_word' id='word_1_287' title='bbox 61 2411 343 2465; x_wconf 88' lang='lat' dir='ltr'>pertinuisse,</span> <span class='ocrx_word' id='word_1_288' title='bbox 382 2422 552 2464; x_wconf 90' lang='lat' dir='ltr'>eosque</span> <span class='ocrx_word' id='word_1_289' title='bbox 591 2412 897 2452; x_wconf 76' lang='lat' dir='ltr'>chremetistis</span> <span class='ocrx_word' id='word_1_290' title='bbox 936 2412 1126 2464; x_wconf 87' lang='lat' dir='ltr'>aliisque</span> <span class='ocrx_word' id='word_1_291' title='bbox 1167 2411 1370 2453; x_wconf 90' lang='lat' dir='ltr'>iudicum</span> <span class='ocrx_word' id='word_1_292' title='bbox 1412 2412 1642 2464; x_wconf 88' lang='lat' dir='ltr'>regiorum</span> <span class='ocrx_word' id='word_1_293' title='bbox 1682 2412 1879 2464; x_wconf 86' lang='lat' dir='ltr'>collegiis</span> <span class='ocrx_word' id='word_1_294' title='bbox 1918 2423 2046 2465; x_wconf 89' lang='lat' dir='ltr'>prae-</span> 
     </span>
     <span class='ocr_line' id='line_1_30' title="bbox 62 2481 2047 2542; baseline 0 -18"><span class='ocrx_word' id='word_1_295' title='bbox 62 2482 200 2525; x_wconf 81' lang='lat' dir='ltr'>fectos</span> <span class='ocrx_word' id='word_1_296' title='bbox 231 2483 390 2536; x_wconf 81' lang='lat' dir='ltr'>fuisse3</span> <span class='ocrx_word' id='word_1_297' title='bbox 423 2483 634 2536; x_wconf 82' lang='lat' dir='ltr'>frequens</span> <span class='ocrx_word' id='word_1_298' title='bbox 665 2484 785 2524; x_wconf 85' lang='lat' dir='ltr'>enim</span> <span class='ocrx_word' id='word_1_299' title='bbox 816 2486 886 2525; x_wconf 92' lang='lat' dir='ltr'>est</span> <span class='ocrx_word' id='word_1_300' title='bbox 915 2484 1157 2538; x_wconf 85' lang='lat' dir='ltr'>appellatio</span> <span class='ocrx_word' id='word_1_301' title='bbox 1190 2481 1470 2542; x_wconf 75' lang='grc' dir='ltr'>ἀρχιδικαστῇ</span> <span class='ocrx_word' id='word_1_302' title='bbox 1501 2482 1573 2525; x_wconf 83' lang='grc' dir='ltr'>καὶ</span> <span class='ocrx_word' id='word_1_303' title='bbox 1603 2481 1710 2539; x_wconf 83' lang='grc' dir='ltr'>πρὸς</span> <span class='ocrx_word' id='word_1_304' title='bbox 1739 2483 1792 2542; x_wconf 79' lang='grc' dir='ltr'>τῇ</span> <span class='ocrx_word' id='word_1_305' title='bbox 1827 2482 2047 2540; x_wconf 84' lang='grc' dir='ltr'>ἐπιμελείᾳ</span> 
     </span>
    </p>

    <p class='ocr_par' dir='ltr' id='par_1_12' title="bbox 62 2553 2047 2614">
     <span class='ocr_line' id='line_1_31' title="bbox 62 2553 2047 2614; baseline 0.001 -17"><span class='ocrx_word' id='word_1_306' title='bbox 62 2561 144 2597; x_wconf 76' lang='grc' dir='ltr'>τῶν</span> <span class='ocrx_word' id='word_1_307' title='bbox 175 2561 476 2614; x_wconf 79' lang='grc' dir='ltr'>χρηματιστῶν</span> <span class='ocrx_word' id='word_1_308' title='bbox 506 2553 580 2597; x_wconf 89' lang='grc' dir='ltr'>καὶ</span> <span class='ocrx_word' id='word_1_309' title='bbox 608 2560 693 2597; x_wconf 79' lang='grc' dir='ltr'>τῶν</span> <span class='ocrx_word' id='word_1_310' title='bbox 724 2553 865 2598; x_wconf 81' lang='grc' dir='ltr'>ἄλλων</span> <span class='ocrx_word' id='word_1_311' title='bbox 895 2553 1122 2613; x_wconf 79' lang='grc' dir='ltr'>κριτηρίων</span> <span class='ocrx_word' id='word_1_312' title='bbox 1154 2556 1282 2608; x_wconf 89' lang='lat' dir='ltr'>(Berl.</span> <span class='ocrx_word' id='word_1_313' title='bbox 1306 2567 1368 2609; x_wconf 88' lang='lat' dir='ltr'>gr.</span> <span class='ocrx_word' id='word_1_314' title='bbox 1403 2556 1499 2598; x_wconf 90' lang='lat' dir='ltr'>Urk.</span> <span class='ocrx_word' id='word_1_315' title='bbox 1529 2557 1548 2597; x_wconf 97' lang='grc' dir='ltr'>Ι</span> <span class='ocrx_word' id='word_1_316' title='bbox 1577 2568 1621 2610; x_wconf 89' lang='lat' dir='ltr'>p.</span> <span class='ocrx_word' id='word_1_317' title='bbox 1644 2559 1727 2598; x_wconf 80' lang='lat'>238</span> <span class='ocrx_word' id='word_1_318' title='bbox 1759 2568 1801 2597; x_wconf 93' lang='lat' dir='ltr'>n.</span> <span class='ocrx_word' id='word_1_319' title='bbox 1825 2559 1922 2610; x_wconf 79' lang='grc'>244,</span> <span class='ocrx_word' id='word_1_320' title='bbox 1946 2561 1983 2598; x_wconf 91' lang='grc'>4.</span> <span class='ocrx_word' id='word_1_321' title='bbox 2007 2560 2047 2598; x_wconf 79' lang='lat'>2.</span> 
     </span>
    </p>

    <p class='ocr_par' dir='ltr' id='par_1_13' title="bbox 64 2620 2047 2682">
     <span class='ocr_line' id='line_1_32' title="bbox 64 2620 2047 2682; baseline 0.001 -14"><span class='ocrx_word' id='word_1_322' title='bbox 64 2620 102 2668; x_wconf 82' lang='lat'>11</span> <span class='ocrx_word' id='word_1_323' title='bbox 130 2639 172 2681; x_wconf 90' lang='lat' dir='ltr'>p.</span> <span class='ocrx_word' id='word_1_324' title='bbox 196 2630 277 2668; x_wconf 88' lang='grc'>444</span> <span class='ocrx_word' id='word_1_325' title='bbox 309 2640 350 2669; x_wconf 92' lang='lat' dir='ltr'>n.</span> <span class='ocrx_word' id='word_1_326' title='bbox 377 2630 473 2681; x_wconf 81' lang='lat'>455,</span> <span class='ocrx_word' id='word_1_327' title='bbox 494 2632 530 2669; x_wconf 89' lang='grc'>4.</span> <span class='ocrx_word' id='word_1_328' title='bbox 571 2639 614 2681; x_wconf 90' lang='lat' dir='ltr'>p.</span> <span class='ocrx_word' id='word_1_329' title='bbox 639 2631 720 2669; x_wconf 77' lang='lat'>226</span> <span class='ocrx_word' id='word_1_330' title='bbox 753 2640 794 2669; x_wconf 88' lang='lat' dir='ltr'>n.</span> <span class='ocrx_word' id='word_1_331' title='bbox 819 2631 915 2682; x_wconf 89' lang='lat'>578,</span> <span class='ocrx_word' id='word_1_332' title='bbox 939 2632 977 2670; x_wconf 84' lang='lat'>9.</span> <span class='ocrx_word' id='word_1_333' title='bbox 1003 2632 1068 2670; x_wconf 91' lang='grc'>40.</span> <span class='ocrx_word' id='word_1_334' title='bbox 1108 2640 1151 2681; x_wconf 91' lang='lat' dir='ltr'>p.</span> <span class='ocrx_word' id='word_1_335' title='bbox 1177 2632 1257 2670; x_wconf 75' lang='lat'>263</span> <span class='ocrx_word' id='word_1_336' title='bbox 1289 2641 1331 2670; x_wconf 91' lang='lat' dir='ltr'>n.</span> <span class='ocrx_word' id='word_1_337' title='bbox 1357 2631 1453 2682; x_wconf 86' lang='grc'>644,</span> <span class='ocrx_word' id='word_1_338' title='bbox 1477 2632 1545 2669; x_wconf 90' lang='grc'>40.</span> <span class='ocrx_word' id='word_1_339' title='bbox 1607 2629 1938 2682; x_wconf 83' lang='lat' dir='ltr'>Oxyrhynehos</span> <span class='ocrx_word' id='word_1_340' title='bbox 1970 2640 2047 2682; x_wconf 87' lang='lat' dir='ltr'>pa-</span> 
     </span>
    </p>

    <p class='ocr_par' dir='ltr' id='par_1_14' title="bbox 66 2700 2048 2754">
     <span class='ocr_line' id='line_1_33' title="bbox 66 2700 2048 2754; baseline 0.001 -13"><span class='ocrx_word' id='word_1_341' title='bbox 66 2701 168 2754; x_wconf 76' lang='lat' dir='ltr'>pyri</span> <span class='ocrx_word' id='word_1_342' title='bbox 196 2702 235 2741; x_wconf 93' lang='lat' dir='ltr'>II</span> <span class='ocrx_word' id='word_1_343' title='bbox 265 2712 307 2754; x_wconf 91' lang='lat' dir='ltr'>p.</span> <span class='ocrx_word' id='word_1_344' title='bbox 331 2702 413 2742; x_wconf 74' lang='lat'>248</span> <span class='ocrx_word' id='word_1_345' title='bbox 446 2711 486 2741; x_wconf 94' lang='lat' dir='ltr'>n.</span> <span class='ocrx_word' id='word_1_346' title='bbox 510 2700 766 2754; x_wconf 86' lang='lat' dir='ltr'>chxvnI,</span> <span class='ocrx_word' id='word_1_347' title='bbox 791 2704 857 2742; x_wconf 90' lang='grc'>44.</span> <span class='ocrx_word' id='word_1_348' title='bbox 890 2712 933 2754; x_wconf 94' lang='lat' dir='ltr'>p.</span> <span class='ocrx_word' id='word_1_349' title='bbox 956 2704 1038 2742; x_wconf 75' lang='lat'>272</span> <span class='ocrx_word' id='word_1_350' title='bbox 1070 2713 1112 2742; x_wconf 93' lang='lat' dir='ltr'>n.</span> <span class='ocrx_word' id='word_1_351' title='bbox 1137 2701 1379 2754; x_wconf 90' lang='lat' dir='ltr'>CCLXXX,</span> <span class='ocrx_word' id='word_1_352' title='bbox 1402 2704 1418 2741; x_wconf 93' lang='grc'>4</span> <span class='ocrx_word' id='word_1_353' title='bbox 1445 2701 1571 2754; x_wconf 90' lang='lat' dir='ltr'>sqq.).</span> <span class='ocrx_word' id='word_1_354' title='bbox 1622 2701 1916 2742; x_wconf 84' lang='lat' dir='ltr'>Alexandriae</span> <span class='ocrx_word' id='word_1_355' title='bbox 1940 2712 2048 2742; x_wconf 91' lang='lat' dir='ltr'>eum</span> 
     </span>
    </p>

    <p class='ocr_par' dir='ltr' id='par_1_15' title="bbox 67 2772 2045 2828">
     <span class='ocr_line' id='line_1_34' title="bbox 67 2772 2045 2828; baseline -0.001 -13"><span class='ocrx_word' id='word_1_356' title='bbox 67 2773 216 2815; x_wconf 87' lang='lat' dir='ltr'>sedem</span> <span class='ocrx_word' id='word_1_357' title='bbox 260 2772 474 2814; x_wconf 87' lang='lat' dir='ltr'>habuisse</span> <span class='ocrx_word' id='word_1_358' title='bbox 520 2773 806 2814; x_wconf 88' lang='lat' dir='ltr'>consentiens</span> <span class='ocrx_word' id='word_1_359' title='bbox 852 2785 956 2814; x_wconf 89' lang='lat' dir='ltr'>cum</span> <span class='ocrx_word' id='word_1_360' title='bbox 1009 2774 1228 2815; x_wconf 85' lang='lat' dir='ltr'>Strabone</span> <span class='ocrx_word' id='word_1_361' title='bbox 1273 2775 1468 2815; x_wconf 86' lang='lat' dir='ltr'>testatur</span> <span class='ocrx_word' id='word_1_362' title='bbox 1511 2773 1646 2826; x_wconf 78' lang='lat' dir='ltr'>Oxyr.</span> <span class='ocrx_word' id='word_1_363' title='bbox 1685 2786 1788 2828; x_wconf 90' lang='lat' dir='ltr'>pap.</span> <span class='ocrx_word' id='word_1_364' title='bbox 1821 2775 1857 2814; x_wconf 92' lang='lat'>11</span> <span class='ocrx_word' id='word_1_365' title='bbox 1897 2785 1939 2827; x_wconf 92' lang='lat' dir='ltr'>p.</span> <span class='ocrx_word' id='word_1_366' title='bbox 1963 2777 2045 2814; x_wconf 76' lang='lat'>229</span> 
     </span>
    </p>
   </div>
   <div class='ocr_carea' id='block_1_7' title="bbox 0 2015 41 3970">
    <p class='ocr_par' dir='ltr' id='par_1_16' title="bbox 0 2015 41 3970">
     <span class='ocr_line' id='line_1_35' title="bbox 0 2015 41 3232; baseline 0 -232"><span class='ocrx_word' id='word_1_367' title='bbox 0 2015 41 3232; x_wconf 95' lang='lat' dir='ltr'>     </span> 
     </span>
     <span class='ocr_line' id='line_1_36' title="bbox 0 3232 36 3435; baseline 0 0"><span class='ocrx_word' id='word_1_368' title='bbox 0 3232 36 3435; x_wconf 95' lang='lat' dir='ltr'>  </span> 
     </span>
     <span class='ocr_line' id='line_1_37' title="bbox 0 3435 41 3970; baseline 0 0"><span class='ocrx_word' id='word_1_369' title='bbox 0 3435 41 3970; x_wconf 95' lang='lat' dir='ltr'>  </span> 
     </span>
    </p>
   </div>
   <div class='ocr_carea' id='block_1_8' title="bbox 25 2841 2051 3260">
    <p class='ocr_par' dir='ltr' id='par_1_17' title="bbox 25 2841 2051 3260">
     <span class='ocr_line' id='line_1_38' title="bbox 67 2841 2049 2904; baseline 0 -18"><span class='ocrx_word' id='word_1_370' title='bbox 67 2844 283 2897; x_wconf 82' lang='lat' dir='ltr'>n.CCLX‚</span> <span class='ocrx_word' id='word_1_371' title='bbox 308 2848 375 2885; x_wconf 88' lang='grc'>44.</span> <span class='ocrx_word' id='word_1_372' title='bbox 399 2848 452 2885; x_wconf 78' lang='grc'>42</span> <span class='ocrx_word' id='word_1_373' title='bbox 491 2844 553 2902; x_wconf 80' lang='grc' dir='ltr'>τῷ</span> <span class='ocrx_word' id='word_1_374' title='bbox 590 2841 893 2903; x_wconf 76' lang='grc' dir='ltr'>Σαραπίωνο[ς]</span> <span class='ocrx_word' id='word_1_375' title='bbox 935 2844 1238 2903; x_wconf 82' lang='grc' dir='ltr'>ἀρχιδικαστοῦ</span> <span class='ocrx_word' id='word_1_376' title='bbox 1281 2845 1474 2902; x_wconf 84' lang='grc' dir='ltr'>[β]ήματι</span> <span class='ocrx_word' id='word_1_377' title='bbox 1514 2843 1557 2887; x_wconf 74' lang='grc' dir='ltr'>ἐν</span> <span class='ocrx_word' id='word_1_378' title='bbox 1592 2841 1890 2904; x_wconf 80' lang='grc' dir='ltr'>Ἀλεξανδρείᾳ,</span> <span class='ocrx_word' id='word_1_379' title='bbox 1929 2846 2049 2887; x_wconf 89' lang='lat' dir='ltr'>unde</span> 
     </span>
     <span class='ocr_line' id='line_1_39' title="bbox 25 2915 2048 2972; baseline -0.001 -12"><span class='ocrx_word' id='word_1_380' title='bbox 25 2915 31 2960; x_wconf 71' lang='lat' dir='ltr'>&#39;i</span> <span class='ocrx_word' id='word_1_381' title='bbox 68 2915 199 2957; x_wconf 80' lang='lat' dir='ltr'>simul</span> <span class='ocrx_word' id='word_1_382' title='bbox 229 2917 377 2958; x_wconf 90' lang='lat' dir='ltr'>editor</span> <span class='ocrx_word' id='word_1_383' title='bbox 407 2917 584 2958; x_wconf 88' lang='lat' dir='ltr'>elucere</span> <span class='ocrx_word' id='word_1_384' title='bbox 614 2919 737 2959; x_wconf 88' lang='lat' dir='ltr'>recte</span> <span class='ocrx_word' id='word_1_385' title='bbox 769 2918 950 2971; x_wconf 89' lang='lat' dir='ltr'>iudicat,</span> <span class='ocrx_word' id='word_1_386' title='bbox 985 2919 1149 2960; x_wconf 89' lang='lat' dir='ltr'>iniuria</span> <span class='ocrx_word' id='word_1_387' title='bbox 1179 2919 1394 2960; x_wconf 90' lang='lat' dir='ltr'>Milneum</span> <span class='ocrx_word' id='word_1_388' title='bbox 1417 2918 1528 2959; x_wconf 88' lang='lat' dir='ltr'>Hist.</span> <span class='ocrx_word' id='word_1_389' title='bbox 1554 2918 1603 2959; x_wconf 86' lang='lat' dir='ltr'>of</span> <span class='ocrx_word' id='word_1_390' title='bbox 1631 2918 1781 2972; x_wconf 80' lang='lat' dir='ltr'>Egypt</span> <span class='ocrx_word' id='word_1_391' title='bbox 1801 2918 1852 2959; x_wconf 89' lang='lat' dir='ltr'>V.</span> <span class='ocrx_word' id='word_1_392' title='bbox 1904 2918 2048 2959; x_wconf 92' lang='lat' dir='ltr'>Under</span> 
     </span>
     <span class='ocr_line' id='line_1_40' title="bbox 67 2985 2047 3043; baseline 0.002 -16"><span class='ocrx_word' id='word_1_393' title='bbox 67 2985 236 3029; x_wconf 82' lang='lat' dir='ltr'>Roman</span> <span class='ocrx_word' id='word_1_394' title='bbox 266 2988 363 3029; x_wconf 87' lang='lat' dir='ltr'>rule</span> <span class='ocrx_word' id='word_1_395' title='bbox 393 3000 437 3042; x_wconf 92' lang='lat' dir='ltr'>p.</span> <span class='ocrx_word' id='word_1_396' title='bbox 463 2991 545 3030; x_wconf 88' lang='grc'>496</span> <span class='ocrx_word' id='word_1_397' title='bbox 584 2999 660 3030; x_wconf 89' lang='lat' dir='ltr'>eas</span> <span class='ocrx_word' id='word_1_398' title='bbox 691 2989 826 3031; x_wconf 91' lang='lat' dir='ltr'>modo</span> <span class='ocrx_word' id='word_1_399' title='bbox 860 2990 960 3031; x_wconf 90' lang='lat' dir='ltr'>lites</span> <span class='ocrx_word' id='word_1_400' title='bbox 1003 2990 1059 3031; x_wconf 87' lang='lat' dir='ltr'>ad</span> <span class='ocrx_word' id='word_1_401' title='bbox 1095 2991 1421 3032; x_wconf 87' lang='lat' dir='ltr'>archidicastae</span> <span class='ocrx_word' id='word_1_402' title='bbox 1461 2990 1610 3031; x_wconf 86' lang='lat' dir='ltr'>forum</span> <span class='ocrx_word' id='word_1_403' title='bbox 1649 2991 1891 3043; x_wconf 88' lang='lat' dir='ltr'>rettulisse,</span> <span class='ocrx_word' id='word_1_404' title='bbox 1930 3001 2047 3042; x_wconf 86' lang='lat' dir='ltr'>quae</span> 
     </span>
     <span class='ocr_line' id='line_1_41' title="bbox 28 3055 2048 3115; baseline 0.002 -16"><span class='ocrx_word' id='word_1_405' title='bbox 28 3055 34 3115; x_wconf 82' lang='grc' dir='ltr'>Ι</span> <span class='ocrx_word' id='word_1_406' title='bbox 69 3056 182 3100; x_wconf 69' lang='lat' dir='ltr'>inter</span> <span class='ocrx_word' id='word_1_407' title='bbox 211 3059 498 3102; x_wconf 88' lang='lat' dir='ltr'>diversorum</span> <span class='ocrx_word' id='word_1_408' title='bbox 529 3073 770 3103; x_wconf 90' lang='lat' dir='ltr'>nomorum</span> <span class='ocrx_word' id='word_1_409' title='bbox 801 3062 1010 3104; x_wconf 90' lang='lat' dir='ltr'>homines</span> <span class='ocrx_word' id='word_1_410' title='bbox 1033 3065 1194 3104; x_wconf 88' lang='lat' dir='ltr'>essent.</span> <span class='ocrx_word' id='word_1_411' title='bbox 1245 3063 1362 3105; x_wconf 89' lang='lat' dir='ltr'>Nam</span> <span class='ocrx_word' id='word_1_412' title='bbox 1393 3063 1467 3103; x_wconf 89' lang='lat' dir='ltr'>hic</span> <span class='ocrx_word' id='word_1_413' title='bbox 1496 3065 1746 3115; x_wconf 87' lang='lat' dir='ltr'>utrumque</span> <span class='ocrx_word' id='word_1_414' title='bbox 1776 3063 2048 3115; x_wconf 89' lang='lat' dir='ltr'>litigantium</span> 
     </span>
     <span class='ocr_line' id='line_1_42' title="bbox 30 3117 2050 3194; baseline 0.001 -23"><span class='ocrx_word' id='word_1_415' title='bbox 30 3117 33 3143; x_wconf 73' lang='lat'><em>‘</em></span> <span class='ocrx_word' id='word_1_416' title='bbox 71 3128 454 3185; x_wconf 82' lang='lat' dir='ltr'>Oxyrhynchitam</span> <span class='ocrx_word' id='word_1_417' title='bbox 485 3143 597 3174; x_wconf 88' lang='lat' dir='ltr'>esse.</span> <span class='ocrx_word' id='word_1_418' title='bbox 658 3133 785 3175; x_wconf 91' lang='lat' dir='ltr'>Haud</span> <span class='ocrx_word' id='word_1_419' title='bbox 822 3146 926 3176; x_wconf 86' lang='lat' dir='ltr'>raro</span> <span class='ocrx_word' id='word_1_420' title='bbox 969 3133 1102 3192; x_wconf 81' lang='grc' dir='ltr'>ἱερεὺς</span> <span class='ocrx_word' id='word_1_421' title='bbox 1143 3134 1239 3187; x_wconf 88' lang='grc' dir='ltr'>(καὶ)</span> <span class='ocrx_word' id='word_1_422' title='bbox 1279 3133 1585 3194; x_wconf 75' lang='grc' dir='ltr'>ἀρχιδικαστὴς</span> <span class='ocrx_word' id='word_1_423' title='bbox 1617 3134 1845 3187; x_wconf 90' lang='lat' dir='ltr'>scribitur,</span> <span class='ocrx_word' id='word_1_424' title='bbox 1886 3135 1938 3175; x_wconf 92' lang='lat' dir='ltr'>ut</span> <span class='ocrx_word' id='word_1_425' title='bbox 1975 3134 2050 3174; x_wconf 89' lang='lat' dir='ltr'>alii</span> 
     </span>
     <span class='ocr_line' id='line_1_43' title="bbox 71 3203 2051 3260; baseline 0.002 -16"><span class='ocrx_word' id='word_1_426' title='bbox 71 3203 250 3256; x_wconf 83' lang='lat' dir='ltr'>quoque</span> <span class='ocrx_word' id='word_1_427' title='bbox 281 3206 572 3258; x_wconf 86' lang='lat' dir='ltr'>magistratus</span> <span class='ocrx_word' id='word_1_428' title='bbox 605 3206 760 3247; x_wconf 87' lang='lat' dir='ltr'>civiles</span> <span class='ocrx_word' id='word_1_429' title='bbox 801 3217 903 3248; x_wconf 90' lang='lat' dir='ltr'>cum</span> <span class='ocrx_word' id='word_1_430' title='bbox 945 3207 1197 3249; x_wconf 88' lang='lat' dir='ltr'>sacerdotio</span> <span class='ocrx_word' id='word_1_431' title='bbox 1230 3208 1445 3260; x_wconf 89' lang='lat' dir='ltr'>coniungi</span> <span class='ocrx_word' id='word_1_432' title='bbox 1476 3208 1634 3259; x_wconf 91' lang='lat' dir='ltr'>solent,</span> <span class='ocrx_word' id='word_1_433' title='bbox 1673 3207 1799 3247; x_wconf 93' lang='lat' dir='ltr'>velut</span> <span class='ocrx_word' id='word_1_434' title='bbox 1838 3207 2051 3259; x_wconf 89' lang='lat' dir='ltr'>strategia</span> 
     </span>
    </p>
   </div>
   <div class='ocr_carea' id='block_1_9' title="bbox 33 3254 2051 3438">
    <p class='ocr_par' dir='ltr' id='par_1_18' title="bbox 33 3254 2051 3438">
     <span class='ocr_line' id='line_1_44' title="bbox 33 3254 2051 3334; baseline 0.002 -21"><span class='ocrx_word' id='word_1_435' title='bbox 33 3254 41 3334; x_wconf 76' lang='grc' dir='ltr'>Ι</span> <span class='ocrx_word' id='word_1_436' title='bbox 72 3272 241 3316; x_wconf 79' lang='lat' dir='ltr'>insulae</span> <span class='ocrx_word' id='word_1_437' title='bbox 270 3276 408 3330; x_wconf 81' lang='lat' dir='ltr'>Cypri</span> <span class='ocrx_word' id='word_1_438' title='bbox 441 3278 496 3330; x_wconf 92' lang='lat' dir='ltr'>(n.</span> <span class='ocrx_word' id='word_1_439' title='bbox 519 3277 614 3319; x_wconf 80' lang='lat'>933.</span> <span class='ocrx_word' id='word_1_440' title='bbox 637 3275 774 3331; x_wconf 80' lang='lat'>2302).</span> <span class='ocrx_word' id='word_1_441' title='bbox 836 3278 897 3320; x_wconf 87' lang='lat' dir='ltr'>Cf.</span> <span class='ocrx_word' id='word_1_442' title='bbox 929 3279 1041 3320; x_wconf 85' lang='lat' dir='ltr'>Berl.</span> <span class='ocrx_word' id='word_1_443' title='bbox 1074 3290 1138 3332; x_wconf 82' lang='lat' dir='ltr'>gr.</span> <span class='ocrx_word' id='word_1_444' title='bbox 1168 3279 1269 3322; x_wconf 85' lang='lat' dir='ltr'>Urk.</span> <span class='ocrx_word' id='word_1_445' title='bbox 1301 3280 1339 3320; x_wconf 93' lang='lat'>11</span> <span class='ocrx_word' id='word_1_446' title='bbox 1370 3290 1413 3332; x_wconf 92' lang='lat' dir='ltr'>p.</span> <span class='ocrx_word' id='word_1_447' title='bbox 1436 3282 1519 3319; x_wconf 81' lang='lat'>226</span> <span class='ocrx_word' id='word_1_448' title='bbox 1551 3290 1593 3319; x_wconf 90' lang='lat' dir='ltr'>n.</span> <span class='ocrx_word' id='word_1_449' title='bbox 1617 3281 1713 3331; x_wconf 83' lang='lat'>578,</span> <span class='ocrx_word' id='word_1_450' title='bbox 1740 3282 1761 3318; x_wconf 87' lang='lat'><strong>7</strong></span> <span class='ocrx_word' id='word_1_451' title='bbox 1804 3275 1937 3334; x_wconf 76' lang='grc' dir='ltr'>ἱερεὺς</span> <span class='ocrx_word' id='word_1_452' title='bbox 1977 3276 2051 3319; x_wconf 66' lang='grc' dir='ltr'>καὶ</span> 
     </span>
     <span class='ocr_line' id='line_1_45' title="bbox 36 3341 380 3438; baseline 0.017 -54"><span class='ocrx_word' id='word_1_453' title='bbox 36 3357 43 3438; x_wconf 70' lang='grc' dir='ltr'>Ι</span> <span class='ocrx_word' id='word_1_454' title='bbox 72 3341 380 3404; x_wconf 76' lang='grc' dir='ltr'>ἀρχιδικαστὴς.</span> 
     </span>
    </p>
   </div>
   <div class='ocr_carea' id='block_1_10' title="bbox 43 3572 2050 3738">
    <p class='ocr_par' dir='ltr' id='par_1_19' title="bbox 43 3572 2050 3738">
     <span class='ocr_line' id='line_1_46' title="bbox 43 3572 2048 3650; baseline 0.002 -23"><span class='ocrx_word' id='word_1_455' title='bbox 43 3633 45 3638; x_wconf 15' lang='grc' dir='ltr'><strong>Α</strong></span> <span class='ocrx_word' id='word_1_456' title='bbox 180 3572 472 3631; x_wconf 79' lang='grc'><strong>137-139</strong></span> <span class='ocrx_word' id='word_1_457' title='bbox 524 3582 580 3630; x_wconf 92' lang='lat' dir='ltr'>In</span> <span class='ocrx_word' id='word_1_458' title='bbox 616 3582 725 3632; x_wconf 83' lang='lat' dir='ltr'>basi</span> <span class='ocrx_word' id='word_1_459' title='bbox 764 3583 966 3635; x_wconf 89' lang='lat' dir='ltr'>obelisci</span> <span class='ocrx_word' id='word_1_460' title='bbox 1003 3585 1184 3650; x_wconf 81' lang='lat' dir='ltr'>lapidis</span> <span class='ocrx_word' id='word_1_461' title='bbox 1211 3585 1443 3648; x_wconf 82' lang='lat' dir='ltr'>grauitae</span> <span class='ocrx_word' id='word_1_462' title='bbox 1480 3599 1632 3648; x_wconf 88' lang='lat' dir='ltr'>quem</span> <span class='ocrx_word' id='word_1_463' title='bbox 1659 3583 1845 3647; x_wconf 84' lang='lat' dir='ltr'>dicunt,</span> <span class='ocrx_word' id='word_1_464' title='bbox 1885 3583 2048 3632; x_wconf 81' lang='lat' dir='ltr'>tribus</span> 
     </span>
     <span class='ocr_line' id='line_1_47' title="bbox 45 3663 2050 3738; baseline 0.004 -27"><span class='ocrx_word' id='word_1_465' title='bbox 45 3683 47 3685; x_wconf 91' lang='lat'>·</span> <span class='ocrx_word' id='word_1_466' title='bbox 75 3663 309 3726; x_wconf 82' lang='lat' dir='ltr'>gradibus</span> <span class='ocrx_word' id='word_1_467' title='bbox 346 3667 568 3733; x_wconf 89' lang='lat' dir='ltr'>impositi</span> <span class='ocrx_word' id='word_1_468' title='bbox 606 3672 656 3718; x_wconf 89' lang='lat' dir='ltr'>et</span> <span class='ocrx_word' id='word_1_469' title='bbox 692 3668 1039 3738; x_wconf 84' lang='lat' dir='ltr'>hieroglyphis</span> <span class='ocrx_word' id='word_1_470' title='bbox 1077 3671 1258 3735; x_wconf 83' lang='lat' dir='ltr'>ornati,</span> <span class='ocrx_word' id='word_1_471' title='bbox 1315 3686 1466 3736; x_wconf 89' lang='lat' dir='ltr'>quem</span> <span class='ocrx_word' id='word_1_472' title='bbox 1503 3670 1783 3723; x_wconf 84' lang='lat' dir='ltr'>Bankesius</span> <span class='ocrx_word' id='word_1_473' title='bbox 1822 3671 2050 3737; x_wconf 83' lang='lat' dir='ltr'>repperit</span> 
     </span>
    </p>
   </div>
   <div class='ocr_carea' id='block_1_11' title="bbox 37 3851 48 3970">
    <p class='ocr_par' dir='ltr' id='par_1_20' title="bbox 37 3783 49 3970">
     <span class='ocr_line' id='line_1_48' title="bbox 37 3851 48 3970; baseline 0 -169"><span class='ocrx_word' id='word_1_474' title='bbox 37 3851 48 3970; x_wconf 41' lang='grc' dir='ltr'>Ι</span> 
     </span>
    </p>
   </div>
  </div>
 </body>
</html>
