2314 3970
128 212 231 266 496]
585 211 819 264 Cleopatra
851 213 896 252 et
924 211 979 252 M.
1002 210 1221 252 Antonius
1253 209 1435 262 (42-30
1460 221 1496 251 a.
1520 209 1649 261 Chr.).
1997 210 2099 261 281

125 383 173 427 τὸ
213 378 243 426 δ’
268 381 568 427 ἑκκαιδέκατον
611 383 843 442 ὠνομάσθη
884 384 931 428 τὸ
967 383 1040 426 καὶ
1078 390 1261 441 πρῶτον,
1300 383 1451 441 ἐπειδὴ
1491 381 1819 440 τελευτήσαντος
1849 380 2101 442 Λυσιμάχου

126 461 204 515 τῆς
233 456 277 500 ἐν
300 453 431 515 Συρίᾳ
449 454 665 505 Χαλκίδος
688 455 908 514 βασιλέως,
939 453 1117 517 Μᾶρκος
1137 452 1352 505 Ἀντώνιος
1383 456 1404 500 ὁ
1437 455 1713 513 αὐτοκράτωρ
1744 455 1820 512 τήν
1842 470 1888 498 τε
1908 453 2104 498 Χαλκίδα

126 532 198 571 καὶ
225 527 324 576 τοὺς
355 527 450 587 περὶ
481 527 613 585 αὐτὴν
643 529 800 577 τόπους
830 528 1055 586 παρέδωκε
1076 530 1129 587 τῇ
1151 525 1422 588 Κλεοπάτρᾳ.
1454 527 1528 571 καὶ
1557 527 1641 571 ἀπὸ
1671 527 1796 571 τοῦδε
1826 526 1900 570 καὶ
1927 527 1980 570 τὰ
2007 526 2106 570 τού-

125 615 209 643 των
241 598 390 660 ὕστερα
421 599 495 658 ἔτη
529 600 653 660 μέχρι
684 606 757 643 τοῦ
789 601 982 644 εἰκοστοῦ
1015 599 1224 660 δευτέρου,
1264 599 1286 643 ὃ
1315 599 1389 643 κἀὶ
1424 599 1669 644 τελευταῖον
1710 599 1872 658 ἐγένετο
1904 595 2106 644 Κλεοπά-

126 687 240 730 τρας,
281 672 392 716 κατὰ
420 672 490 716 τὸν
523 671 648 716 αὐτὸν
678 673 832 733 τρόπον
864 671 1196 731 προστιθεμένου
1233 676 1308 715 τοῦ
1341 670 1529 730 ἀριθμοῦ
1560 671 1779 732 ἐγράφετο,
1817 674 1876 721 ὡς
1911 671 2107 731 γενέσθαι

125 744 174 787 τὸ
213 743 406 804 δεύτερον
444 743 519 789 καὶ
560 744 750 789 εἰκοστὸν
792 744 924 803 αὐτῆς
961 744 1010 788 τὸ
1058 743 1130 787 καὶ
1170 742 1367 802 ἕβδομον.
1429 745 1559 794 Quod
1599 747 1828 788 Strackius
1867 746 1987 800 dicit,
2033 746 2107 787 hic

128 819 391 872 neutiquam
431 830 616 860 causam
657 816 851 872 duplicis
888 818 1155 861 numerandi
1195 817 1382 859 rationis
1425 817 1588 872 afferri,
1628 819 1708 860 sed
1745 820 1928 872 tempus
1970 818 2106 860 modo

127 891 247 932 idem
278 891 438 945 notari,
479 892 520 932 ei
552 893 760 933 assentiri
788 902 976 945 nequeo.
1027 890 1142 933 Nam
1173 891 1271 931 sive
1302 890 1530 931 causalem
1559 891 1655 931 sive
1685 892 1982 944 temporalem
2013 892 2108 932 vim

127 964 375 1016 particulae
406 961 554 1020 ἐπειδή
586 964 848 1018 tribuimus,
884 965 1056 1017 utique·
1073 974 1205 1005 nemo
1237 973 1372 1004 sanae
1403 963 1568 1003 mentis
1599 962 1711 1004 haec
1741 964 1807 1004 sic
1838 964 2109 1016 coniungere

125 1037 304 1089 poterat
319 1036 405 1077 nisi
422 1036 622 1078 indicare
638 1036 820 1079 volebat
837 1036 1028 1078 alterum
1045 1046 1289 1077 numerum
1305 1035 1361 1076 ad
1377 1035 1583 1088 Aegypti,
1603 1036 1795 1076 alterum
1814 1036 1870 1077 ad
1886 1036 2108 1077 Chalcidis

125 1120 323 1161 regnum¹
359 1111 577 1163 spectare.
640 1111 722 1151 Cui
759 1110 1022 1151 testimonio
1062 1120 1144 1149 cur
1182 1120 1272 1149 non
1303 1119 1409 1149 cum
1441 1108 1820 1150 Th.Mommseno
1854 1109 2038 1150 Staatsr.
2071 1110 2109 1149 ΙΙ

126 1192 170 1234 p.
194 1183 274 1222 804
310 1185 391 1223 n.⁴
431 1182 567 1224 fidem
597 1182 847 1224 habeamus
879 1193 968 1223 non
988 1180 1138 1234 video,
1170 1181 1439 1234 praesertim
1471 1191 1578 1221 cum
1599 1181 1653 1222 M.
1676 1181 1900 1222 Antonius
1931 1182 1977 1221 in
2008 1192 2109 1222 cen-

128 1265 231 1295 sum
252 1265 342 1295 non
363 1255 528 1308 veniat,
550 1255 720 1308 quippe
742 1266 878 1307 quem
901 1265 1051 1307 regem
1070 1265 1304 1306 nunquam
1326 1253 1465 1295 fuisse
1487 1253 1739 1294 rectissime
1761 1254 1858 1307 ipse
1880 1254 2109 1295 Strackius

127 1326 302 1380 dixerit,
342 1327 548 1368 Caesario
579 1337 688 1368 vero
731 1323 1012 1382 (Πτολεμαῖος
1048 1326 1069 1368 ὁ
1109 1323 1181 1367 καὶ
1211 1321 1380 1384 Καῖσαρ
1413 1338 1454 1367 n.
1481 1329 1576 1379 494,
1600 1326 1653 1380 4),
1696 1337 1833 1379 quem
1874 1327 1998 1378 regni
2039 1337 2111 1367 so-

127 1399 247 1440 cium
277 1399 506 1440 Strackius
537 1399 611 1440 hic
639 1400 854 1452 agnoscit,
893 1400 983 1440 iam
1016 1401 1119 1440 ante
1150 1410 1350 1451 pugnam
1382 1399 1715 1451 Philippensem
1748 1409 1828 1439 rex
1858 1398 2110 1452 appellatus

128 1471 186 1513 sit
209 1471 405 1524 (Cassius
427 1472 508 1513 Dio
530 1471 697 1524 XLVII,
718 1474 784 1525 3⁴,
803 1471 854 1524 5).
906 1470 1020 1513 Nam
1045 1471 1170 1524 quod
1194 1482 1355 1512 vocem
1381 1467 1577 1526 βασιλεύς
1602 1471 1856 1512 necessario
1878 1471 2110 1513 hominem

127 1544 304 1597 imperii
337 1545 606 1598 participem
627 1543 879 1596 significare
900 1547 1033 1596 negat
1062 1545 1162 1597 Str.,
1192 1543 1239 1585 id
1269 1543 1464 1597 probare
1485 1554 1675 1597 nequeo,
1709 1544 1793 1584 etsi
1815 1544 1870 1584 de
1893 1541 2112 1599 βασίλισσα

127 1615 246 1656 idem
279 1617 588 1658 certissimum
626 1618 696 1658 est
726 1616 792 1669 (cf.
826 1628 867 1657 n.
892 1616 1000 1668 451).
1053 1616 1137 1657 Sed
1168 1617 1273 1656 utut
1303 1616 1390 1657 hoc
1416 1615 1600 1668 quidem
1632 1626 1680 1656 se
1711 1615 1860 1669 habet,
1892 1625 2109 1656 numerus

127 1690 319 1742 uterque
350 1688 643 1742 demonstrat,
675 1689 765 1730 hoc
796 1690 1145 1730 monumentum
1177 1699 1291 1730 anno
1317 1691 1367 1728 33
1391 1700 1429 1730 a.
1453 1688 1552 1729 Chr.
1575 1700 1616 1728 n.
1649 1688 1908 1729 dedicatum
1939 1698 2052 1729 esse.

241 1917 352 1972 196
401 1923 456 1971 In
483 1923 647 1972 insula
671 1922 827 1972 Philis
858 1923 908 1971 in
934 1936 1119 1987 magno
1144 1923 1379 1988 propylo.
1440 1921 1565 1970 Edd.
1607 1921 1863 1970 Hamilton
1897 1920 2108 1986 Aegypt.

128 2023 178 2075 p.
210 2009 276 2058 52
314 2009 365 2057 in
391 2009 519 2058 duos
543 2009 716 2058 titulos
745 2009 963 2058 divisum
991 2006 1126 2076 (inde
1151 2024 1200 2058 v.
1223 2005 1360 2056 4-7
1387 2008 1625 2074 repetivit
1648 2008 1879 2074 Walpole
1905 2008 2112 2058 Travels

128 2110 179 2160 p.
210 2095 302 2144 59⁴
352 2110 399 2144 n.
431 2092 532 2162 57).
599 2096 675 2145 Ex
713 2096 1038 2146 Lenormanti
1077 2097 1127 2144 et
1163 2093 1465 2144 Wilkinsoni
1510 2093 1821 2160 apographis
1859 2095 2112 2144 Letronne

129 2182 335 2231 Journal
364 2182 453 2231 des
479 2185 687 2232 savants
719 2182 853 2231 4843
882 2199 932 2248 p.
965 2183 1065 2232 322
1091 2198 1200 2248 sqq.
1241 2179 1299 2249 (J.
1330 2182 1492 2230 Franz
1533 2181 1637 2231 C.I.
1661 2180 1717 2230 G.
1749 2181 1904 2231 4934.
1936 2179 2109 2245 4932).

131 2268 187 2317 R.
210 2269 420 2335 Lepsius
445 2269 750 2319 Denkmaler
776 2284 867 2319 aus
893 2269 1155 2335 Aegypten
1181 2269 1287 2318 und
1312 2268 1610 2334 Aethiopien
1636 2268 1726 2316 XII
1751 2283 1801 2334 p.
1824 2268 1889 2316 88
1917 2283 1964 2317 n.
1990 2268 2110 2318 264.

273 2408 427 2470 Γάϊος
473 2407 682 2470 Ἰούλιος
731 2409 955 2470 Πάπειος
1005 2410 1258 2482 ἔπαρχος1
1309 2411 1314 2480 Ι
1360 2409 1545 2481 ἥκω<ι>
1593 2410 1679 2463 καὶ
1731 2410 2111 2480 προσκεκύνηκα

271 2497 360 2569 τὴν
416 2497 604 2569 κυρίΙαν
651 2492 771 2552 Ἶσιν
825 2497 911 2551 σὺν
964 2494 1180 2551 Ἰουλίωι
1228 2500 1321 2550 τῶι
1373 2499 1487 2551 υἱῶι
1533 2496 1619 2550 καὶ
1666 2496 1803 2568 ὑΙπὲρ
1852 2495 2112 2558 Γαΐουνος2

248 2673 440 2715 Litterae
485 2673 839 2721 ΑΘΕ-ΞΠΠΠΟΦ.
998 2676 1014 2713 4
1055 2672 1173 2714 Cave
1206 2672 1260 2713 de
1305 2671 1533 2726 praefecto
1578 2672 1772 2726 Aegypti
1817 2672 2110 2725 cogitaveris;

131 2746 298 2787 etenim
329 2756 385 2786 ex
416 2746 519 2786 anni
542 2745 866 2798 significatione
896 2744 1000 2797 (not.
1027 2744 1064 2796 7)
1097 2746 1285 2799 apparet
1313 2745 1497 2786 titulum
1519 2756 1607 2786 non
1629 2745 1937 2786 Romanorum
1969 2745 2113 2786 domi-

131 2819 324 2871 natione,
364 2818 443 2859 sed
479 2829 562 2871 per
602 2829 815 2871 suprema
847 2818 972 2870 regni
1009 2817 1273 2871 Cleopatrae
1310 2819 1517 2871 tempora
1552 2819 1786 2859 exaratum
1819 2827 1930 2858 esse.
1981 2817 2113 2858 Vide-

131 2892 207 2931 tur
237 2891 375 2943 igitur
404 2890 659 2943 praefectus
699 2889 877 2931 fabrum
917 2890 962 2930 in
1004 2890 1206 2931 exercitu
1237 2890 1452 2942 Romano,
1498 2901 1635 2942 quem
1677 2892 1775 2930 tum
1810 2890 2033 2942 temporis
2067 2891 2113 2930 in

132 2962 336 3016 Aegypto
368 2962 562 3004 habebat
593 2962 830 3016 Antonius,
870 2962 1020 3004 fuisse.
1080 2962 1195 3004 Nam
1227 2963 1442 3016 praefecti
1471 2963 1713 3015 legionum,
1753 2962 1875 3015 quod
1914 2962 2110 3004 officium

132 3034 343 3076 Franzius
385 3036 523 3088 Papio
571 3034 744 3087 tribuit,
791 3036 889 3076 tum
933 3035 1155 3088 temporis
1200 3035 1311 3076 nulli
1357 3035 1551 3076 fuerunt.
1613 3035 1881 3076 Letronnius
1921 3035 1965 3075 C.
1989 3035 2113 3087 Papii

133 3106 302 3148 tribuni
334 3107 481 3160 plebis
513 3118 550 3148 a.
585 3110 636 3147 65
671 3118 707 3147 a.
731 3106 831 3147 Chr.
854 3118 898 3148 n.
934 3107 1036 3158 (Cic.
1070 3108 1126 3148 de
1157 3106 1230 3150 off.
1262 3108 1334 3160 111,
1358 3110 1424 3161 Η,
1449 3109 1531 3161 47),
1573 3108 1772 3149 auctoris
1812 3107 1921 3159 legis
1952 3107 2114 3159 Papiae

135 3178 236 3230 (Cic.
282 3190 365 3232 pro
410 3179 574 3220 Archia
616 3182 655 3231 5,
693 3182 762 3220 40.
807 3189 890 3232 pro
934 3179 1073 3221 Balbo
1116 3183 1184 3233 23,
1216 3183 1282 3221 52.
1335 3179 1391 3221 ad
1428 3180 1516 3221 Att.
1546 3179 1618 3233 IV,
1651 3182 1717 3233 46,
1750 3181 1817 3219 42.
1870 3178 1989 3220 Cass.
2030 3179 2112 3219 Dio

135 3249 350 3304 XXXVII,
383 3254 421 3305 9,
454 3252 492 3303 5)
531 3250 678 3291 filium
709 3251 783 3291 hic
813 3253 1026 3303 agnoscit.
1087 3252 1364 3305 Temporum
1403 3252 1599 3293 rationes
1639 3262 1746 3292 sane
1778 3250 1975 3304 perbene
2006 3262 2115 3292 con-

134 3324 335 3377 veniunt,
373 3323 454 3365 sed
484 3333 648 3364 nomen
679 3323 841 3375 gentile
865 3317 1044 3370 Ἰούλιος
1074 3324 1182 3365 huic
1212 3324 1415 3378 opinioni
1455 3324 1720 3376 neutiquam
1753 3323 1902 3365 favere
1934 3323 2116 3365 videtur

135 3396 180 3435 et
210 3391 396 3441 Πάπειος
426 3407 509 3448 per
539 3395 870 3448 diphthongum
901 3397 1123 3450 scriptum
1145 3407 1227 3450 pro
1251 3397 1407 3438 Latino
1430 3393 1620 3450 Papius,
1653 3395 1777 3448 quod
1805 3393 1829 3437 i
1856 3397 2114 3449 correptam

135 3465 283 3520 habet,
300 3469 393 3508 tam
412 3468 597 3520 antiquo
615 3469 822 3520 tempore
839 3467 1075 3510 offensioni
1092 3471 1172 3510 est.
1288 3471 1312 3508 2
1344 3468 1479 3509 Filius
1496 3469 1641 3509 maior
1658 3469 1767 3509 natu
1782 3469 1958 3520 patrem
1975 3469 2114 3510 comi-

135 3539 257 3580 tatus
278 3541 360 3593 est,
378 3551 461 3593 pro
486 3540 660 3580 minore
680 3539 754 3579 ille
775 3539 959 3582 absente
980 3541 1288 3583 adorationem
1310 3540 1426 3581 fecit.
1468 3540 1581 3581 Cum
1604 3535 1741 3581 Γαῖων
1763 3540 1974 3582 Franzius
1991 3551 2114 3582 com-

136 3613 266 3663 parat
281 3606 542 3668 Καισαρίων.
574 3611 772 3652 Similius
792 3614 862 3653 est
874 3607 1083 3671 Μαρκίων
1104 3614 1257 3666 ipsum
1279 3623 1462 3665 quoque
1485 3624 1509 3653 a
1531 3612 1821 3665 praenomine
1844 3612 2112 3654 derivatum.

138 3681 172 3722 A
200 3683 545 3736 cognominibus
583 3685 688 3725 talia
718 3683 1057 3737 perfrequenter
1086 3685 1338 3726 formantur
1366 3685 1508 3727 veluti
1549 3681 1747 3738 Glabrio,
1772 3682 1930 3738 Pollio,
1964 3682 2114 3739 Rufio.
