2314 3970
189 222 292 274 284
865 221 936 263 111.
979 221 1126 263 Nubia
1156 225 1200 263 et
1229 223 1477 278 Aethiopia.
2050 226 2147 279 [499

1123 757 1205 815 ΠΙ.

799 909 1015 979 Nubia
1061 912 1127 979 et
1170 910 1548 1000 Aethiopia.

293 1082 402 1137 199
451 1086 597 1136 Aduli
634 1087 686 1135 in
724 1087 844 1136 sella
867 1087 1137 1136 marmoris
1164 1086 1264 1136 albi
1301 1091 1543 1153 quattuor
1578 1088 1792 1154 pedibus
1822 1090 1996 1141 innixa
2020 1090 2152 1141 hanc

180 1174 561 1240 inscriptionem
616 1173 788 1239 priore
830 1177 977 1238 parte
1033 1174 1217 1223 saeculi
1261 1189 1310 1240 p.
1350 1173 1463 1223 Chr.
1504 1189 1550 1223 n.
1601 1176 1732 1225 sexti
1778 1177 1897 1241 legit
1943 1176 2151 1227 Cosmas

179 1261 570 1326 Indicopleustes
619 1262 668 1308 et
703 1260 1090 1325 transscriptam
1123 1258 1551 1326 Cosmographiae
1578 1260 1891 1312 Christianae
1923 1277 2046 1313 suae
2076 1264 2153 1312 in-

181 1348 352 1397 seruit.
416 1348 490 1396 De
525 1345 781 1412 prioribus
821 1345 1121 1395 editionibus
1167 1347 1284 1396 vide
1322 1362 1452 1412 quae
1497 1347 1738 1398 adnotavi
1775 1349 1837 1398 ad
1877 1331 2153 1399 Ptolemaei

180 1434 458 1498 Euergetae
493 1433 694 1482 titulum
732 1432 920 1482 ibidem
948 1432 1012 1481 ab
1041 1432 1218 1483 eodem
1244 1439 1502 1500 repertum
1541 1450 1589 1484 n.
1621 1435 1702 1484 54.
1769 1436 1916 1486 Hunc
1951 1437 2152 1486 titulum

181 1522 344 1570 solum
401 1535 465 1570 ex
520 1519 775 1569 codicibus
822 1518 1034 1569 Cosmae
1070 1519 1359 1569 Florentino
1406 1524 1455 1570 et
1498 1521 1728 1571 Romano
1776 1523 2151 1572 accuratissime

179 1606 334 1655 edidit
388 1606 827 1656 observationibus
893 1606 1230 1670 sagacissimis
1287 1606 1468 1656 additis
1517 1607 1573 1656 P.
1619 1608 1681 1657 de
1715 1608 1944 1673 Lagarde
1988 1608 2154 1658 Nach-

178 1693 374 1743 richten
409 1708 514 1743 von
552 1694 642 1743 der
678 1692 789 1743 Ges.
819 1693 909 1743 der
933 1693 1242 1743 Wissensch.
1271 1693 1323 1741 in
1349 1693 1618 1758 Gottingen
1661 1695 1794 1744 4890
1833 1711 1883 1762 p.
1917 1695 2018 1744 448
2040 1711 2148 1761 sqq.

180 1776 577 1846 (Mittheilungen
602 1780 667 1829 IV
702 1795 751 1845 p.
785 1779 882 1828 493
907 1776 1052 1846 sqq).
1117 1780 1389 1830 Praeterea
1428 1780 1488 1830 cf.
1530 1794 1662 1846 quae
1698 1781 1760 1831 de
1799 1796 1858 1832 eo
1897 1796 2154 1832 commen-

176 1867 271 1916 tati
334 1869 451 1916 sunt
504 1865 596 1915 Ph.
633 1866 909 1915 Buttmann
965 1867 1194 1915 Museum
1251 1866 1334 1916 fiir
1388 1866 2055 1918 Alterthumswissenschaft
2109 1869 2153 1917 II

176 1968 226 2018 p.
260 1953 359 2002 405
382 1969 491 2018 sqq.
555 1953 608 2001 B.
634 1951 690 2002 G.
719 1952 945 2002 Niebuhr
982 1953 1155 2002 Kleine
1182 1951 1435 2003 Schriften
1460 1954 1481 2002 Ι
1512 1970 1563 2020 p.
1589 1954 1688 2003 400
1711 1970 1819 2021 sqq.
1884 1956 2061 2006 Vivien
2088 1956 2151 2005 de

176 2038 246 2089 St.
275 2040 474 2105 Martin,
511 2040 718 2089 Journal
743 2039 999 2104 Asiatique
1019 2024 1153 2103 V1,'2
1187 2055 1238 2105 p.
1261 2040 1364 2090 328
1386 2055 1494 2106 sqq.
1548 2040 1602 2089 A.
1634 2042 1884 2091 Dillmann
1909 2042 2152 2091 Abhand-

174 2127 359 2191 lungen
387 2126 476 2175 der
502 2126 608 2190 Kgl.
639 2125 797 2174 Akad.
829 2125 918 2174 der
943 2125 1375 2175 Wissenschaften
1401 2142 1464 2175 zu
1493 2127 1658 2176 Berlin
1682 2126 1818 2176 4877
1850 2143 1900 2193 p.
1918 2127 1934 2175 4
1951 2129 2015 2177 95
2038 2142 2146 2193 sqq.

178 2213 230 2261 E.
249 2213 439 2262 Drouin
465 2212 637 2261 Revue
658 2211 874 2261 archeol.
892 2212 1053 2261 Nouv.
1075 2212 1202 2260 serie
1221 2212 1374 2262 XLIV
1393 2212 1410 2260 4
1428 2212 1527 2262 882
1550 2229 1599 2278 p.
1617 2213 1634 2262 4
1651 2213 1714 2262 53
1738 2228 1845 2279 sqq.
1897 2214 1951 2263 E.
1977 2214 2152 2264 Glaser

178 2297 351 2348 Skizze
397 2297 487 2347 der
535 2297 833 2347 Geschichte
881 2299 984 2347 und
1032 2297 1348 2364 Geographie
1396 2298 1639 2348 Arabiens
1677 2299 1721 2348 II
1761 2315 1814 2365 p.
1848 2297 1938 2348 47⁴
1952 2299 2145 2348 —564.

177 2385 267 2434 Th.
302 2386 580 2434 Mommsen
639 2385 783 2433 Rom.
839 2383 1137 2434 Geschichte
1179 2385 1223 2434 V
1275 2399 1324 2450 p.
1359 2385 1459 2435 599
1515 2387 1619 2435 not.
1655 2385 1700 2435 4.
1777 2386 1834 2434 D.
1875 2386 1936 2437 H.
1976 2387 2151 2436 Mtiller

175 2471 562 2522 Denkschriften
619 2471 709 2520 der
765 2472 822 2521 K.
869 2471 1027 2522 Akad.
1078 2471 1168 2520 der
1208 2472 1358 2522 Wiss,
1406 2487 1470 2522 zu
1516 2472 1662 2522 Wien
1699 2472 1852 2522 XLIII
1901 2472 2034 2522 4893
2083 2472 2149 2522 ΙΠ

176 2573 225 2623 p.
257 2558 284 2605 3
308 2573 417 2624 sqq.

291 2745 495 2786 Duorum
518 2744 727 2786 codicum
750 2743 937 2786 Cosmae
958 2745 1176 2788 lectiones
1198 2748 1407 2788 accurate
1427 2746 1633 2788 exhibuit
1654 2745 1873 2799 Lagarde:
1909 2747 1939 2788 F
1970 2747 2146 2789 Floren-

175 2818 298 2857 tinus
319 2817 643 2858 Laurentianus
664 2816 725 2857 IX
746 2819 798 2857 28
831 2827 945 2858 saec.
967 2818 1020 2859 X.
1081 2819 1116 2859 R
1147 2819 1389 2860 Vaticanus
1416 2820 1613 2860 Graecus
1646 2823 1739 2860 699.
1800 2820 1850 2859 In
1879 2820 2144 2860 uniVersum

177 2900 342 2941 sequor
372 2889 720 2930 Laurentianum
751 2889 980 2941 aliquanto
1013 2891 1268 2932 accuratius
1298 2893 1555 2944 exaratum3
1596 2891 1902 2945 discrepantes
1931 2891 2146 2933 lectiones

177 2961 444 3014 plerumque
475 2960 677 3003 enotavi:
710 2960 790 3002 sed
821 2960 876 3002 de
908 2962 1229 3015 orthographia
1259 2974 1401 3016 prava
1423 2962 1640 3016 Vaticani,
1678 2964 1756 3016 qui
1788 2960 1924 3017 ἕπιτα,
1955 2961 2144 3018 ἡμίσιαν,
2223 2981 2226 2983 Δ

177 3031 341 3089 βαθῖαι,
375 3030 576 3088 βασιλίας,
609 3030 799 3090 μεσόγια,
837 3030 1005 3087 πλῖστα,
1044 3030 1270 3087 Ποσιὸὦνι,
1302 3033 1365 3076 ἔτι
1397 3035 1493 3088 (pro
1526 3033 1636 3088 ἔτει),
1675 3032 1975 3093 εὐχαριστείαν,
2012 3030 2147 3091 Ἄρεει

179 3128 232 3135 —-
263 3102 552 3161 ἀποκρίμνοις,
592 3102 838 3161 ἐπολέμισα,
877 3108 1026 3159 ntem,
1074 3103 1228 3165 μέχρη,
1273 3103 1493 3165 ’καθ’ἡςςας,Γ
1528 3105 1834 3164 ἐμερησάμ[ην]
1871 3129 1928 3137 -
1969 3101 2145 3149 Κινεδο-

174 3174 397 3230 κολπίτας,
438 3174 613 3218 παιδίων
646 3178 743 3230 (pro
778 3174 943 3229 πεδίων)
975 3199 1032 3207 -
1063 3174 1249 3234 ἀθρὺσας
1283 3178 1431 3232 habet,
1472 3190 1577 3220 cum
1608 3179 1637 3220 F
1669 3179 1759 3220 fere
1789 3178 1958 3232 uquue
1990 3190 2142 3221 veram

176 3250 450 3303 scripturam
481 3250 682 3302 retineat,
723 3250 796 3290 hic
826 3249 964 3290 semel
999 3250 1230 3291 monuisse
1261 3250 1465 3292 sufficiat.
1526 3251 1678 3292 Multis
1714 3251 1825 3292 locis
1863 3252 1908 3292 in
1949 3253 2145 3304 utroque

177 3321 331 3363 codice
360 3322 405 3362 in
438 3322 637 3373 margine
668 3322 737 3375 (†),
769 3322 814 3362 in
843 3321 879 3362 R
909 3333 1231 3374 nonnunquam
1257 3323 1393 3363 etiam
1423 3324 1468 3363 in
1501 3323 1600 3376 ipso
1634 3323 1754 3364 tituli
1783 3325 1937 3364 tenore
1969 3321 2034 3376 (²¹⁸),
2066 3323 2146 3364 sed

176 3394 425 3446 praemissa
463 3405 576 3435 voce
619 3392 873 3452 παραγραφή
914 3393 1097 3435 rubrica
1134 3394 1268 3448 picta,
1312 3394 1483 3436 scholia
1519 3397 1563 3436 et
1604 3395 1913 3436 adnotationes
1952 3396 2142 3449 exstant,

177 3476 292 3517 quae
323 3466 475 3507 omnia
503 3466 548 3506 in
579 3465 736 3507 dextro
767 3467 987 3519 cuiusque
1018 3466 1204 3519 paginae
1241 3467 1441 3518 margine
1472 3478 1525 3508 ex
1556 3467 1757 3519 Lagardii
1789 3467 1986 3508 editione
2016 3477 2143 3520 repe-

176 3537 259 3577 tita
289 3536 491 3578 exhibeo.
551 3537 904 3590 Dispositionem
946 3538 1064 3578 tituli
1093 3537 1213 3578 idem
1244 3539 1582 3580 accuratissime
1615 3539 1879 3581 observaVIt
1908 3540 1953 3579 et
1982 3538 2142 3580 litteris

178 3608 440 3649 maiusculis
471 3609 637 3649 Latinis
669 3609 866 3662 singulas
897 3611 1048 3661 partes
1079 3609 1294 3662 distinxit,
1333 3610 1455 3662 quod
1487 3611 1854 3652 commodissime
1884 3610 2142 3651 institutum

176 3680 286 3721 item
317 3691 371 3722 ex
403 3680 499 3721 eius
532 3682 739 3734 exemplo
770 3682 949 3723 retinui.
