2314 3970
235 182 336 232 152
910 179 960 218 11.
1006 178 1204 230 Regnum
1238 176 1518 229 Lagidarum.
2129 179 2195 232 [90

372 354 459 404 τοῦ
504 345 612 402 κατ’
657 346 880 401 ἐνιαυτὸν
920 349 991 407 εἰς
1025 343 1392 418 Ἀλεξάνδρειαν
1431 346 1766 401 κατάπλουθῖ·
1813 349 2106 419 προσέταξεν
2146 349 2200 403 δὲ

372 435 458 490 καὶ
494 435 581 506 τὴν
625 433 868 505 σύλληψιν
906 435 1002 486 τῶν
1042 434 1113 492 εἰς
1150 433 1237 504 τὴν
1276 432 1506 486 ναυτείαν
1520 435 1565 469 ⁶3
1603 434 1668 505 μὴ
1708 435 1978 504 ποιεῖσθαι,
2017 439 2114 488 τῶν
2152 432 2194 488 τ’

230 612 465 653 11οωί1111111
511 608 830 650 communione
874 607 1037 660 victus,
1091 606 1239 660 officii,
1291 606 1571 648 condicionis
1621 609 1764 649 civilis
1815 609 2062 651 definitum.
2142 611 2201 653 Cf.

231 684 395 724 Platon.
429 682 558 734 Gorg.
594 681 723 722 ⁴55ss
767 677 862 735 περὶ
897 683 1124 735 ναυπηγῶν
1161 675 1190 733 ἢ
1233 676 1328 733 περὶ
1364 676 1496 720 ἄλλου
1541 678 1651 726 τινὸς
1690 679 1994 738 δημιουργικοῦ
2039 680 2201 729 ἔθνους.

229 755 384 796 Pollux
406 753 518 806 VIII,
542 755 644 793 4⁴⁴:
683 749 779 807 τρία
818 747 850 791 δ’
885 748 940 805 ἦν
979 748 1032 792 τὰ
1070 747 1172 807 ἔθνη
1212 747 1357 803 πάλαι,
1408 748 1654 808 εὐπατρίδαι
1691 751 1905 810 γεωμόροι
1940 751 2202 811 δημιουργοί.

229 827 325 875 Qua
356 826 482 868 vocis
508 826 554 867 vi
584 825 720 866 etiam
755 835 912 864 omnes
944 823 1200 864 sacerdotes
1223 834 1364 863 unum
1398 819 1518 869 ἔθνος
1548 823 1723 865 efficere
1745 825 1972 879 dicuntur,
2003 828 2055 867 ut
2085 827 2204 879 apud

227 893 513 939 Aristotelem
545 897 794 950 Metaphys.
824 897 855 949 Ι,
886 898 900 935 4
950 906 992 948 p.
1025 894 1153 935 9841)
1181 898 1254 935 23:
1313 893 1376 936 διὸ
1420 893 1514 951 περὶ
1559 891 1777 953 Αἴγυπτον
1824 895 1867 938 αἱ
1912 893 2205 955 μαθηματικαὶ

226 968 373 1029 τέχναι
416 975 582 1027 πρῶτον
630 967 904 1024 συνέστησαν·
956 965 1048 1008 ἐκεῖ
1091 965 1168 1023 γὰρ
1215 963 1374 1023 ἀφείθη
1415 963 1635 1024 σχολάζειν
1672 966 1720 1010 τὸ
1756 973 1840 1009 τῶν
1885 966 2028 1024 ἱερέων
2068 968 2204 1017 ἔθνος.

228 1044 467 1096 Perperam
513 1052 620 1083 sane
664 1041 709 1082 in
755 1039 943 1082 eandem
997 1039 1265 1081 sententiam
1310 1040 1602 1080 Drumannus
1652 1041 1974 1093 interpretatur
2022 1042 2205 1084 Diodori

228 1115 379 1156 locum
411 1115 440 1168 1,
466 1117 532 1167 70,
557 1117 596 1167 2,
629 1113 706 1154 ubi
739 1112 997 1154 sacerdotes
1026 1111 1239 1152 dicuntur
1269 1109 1600 1166 πεπαιδευμένοι
1629 1109 1837 1154 κάλλιστα
1864 1118 1946 1155 τῶν
1971 1111 2205 1168 ὁμοεθνῶν,

228 1198 333 1228 nam
372 1186 446 1227 hic
485 1182 708 1241 ὁμοεθνεῖς
743 1184 980 1226 manifesto
1013 1195 1170 1225 omnes
1201 1184 1410 1237 Aegyptii
1448 1186 1566 1225 sunt.
1627 1184 1682 1225 At
1721 1197 1882 1238 genera
1920 1186 2206 1228 sacerdotum

230 1259 443 1312 dignitate
478 1258 524 1299 et
553 1258 745 1310 negotiis
777 1257 918 1298 sacris
949 1256 1159 1297 distincta
1189 1256 1299 1297 item
1337 1256 1596 1308 singillatim
1628 1253 1733 1314 ἔθνη
1764 1259 1918 1299 vocari
1949 1269 2084 1312 posse
2114 1271 2207 1300 ma-

229 1329 443 1373 nifestum
473 1331 555 1372 est.
705 1332 757 1370 62
795 1328 946 1370 Verbo
976 1325 1210 1370 καταπλεῖν
1243 1328 1328 1369 iter
1357 1339 1413 1369 ex
1444 1328 1648 1382 quolibet
1676 1329 1870 1383 Aegypti
1900 1330 1999 1372 loco
2020 1331 2208 1373 Alexan-

230 1403 376 1444 driam
412 1401 666 1456 significari,
706 1401 813 1454 quia
853 1401 1123 1454 plerumque
1163 1401 1268 1442 navi
1307 1400 1505 1442 secundo
1536 1401 1722 1443 flumine
1751 1401 1852 1444 Nilo
1895 1403 2208 1457 peragebatur,

229 1475 414 1517 adnotat
444 1474 714 1516 Letronnius
754 1484 940 1517 monens
980 1473 1035 1514 de
1073 1472 1230 1515 eadem
1267 1485 1317 1515 re
1348 1474 1392 1514 in
1423 1475 1610 1528 papyris
1641 1475 1853 1516 Parisinis
1884 1473 2116 1518 καταπλεῖν
2149 1474 2209 1523 εἰς

228 1546 306 1602 τὴν
335 1544 458 1589 πόλιν
503 1548 549 1587 et
590 1543 823 1588 καταπλεῖν
864 1545 968 1604 πρὸς
1007 1544 1078 1587 τὸν
1120 1542 1295 1601 βασιλέα
1339 1546 1574 1599 repperiri.
1638 1546 1781 1595 Quem
1828 1547 1885 1589 ad
1922 1547 2056 1589 finem
2098 1549 2210 1590 haec

227 1620 388 1662 itinera
418 1619 661 1673 quotannis
691 1618 808 1661 facta
839 1619 942 1671 sint,
973 1617 1232 1671 ambigitur.
1293 1617 1530 1660 Pahlinum
1569 1618 1624 1660 de
1663 1620 1895 1672 mysteriis
1937 1621 2208 1672 cogitantem

229 1691 440 1733 refutavit
469 1691 715 1733 Drumann.
776 1690 861 1732 Sed
891 1690 1015 1744 quod
1054 1690 1128 1732 hic
1158 1690 1330 1743 statuit,
1376 1690 1634 1733 sacerdotes
1683 1691 1740 1733 ad
1787 1691 1834 1732 id
1874 1693 2056 1746 tempus
2094 1704 2209 1746 quae

229 1765 402 1806 aerario
435 1764 559 1817 regio
591 1763 827 1817 pendenda
853 1763 1004 1805 essent
1033 1764 1158 1816 ipsos
1179 1762 1493 1804 Alexandriam
1515 1763 1687 1805 deferre
1715 1763 1940 1817 debuisse,
1972 1775 2027 1805 nc
2058 1765 2210 1818 ipsum

229 1836 414 1889 quidem
444 1835 844 1878 accommodatum
875 1837 944 1877 est
973 1835 1029 1877 ad
1050 1835 1430 1888 persuadendum.
1484 1835 1643 1878 Nonne
1673 1847 1714 1877 n.
1739 1840 1805 1889 56,
1829 1841 1852 1878 5
1885 1836 2046 1878 suadet
2074 1839 2126 1878 ut
2155 1837 2210 1879 de

230 1903 448 1950 nataliciis
479 1909 597 1961 regis
619 1909 697 1950 aut
727 1908 1045 1950 anniversariis
1067 1908 1192 1961 regni
1224 1908 1322 1948 initi
1353 1909 1494 1949 sacris
1526 1906 1808 1960 cogitemus?
1859 1908 1921 1950 Cf.
1953 1909 2209 1951 Lumbroso

229 1980 508 2022 Recherches
538 1991 581 2034 p.
607 1982 703 2033 3⁴4,
734 1980 811 2033 qui
844 1981 1009 2033 monet,
1050 1991 1140 2020 non
1179 1980 1353 2021 itineris
1392 1979 1570 2022 labores
1601 1982 1646 2021 et
1686 1981 1914 2033 impensas
1954 1982 2000 2022 in
2039 1982 2125 2023 hac
2161 1993 2210 2023 re

230 2053 578 2095 molestissimas
621 2052 771 2105 fuisse,
818 2052 898 2093 sed
935 2051 1053 2093 dona
1094 2052 1374 2105 amplissima
1404 2063 1488 2105 per
1516 2063 1617 2093 eam
1655 2053 1938 2095 occasionem
1970 2053 2210 2108 offerenda,

230 2125 286 2167 de
322 2124 490 2179 quibus
528 2126 751 2178 provocat
797 2124 853 2166 ad
890 2125 1069 2178 Iosephi
1107 2124 1205 2165 Ant.
1235 2125 1329 2177 XII,
1362 2127 1462 2165 ⁴99:
1511 2122 1713 2167 διαλιπὼν
1761 2124 1807 2167 δὲ
1852 2124 1993 2183 ὀλίγον
2040 2124 2062 2167 ὁ
2107 2130 2210 2174 παῖς

230 2191 457 2254 (Ὑρκανὸς)
501 2194 779 2253 συνεβούλευε
816 2196 876 2254 τῷ
911 2194 1037 2253 πατρὶ
1067 2191 1298 2254 (Ἰωσήπῳ)
1341 2195 1458 2253 δῶρα
1495 2195 1573 2253 μὲν
1616 2194 1793 2240 αὐτόθεν
1826 2196 1888 2254 μὴ
1930 2197 2112 2254 πέμπειν
2141 2198 2205 2255 τῷ

231 2265 407 2324 βασιλεῖ,
447 2266 591 2311 δοῦναι
631 2266 677 2310 δὲ
709 2266 934 2324 ἐπιστολὴν
974 2266 1078 2325 πρὸς
1114 2266 1186 2309 τὸν
1226 2266 1268 2310 ἐν
1310 2263 1597 2327 Ἀλεξανδρείᾳ
1638 2267 1879 2325 οἰκονόμον,
1927 2268 2043 2318 ὅπως
2086 2269 2204 2326 αὐτῷ
2276 2318 2278 2322 ,

229 2338 398 2399 παρέχῃ
444 2339 547 2399 πρὸς
583 2339 697 2397 ὠνὴν
747 2340 804 2382 ὧν
852 2336 901 2382 ἂν
941 2336 1043 2398 εὕρῃ
1085 2337 1320 2382 καλλίστων
1358 2339 1431 2382 καὶ
1471 2338 1715 2383 πολυτελῶν
1758 2340 1973 2399 χρήματα.
2042 2343 2212 2384 Deinde

230 2413 490 2467 Hyrcanum
520 2412 835 2455 Alexandriam
873 2412 1127 2466 profectum
1167 2412 1223 2454 ab
1254 2412 1418 2455 Arione
1454 2414 1596 2467 patris
1635 2425 1889 2456 oeconomo
1930 2426 2012 2468 pro
2054 2416 2211 2457 decem
2272 2463 2274 2466 ¹

229 2486 408 2528 talentis
439 2497 556 2539 quae
585 2487 715 2539 pater
750 2485 1020 2528 destinasset
1049 2486 1171 2527 mille
1201 2486 1456 2539 postulasse
1494 2498 1746 2540 eorumque
1784 2499 1994 2540 magnam
2035 2489 2211 2542 partem
2271 2486 2274 2487 ⁷

230 2558 276 2598 in
322 2558 439 2599 dona
482 2557 772 2611 impendisse.
965 2562 1016 2599 63
1055 2559 1119 2599 De
1164 2559 1375 2611 vectigali
1409 2559 1613 2612 remisso,
1660 2559 1784 2612 quod
1829 2560 1885 2602 ad
1929 2561 1996 2602 rei
2039 2561 2210 2604 navalis

231 2631 468 2683 sumptum
488 2630 771 2671 tolerandum
790 2630 1063 2672 destinatum
1085 2632 1193 2684 erat,
1212 2631 1323 2671 haec
1344 2631 1699 2684 interpretantur
1714 2632 1961 2686 Drumann,
1979 2633 2210 2686 Letronne,
2271 2632 2274 2638 ⁴

231 2701 484 2743 Lumbroso
513 2701 792 2743 Becherches
823 2713 866 2757 p.
890 2705 985 2743 298.
1035 2701 1093 2743 At
1113 2702 1346 2755 quomodo
1381 2700 1588 2760 σύλληψις
1619 2704 1811 2756 vectigal
1833 2704 2073 2758 significari
2104 2715 2210 2758 pos-

231 2774 312 2826 set,
343 2784 434 2814 non
464 2773 813 2826 expediverunt3
845 2774 1011 2814 etenim
1032 2774 1322 2815 Drumannus
1354 2774 1539 2827 quidem
1563 2786 1679 2828 quos
1710 2775 1840 2817 affert
1859 2777 1983 2819 locos
2015 2777 2209 2829 (Diodor.

230 2844 348 2898 XIX,
373 2847 439 2898 63,
463 2847 501 2886 4.
531 2845 627 2898 XX,
652 2848 748 2898 402,
768 2848 806 2886 2.
837 2845 1055 2899 XXXVII,
1071 2849 1158 2899 8,2.
1204 2846 1371 2887 Aelian.
1394 2845 1497 2887 Var.
1521 2847 1624 2888 hist.
1646 2847 1698 2900 11,
1722 2850 1746 2887 2
1777 2851 1960 2902 Ρ.48,Η
2001 2849 2209 2890 Herchcr.

231 2916 390 2958 Suidas
422 2927 456 2958 s.
479 2929 522 2958 v.
554 2914 788 2972 ξυλλαβεῖν)
827 2918 868 2958 01
899 2917 956 2960 ad
986 2929 1128 2958 unum
1161 2929 1318 2960 omnes
1358 2918 1511 2959 tritam
1543 2918 1789 2960 verborum
1822 2917 2128 2976 συλλαμβάνειν
2167 2922 2212 2962 et

233 2986 608 3045 συνεπιλαμβάνειν
654 2989 886 3031 notionem
931 2989 1099 3031 habent
1145 2989 1212 3041 (cf.
1256 2983 1343 3032 ἀλλ’
1383 2986 1483 3032 ὅταν
1523 2988 1684 3050 σπεύδῃ
1721 3005 1782 3038 τις
1822 2989 1961 3046 αὐτός,
2005 2992 2072 3051 χὼ
2112 2990 2209 3040 θεὸς

231 3058 545 3116 ξυλλαμβάνει),
586 3073 702 3114 quae
732 3061 936 3115 profecto
977 3073 1069 3103 non
1111 3061 1277 3103 sufficit
1317 3062 1374 3103 ad
1413 3062 1459 3103 id
1497 3062 1784 3116 probandum
1824 3065 1947 3117 quod
1985 3065 2057 3105 ille
2098 3065 2209 3106 vult.

232 3132 364 3182 Quod
394 3144 499 3174 cum
529 3133 673 3187 probe
703 3134 980 3187 intellegeret
1009 3134 1244 3188 Letronne,
1287 3134 1583 3176 similitudine
1613 3147 1784 3177 vocum
1817 3134 2003 3186 σύνταξις
2041 3137 2087 3177 111
2124 3137 2210 3178 1100

231 3205 362 3247 titulo
383 3197 627 3259 usurpatae
648 3207 693 3247 et
721 3203 880 3263 ἐγλαβὴ
904 3209 980 3263 τῆς
1002 3209 1190 3264 νιτρικῆς
1211 3207 1256 3247 in
1278 3208 1468 3259 papyris
1491 3208 1769 3249 occurrentis
1793 3205 1998 3265 σύλληψις
2029 3209 2210 3250 notione

231 3278 463 3331 vectigalis
495 3278 732 3320 defendere
763 3278 951 3320 studuit.
1002 3277 1057 3319 At
1087 3275 1275 3327 σύνταξις
1306 3280 1571 3332 neutiquam
1594 3280 1785 3332 vectigal
1816 3282 1884 3322 est
1915 3280 1981 3332 (cf.
2013 3282 2103 3322 not.
2128 3281 2208 3334 53),

234 3345 514 3405 ἐκλαμβάνειν
547 3361 655 3392 vero
687 3350 741 3391 de
772 3349 988 3403 exigenda
1019 3350 1235 3404 pensione
1266 3352 1385 3391 recte
1411 3350 1588 3405 dicitur,
1621 3349 1932 3408 συλλαμβάνειν
1964 3363 2055 3393 11011
2085 3352 2206 3393 item.

233 3420 364 3469 Quod
392 3423 610 3474 quoniam
642 3420 848 3481 σύλληψιν
879 3422 1102 3464 eiusmodi
1132 3423 1398 3476 pensionem
1429 3423 1678 3476 significare
1709 3409 1855 3478 neque
1877 3423 2122 3477 probatum
2141 3425 2210 3465 est

232 3503 381 3545 neque
416 3493 508 3535 ulla
546 3495 720 3536 ratione
761 3495 944 3548 probari
983 3496 1148 3548 potest,
1199 3505 1254 3536 ne
1294 3494 1338 3536 C.
1367 3495 1699 3538 Wachsmuthii
1749 3495 1934 3549 quidem
1975 3495 2206 3549 sententia,

235 3565 496 3606 acutissima
527 3576 646 3620 sane,
678 3567 838 3622 placet,
870 3568 948 3621 qui
978 3568 1089 3610 Mus.
1121 3567 1256 3609 Rhen.
1288 3566 1413 3608 XXX
1442 3579 1485 3620 p.
1512 3570 1591 3610 448
1630 3568 1821 3622 vectigal
1861 3579 1950 3609 non
1989 3568 2034 3609 in
2070 3578 2207 3610 usum

235 3636 299 3677 rei
338 3637 523 3690 navaliS,
563 3637 641 3679 sed
679 3638 735 3680 ab
777 3640 841 3680 eis
883 3639 961 3692 qui
1004 3640 1264 3692 navigarent
1303 3639 1438 3692 pendi
1478 3640 1661 3682 solitum
1699 3640 1926 3693 intellegit.
1987 3639 2040 3682 Et
2071 3639 2205 3681 fuisse
