2314 3970
250 184 351 237 580
739 183 808 223 VI.
854 183 1001 234 Regna
1032 182 1194 222 Asiana
1226 181 1416 223 minora.
1479 183 1518 222 4.
1548 182 1730 226 Pontus,

775 256 918 260 -ae—-ss
949 252 1692 261 ψ-
1716 259 1724 261 -
1734 258 1763 261 -,.
1770 258 1962 262 ᾓ-..ῇ
1971 259 1976 261 .
1986 259 2026 264 .—

2063 184 2215 236 [374-

247 364 377 424 sunt,
419 374 450 408 a
488 359 692 408 sinistra
730 357 1070 422 fragmentum
1103 358 1228 407 alius
1262 356 1537 424 anaglyphi
1572 358 1796 408 eiusdem
1823 359 2031 409 formae.
2096 360 2214 410 Deli.

241 446 328 495 Ed.
359 446 406 495 S.
429 443 652 494 Reinach
677 444 800 493 Bull.
826 444 887 493 de
908 458 1036 494 corr.
1060 444 1183 493 Hell.
1204 445 1290 494 VII
1312 443 1350 510 (4
1367 441 1488 511 883)
1508 460 1558 511 p.
1580 445 1681 494 358
1709 461 1755 494 n.
1777 445 1839 495 ⁴0
1869 443 1976 513 (Th.
1997 445 2219 495 Reinach

243 531 570 582 Mithradates
610 531 835 598 Eupator
872 548 922 598 p.
955 532 1054 580 460
1096 546 1143 580 n.
1175 533 1204 580 9
1227 546 1254 580 c
1292 531 1368 580 ed.
1401 529 1602 597 Germ).

383 670 459 741 [Ὁ
499 670 938 744 ἱερε]ὺς(Ηλιάναξ
963 670 1399 745 Ἀσκληπιοδώρου
1423 672 1701 744 Άθηναῖ[ος
1716 674 1749 743 1]
1779 672 1785 745 Ι
1817 673 2020 727 Παπίαν
2050 673 2222 744 Μηνο-

383 759 531 831 φίλου
562 757 824 831 Ἀμισηνόν
839 763 875 830 2,
906 759 911 831 Ι
940 763 1036 814 τῶν
1074 761 1281 832 πρώτων
1322 760 1513 831 φίλων3
1552 760 1797 832 βασιλέως
1834 760 1839 832 Ι
1882 759 2215 832 Μιθραδάτου

330 859 354 901 5
383 845 676 919 Εὐπάτορος
711 846 728 919 ΙΙ
765 847 851 900 καὶ
890 847 1160 919 ἀρχίατρον
1177 851 1213 916 4,
1254 847 1548 918 τεταγμένον
1590 846 1644 901 δὲ
1674 846 1681 919 Ι
1717 846 1803 901 καὶ
1840 846 1921 901 ἐπὶ
1959 851 2054 901 τῶν
2097 848 2217 901 ἀνα-

382 933 641 1005 κρίσεωνὸ,
684 933 690 1006 Ι
731 935 884 995 θεοῖς.

353 1103 546 1146 Litterae
591 1106 788 1146 ΑΘΞΠΣ
837 1106 882 1145 et
927 1105 1067 1145 semel
1105 1104 1161 1156 (v.
1198 1108 1220 1146 6
1253 1104 1386 1157 med.)
1429 1107 1493 1158 ω,
1539 1115 1646 1146 cum
1691 1104 1877 1156 reliquis
1923 1103 2033 1144 locis
2071 1106 2112 1145 Ω
2150 1105 2221 1144 sit.

237 1180 255 1217 4
296 1176 356 1218 Cf.
389 1189 430 1218 n.
458 1176 580 1218 2584.
729 1180 754 1217 2
794 1177 939 1218 Homo
974 1178 1208 1230 ceteroqui
1240 1177 1436 1230 ignotus.
1596 1180 1618 1216 3
1658 1175 1718 1218 Cf.
1752 1188 1794 1217 n.
1818 1174 1934 1217 3742.
2095 1179 2115 1216 4
2159 1175 2221 1216 Cf.

237 1250 421 1290 titulum
462 1250 633 1291 Crateri
662 1249 977 1291 Antiochensis
1009 1262 1052 1290 n.
1075 1254 1156 1291 256
1198 1261 1304 1291 cum
1335 1251 1442 1291 nota
1475 1253 1512 1290 6.
1689 1252 1712 1289 5
1751 1248 1854 1291 Non
1893 1251 1983 1290 tam
2025 1248 2221 1289 iudicem
2283 1239 2285 1243 ’

238 1334 377 1375 quam
408 1323 723 1375 inquisitorem
755 1322 845 1363 hoc
877 1323 1111 1376 significat,
1150 1333 1255 1363 eum
1288 1323 1383 1363 sine
1426 1322 1564 1363 dubio
1596 1322 1674 1375 qui
1712 1322 1758 1362 in
1788 1322 1997 1362 homines
2030 1321 2084 1362 de
2116 1333 2224 1362 con-

237 1395 460 1436 iuratione
491 1396 651 1436 contra
681 1406 835 1447 regem
866 1396 1106 1448 suspectos
1137 1394 1482 1448 quaestionibus
1523 1395 1784 1436 exercendis
1824 1394 2007 1447 praesit.
2068 1392 2224 1446 Neque

240 1468 360 1508 enim
393 1479 554 1509 verum
586 1467 701 1510 vidit
721 1469 760 1509 S.
784 1468 831 1508 R.
863 1469 986 1509 hunc
1016 1468 1072 1509 ad
1103 1468 1362 1520 exemplum
1394 1479 1554 1509 eorum
1586 1468 1664 1521 qui
1695 1467 1741 1508 in
1771 1467 1976 1519 Aegypto
2008 1477 2223 1507 vocaren-

236 1541 311 1579 tur
353 1538 392 1580 οἱ
429 1537 482 1580 τὰ
525 1537 721 1595 βασιλικὰ
758 1537 831 1580 καὶ
872 1538 1105 1598 προσοδικά
1134 1538 1206 1581 καὶ
1248 1537 1439 1581 ἰδιωτικὰ
1478 1536 1690 1596 κρίνοντες
1728 1539 1988 1580 institutum
2026 1538 2221 1579 iudicem

236 1612 513 1666 existimans,
545 1613 917 1666 quandoquidem
941 1612 1154 1654 differunt
1174 1613 1291 1654 inter
1312 1623 1360 1654 se
1389 1610 1544 1668 κρίνειν
1577 1614 1621 1653 et
1649 1609 1895 1669 ἀνακρίνειν.
1946 1611 2071 1652 Adde
2101 1611 2223 1664 quod
2313 1657 2314 1660 Ἰ

239 1686 444 1726 omnium
486 1686 737 1740 hominum,
777 1697 974 1739 quorum
1014 1687 1199 1727 honoris
1239 1697 1376 1727 causa
1419 1686 1530 1727 haec
1570 1686 1864 1726 monumenta
1904 1686 2053 1725 erecta
2104 1686 2222 1736 sunt,
2311 1737 2314 1741 Δ

238 1757 382 1799 officia
413 1758 469 1799 ad
499 1759 644 1812 ipsius
675 1759 794 1812 regis
826 1759 1133 1801 ministerium
1165 1761 1383 1813 spectant,
1418 1760 1470 1800 ut
1501 1758 1715 1800 ordinarii
1745 1757 1910 1799 iudicis
1942 1757 2223 1809 magistratui

240 1830 314 1870 hic
344 1831 495 1872 nullus
526 1832 654 1873 locus
685 1832 757 1874 sit.
2312 1810 2314 1827 Ι

346 2061 454 2115 375
510 2066 895 2137 Monumentum
942 2067 1325 2133 amplissimum,
1385 2066 1526 2115 cuius
1572 2066 1793 2131 quinque
1842 2069 2043 2115 exstant
2087 2064 2224 2129 frag-

237 2156 424 2217 menta,
479 2167 543 2201 ex
594 2153 776 2218 quibus
821 2153 874 2201 id
919 2154 1057 2218 quod
1100 2154 1323 2202 maxime
1369 2153 1434 2202 ad
1480 2153 1737 2202 sinistram
1775 2153 2020 2216 vergebat
2057 2148 2125 2218 (a)
2169 2153 2222 2199 in

239 2239 406 2288 fronte
442 2240 616 2288 titulos
654 2240 788 2304 regis
828 2239 1130 2290 Mithridatis
1165 2240 1506 2306 Philopatoris
1544 2244 1594 2289 et
1631 2238 1948 2305 Philadelphi
1983 2238 2221 2304 habebat,

238 2327 499 2392 superiore
538 2327 743 2392 quidem
779 2329 890 2377 loco
917 2328 1153 2376 Latinum
1188 2329 1429 2393 quattuor
1462 2342 1704 2377 versuum
1743 2323 1808 2393 (v.
1844 2322 2053 2393 adnot),
2092 2325 2225 2374 infra
2280 2342 2314 2399 ti}

237 2429 353 2463 eum
390 2413 526 2463 hunc
564 2429 716 2480 quem
755 2415 1030 2480 repetimus
1058 2414 1320 2464 Graecum.
1387 2415 1443 2463 In
1483 2414 1662 2464 dextro
1697 2413 1927 2478 margine
1953 2412 2223 2477 fragmenti

238 2515 273 2550 a
311 2505 360 2550 et
397 2503 449 2550 in
486 2502 691 2568 reliquis
731 2506 972 2568 quattuor
1019 2502 1246 2552 frustulis
1285 2499 1331 2567 (b
1357 2516 1385 2551 c
1409 2499 1446 2550 d
1468 2498 1510 2569 e)
1547 2501 1679 2551 tituli
1717 2500 2011 2550 dedicatorii
2049 2499 2223 2549 civita-

236 2590 363 2638 tium
403 2590 724 2654 quarundam
771 2605 898 2655 quos
942 2589 1025 2639 hic
1075 2590 1353 2639 omittimus
1393 2587 1472 2655 (cf.
1513 2592 1618 2638 not.
1650 2585 1715 2652 6).
1791 2587 2151 2652 Fragmentum
2188 2600 2223 2635 a
2294 2592 2307 2611 ⁴

237 2677 431 2740 primus
486 2677 641 2726 edidit
685 2677 925 2726 Lanciani
978 2677 1116 2743 apud
1167 2677 1436 2727 Fiorellum
1482 2676 1676 2725 Notizie
1722 2675 1852 2739 degli
1897 2675 2035 2724 soavi
2084 2674 2219 2722 4886
2293 2685 2305 2722 ι

237 2779 286 2828 p.
323 2763 450 2828 452,
515 2763 735 2813 restituit
790 2763 880 2812 Th.
920 2765 1203 2813 Mommsen
1259 2763 1548 2814 Zeitschrift
1605 2763 1686 2812 fiir
1743 2761 2080 2811 Numismatik
2136 2760 2223 2809 XV
2303 2748 2305 2806 i

236 2864 286 2914 p.
311 2847 415 2900 207
437 2865 546 2915 sqq.
589 2848 662 2918 (G.
693 2850 868 2899 Kaibel
906 2851 1060 2900 Inscr.
1091 2851 1184 2901 Sic.
1216 2855 1265 2901 et
1289 2851 1347 2901 It.
1375 2850 1620 2900 Addenda
1658 2865 1707 2915 p.
1739 2849 1840 2898 695
1880 2864 1929 2898 n.
1960 2849 2062 2897 986
2079 2845 2147 2916 a).
2290 2844 2292 2846 ’

383 2989 655 3061 [Βασιλεὺς
708 2990 1047 3064 Μιθραδάτης
1109 2991 1434 3064 Φιλ]οπάτωρ
1496 2991 1582 3045 καὶ
1636 2989 1998 3063 Φιλάδελφος1
2045 2990 2051 3061 Ι
2100 2988 2222 3059 [υἱὸς

354 3161 547 3202 Litterae
579 3161 785 3214 volgares
817 3162 996 3215 praeter
1026 3162 1154 3203 ΑΠΣ.
1218 3162 1362 3213 Supra
1398 3160 1583 3202 titulum
1615 3160 1835 3201 Graecum
1874 3158 2031 3200 eadem
2069 3159 2222 3199 Latine

239 3233 409 3286 scripta
439 3236 578 3288 erant,
616 3246 814 3288 quorum
846 3234 1060 3287 reliquias
1090 3234 1212 3274 hunc
1242 3234 1289 3274 in
1319 3234 1509 3274 modum
1541 3232 1773 3286 supplevit
1802 3232 2071 3272 Mommsen:
2115 3228 2223 3282 [Rex

238 3303 508 3349 Metradates
545 3305 780 3362 Pilopator
817 3309 856 3349 et
894 3304 1187 3362 Pifladelpus,
1225 3318 1358 3360 reyus
1396 3302 1643 3348 Metradati
1675 3303 1723 3359 f.‚
1760 3301 1766 3360 Ι
1809 3302 2016 3359 [poplwm
2054 3301 2220 3345 Roma-

238 3390 354 3420 num
383 3376 620 3422 amicitiai
646 3380 701 3433 e]t
728 3377 954 3422 societatis
991 3391 1105 3435 erqo,
1145 3391 1259 3434 quae
1288 3376 1387 3420 iam
1421 3376 1427 3432 Ι
1462 3376 1596 3431 [inter
1625 3375 1781 3432 ipsum
1817 3378 1856 3418 et
1885 3374 2116 3418 Romanos
2146 3388 2220 3430 op-

240 3448 365 3503 tin]et
386 3483 394 3492 .
417 3449 554 3507 leqati
571 3450 856 3495 coiraverum
880 3449 885 3508 Ι
911 3449 1155 3505 [Nemmes
1177 3447 1401 3492 Nemanei
1418 3448 1451 3504 f.
1474 3453 1512 3492 et
1534 3448 1706 3503 Maffles
1726 3446 1884 3492 Mahei
1899 3446 1932 3502 fi
2077 3452 2093 3488 4
2134 3448 2220 3489 Ex-

242 3524 361 3563 stant
390 3525 723 3567 tetradrachma
760 3537 864 3566 cum
903 3525 1198 3578 inscriptione
1236 3519 1459 3570 Βασιλέως
1494 3520 1499 3578 Ι
1533 3518 1807 3580 Μιθραδάτου
1843 3518 1849 3577 Ι
1883 3517 2176 3577 Φιλοπάτορας
2211 3517 2216 3575 Ι

242 3591 510 3653 Φιλαδέλφου
548 3597 616 3651 (cf.
649 3610 689 3639 v.
722 3598 856 3639 Sallet
886 3598 1054 3639 Ztschr.
1087 3597 1113 3638 f.
1145 3596 1450 3638 Numismatik
1482 3595 1540 3635 IV
1573 3598 1681 3636 4877
1714 3607 1757 3636 n.
1780 3597 1875 3635 232.
1928 3594 2004 3635 Th.
2027 3593 2219 3634 Reinach

241 3666 393 3709 Revue
415 3671 769 3723 numismatique
793 3673 902 3711 4887
934 3682 979 3723 p.
1004 3672 1055 3711 97
1089 3672 1134 3710 et
1163 3669 1404 3721 imaginem
1438 3668 1559 3720 apud
1579 3669 1909 3709 Mommsenum
1942 3678 1984 3719 p.
2009 3665 2118 3716 207).
2170 3666 2217 3705 In
2294 3673 2297 3710 ξ
