2314 3970
222 186 326 236 626
646 184 716 224 VI.
762 184 910 235 Regna
940 180 1101 222 Asiana
1132 182 1324 222 minora.
1387 185 1425 222 7.
1457 181 1771 233 Commagene.
2042 181 2200 232 [440-
2254 0 2314 320 ,

225 360 326 409 440
366 354 617 413 Βασιλεὺς
672 353 677 423 Ι
725 349 988 424 ἈντίοχΙος
1051 352 1432 423 ΦιλόΙπαππος1
1478 351 1492 423 ΙΙ
1542 351 1805 423 βασιλέΙως
1850 349 2203 423 ἘπιΙιράνους2
2278 387 2281 391 ,

311 430 335 470 5
365 446 451 495 τοῦ
483 439 756 510 ἈνΙτιόχου
769 441 803 490 3.

335 617 528 656 Litterae
557 616 647 656 ΠΣ.
796 616 812 653 4
862 612 927 654 Ex
957 612 1104 653 tribus
1137 612 1299 654 statuis
1331 611 1480 652 media
1510 610 1748 652 manifesto
1779 611 1877 652 eius
1908 610 2103 652 hominis
2134 611 2204 651 est

219 689 349 728 cuius
371 687 531 728 honori
553 687 701 727 totum
724 686 1071 726 monumentum
1094 684 1356 725 destinatur.
1408 684 1450 724 Is
1471 684 1517 723 in
1539 682 1875 736 subscriptione
1896 682 2007 734 (442)
2032 682 2205 734 simpli-

221 760 333 799 citer
363 759 425 799 ita
456 758 710 811 appellatur
739 759 792 798 ut
822 758 969 798 civem
992 756 1309 797 Atheniensem
1332 754 1582 807 quemlibet
1603 754 1803 795 decebat.
1854 754 1911 794 At
1941 765 2046 794 cum
2069 753 2204 794 simul

219 834 263 871 et
294 831 585 883 magistratus
617 830 845 870 Romanus
876 830 922 869 et
952 839 1031 869 rex
1063 828 1210 880 fuerit,
1250 828 1482 879 utrimque
1521 826 1749 868 adduntur
1779 827 1947 866 horum
1978 826 2203 866 honorum

219 903 338 944 tituli
371 903 425 954 (n.
451 904 547 943 409.
578 901 688 954 440).
748 901 956 953 Namque
996 911 1102 942 cum
1141 901 1234 940 tres
1272 899 1408 940 modo
1447 900 1623 940 statuae
1661 898 1840 951 fuerint,
1881 898 1964 938 hos
2003 897 2204 949 quinque

218 975 375 1016 titulos
407 974 676 1015 honorarios
706 974 860 1026 trium,
893 984 983 1014 non
1014 973 1216 1025 quinque
1248 972 1485 1014 hominum
1517 982 1617 1012 esse
1648 971 1849 1023 apparet,
1879 969 1927 1010 id
1957 969 2083 1022 quod
2113 970 2205 1021 pri-

219 1059 321 1088 mus
352 1047 583 1100 perspexit
612 1046 841 1087 Marinius.
894 1044 1023 1093 Quod
1056 1056 1162 1086 vero
1195 1046 1239 1085 et
1268 1044 1366 1097 ipse
1387 1044 1694 1096 Philopappus
1725 1044 1770 1083 et
1798 1043 1927 1095 pater
1946 1041 2205 1094 Epiphanes

219 1120 324 1171 (not.
347 1120 385 1171 2)
417 1120 491 1159 hic
521 1119 645 1171 regio
678 1119 860 1158 nomine
889 1119 1096 1171 utuntur,
1135 1117 1183 1157 id
1213 1127 1324 1158 cave
1354 1127 1593 1169 perperam
1626 1115 1912 1156 intellexeris.
1973 1113 2086 1155 Nam
2116 1112 2205 1153 An-

216 1192 400 1232 tiochus
441 1202 555 1232 avus
594 1190 701 1242 (not.
735 1190 773 1241 3)
815 1191 1075 1242 postremus
1114 1191 1183 1230 est
1221 1189 1358 1230 huius
1397 1188 1553 1241 stirpis
1591 1188 1670 1241 qui
1711 1198 1760 1228 re
1789 1198 1898 1228 vera
1935 1185 2204 1238 regnaverit.

217 1265 311 1304 Iam
342 1264 540 1304 nominis
572 1263 683 1314 regii
714 1272 825 1303 usus
856 1262 902 1302 in
933 1262 1100 1314 nepote
1135 1262 1292 1302 utrum
1325 1260 1382 1301 ad
1419 1271 1593 1301 meram
1631 1259 1778 1312 ipsius
1810 1259 2057 1300 vanitatem
2093 1256 2206 1298 refe-

218 1335 385 1376 rendus
416 1335 488 1388 sit,
521 1347 577 1376 an
607 1335 883 1388 permissum
915 1334 974 1374 sit
1004 1345 1030 1374 a
1059 1333 1273 1374 Romanis
1303 1334 1356 1373 ut
1385 1332 1464 1384 qui
1496 1332 1553 1373 ad
1583 1331 1794 1384 antiquos
1825 1340 1954 1382 reges
1985 1329 2204 1384 originem

217 1408 436 1448 referrent
465 1408 554 1460 ipsi
584 1418 771 1459 quoque
800 1407 984 1447 nomine
1013 1406 1137 1457 regio
1178 1406 1426 1458 uterentur,
1466 1403 1707 1456 ambiguus
1746 1391 1903 1444 haeret
1940 1402 2204 1443 Mommsen.
2262 1413 2264 1420 ·

218 1481 325 1521 Mihi
369 1479 481 1520 illud
525 1478 809 1532 probabilius
853 1478 1046 1531 videtur,
1093 1478 1200 1530 quia
1237 1477 1528 1530 reperiuntur
1567 1476 1704 1516 etiam
1746 1475 1954 1515 homines
1995 1474 2092 1514 eius
2131 1483 2206 1524 ge-

216 1553 338 1593 neris
390 1552 470 1604 qui
521 1551 597 1592 illo
651 1551 833 1591 nomine
879 1551 1081 1602 careant;
1136 1549 1279 1591 veluti
1322 1560 1365 1589 n.
1405 1550 1484 1588 429
1544 1549 1674 1601 pater
1723 1546 1908 1599 quidem
1957 1544 2208 1586 Alexander
2292 1591 2294 1593 ,

218 1635 299 1664 rex
343 1623 610 1676 appellatur,
657 1622 775 1663 filius
820 1633 931 1664 vero
976 1621 1240 1674 Antiochus,
1289 1621 1504 1674 quaestor
1547 1631 1631 1673 pro
1686 1620 1896 1672 praetore
1941 1617 2206 1671 provinciae
2254 1605 2259 1650 Ϊ

216 1696 361 1748 Asiae,
392 1707 482 1737 non
521 1696 645 1736 item.
706 1696 819 1736 Sane
848 1694 1155 1747 Philopappus
1186 1694 1322 1734 etiam
1355 1693 1412 1733 ab
1443 1692 1542 1733 aliis
1572 1691 1835 1733 hominibus
1866 1690 1990 1743 regio
2022 1689 2205 1730 nomine
2256 1702 2262 1710 ·*

220 1770 420 1809 ornatur.
496 1767 557 1808 Cf.
590 1779 631 1808 n.
657 1768 752 1820 408,
778 1770 815 1807 3.
867 1766 1091 1807 Plutarch.
1122 1765 1304 1813 Quaest.
1334 1776 1464 1806 conv.
1494 1766 1526 1816 Ι,
1562 1766 1630 1817 40,
1661 1766 1677 1803 4
1718 1774 1760 1816 p.
1794 1763 1946 1803 62813:
1989 1759 2088 1819 ἔσχε
2127 1759 2205 1818 γὰρ

217 1838 240 1880 ὁ
281 1837 394 1897 ἀγὼν
438 1836 726 1894 ἐντονωτάτην
766 1835 964 1893 ἅμιλλαν,
1006 1834 1373 1894 ἀγωνοθετοῦντος
1411 1834 1594 1886 ἐνδόξως
1630 1833 1704 1877 καὶ
1747 1832 2084 1892 μεγαλοπρεπῶς
2129 1829 2206 1874 Φι-

216 1910 446 1953 λοπάππου
503 1913 579 1952 τοῦ
641 1908 845 1965 βασιλέως
905 1913 1000 1956 ταῖς
1062 1906 1218 1965 φυλαῖς
1278 1906 1400 1964 ὁμοῦν
1445 1905 1601 1954 πάσαις
1661 1909 1963 1966 χορηγοῦντος.
2047 1905 2204 1946 Utrum
2257 1910 2262 1939 ’-

216 1984 338 2024 tituli
383 1983 519 2024 Attici
559 1982 605 2024 C.
638 1984 670 2023 I.
700 1982 749 2023 A.
781 1983 852 2035 111,
879 1985 947 2034 78,
978 1985 1140 2035 2sqq.:
1186 1980 1258 2022 τὸν
1305 1978 1495 2039 ἄρχοντα
1538 1978 1611 2021 ’καὶ
1655 1976 1931 2036 ἀγωνοθέτην
1975 1974 2204 2020 Διονυσίων

215 2053 345 2098 Γάϊον
375 2049 550 2097 Ἰούλιον
584 2049 796 2112 Ἀντίοχον
818 2049 1038 2110 Ἐπιφάνη
1071 2050 1353 2095 Φιλόπαππον
1381 2049 1588 2109 Βησαιέα.
1645 2055 1773 2106 4020,
1798 2055 1812 2091 4
1833 2062 1899 2104 sq.
1932 2047 2203 2108 ἀγωνοθέτου
2260 2095 2266 2099 ⁷.

217 2124 495 2179 lecaeootouff)
527 2122 737 2183 Ἀντιόχου
764 2120 1117 2182 Ἐπι(φάνους)(“ἓ)
1151 2121 1450 2167 Φιλοπάππου.
1530 2123 1641 2165 Add.
1687 2134 1733 2176 p.
1772 2125 1853 2164 494
1883 2134 1926 2164 n.
1950 2125 2094 2175 238a‚
2116 2125 2156 2161 2.
2180 2124 2203 2160 3
2259 2115 2265 2123 ³
2313 2125 2314 2175 j

179 2187 184 2190 ¹
216 2196 377 2253 [Γάϊος]
421 2194 617 2251 Ἰοόλιο[ς
673 2193 883 2256 Ἀντίοχος
934 2192 1193 2254 Ἐπιφάνη]ς
1249 2193 1553 2250 Φιλόπαππος,
1615 2197 1817 2248 itemque
1877 2194 2203 2248 Lycosurensis

217 2284 259 2313 n.
282 2275 379 2325 407,
403 2275 418 2312 4
440 2282 538 2324 sqq.
576 2267 790 2316 Βασιλεὺς
815 2264 996 2316 Ἰούλιος
1021 2263 1261 2326 Ἐπιφάνης
1291 2265 1574 2314 Φιλόπαππος
1606 2268 1663 2309 ad
1692 2269 1815 2308 hunc
1844 2268 1997 2320 ipsum
2029 2267 2204 2320 specta-

215 2346 316 2385 rent
346 2356 403 2385 an
433 2343 491 2384 ad
530 2344 628 2384 eius
665 2343 842 2395 patrem
874 2342 982 2394 (not.
1007 2341 1045 2394 2)
1076 2342 1388 2384 Mommsenus
1430 2340 1677 2382 admodum
1717 2339 1907 2380 dubium
1948 2349 2047 2380 esse
2085 2337 2204 2379 iudi-

217 2417 338 2458 cavit
367 2417 555 2469 propter
586 2426 752 2456 nomen
779 2408 1033 2470 Ἐπιφάνης.
1092 2413 1207 2456 Nam
1246 2414 1334 2454 hoc
1365 2413 1550 2466 quidem
1579 2413 1626 2453 in
1663 2413 1806 2465 patre,
1846 2407 2127 2457 Φιλόπαππος
2156 2411 2204 2451 in

215 2489 307 2530 filio
338 2488 587 2542 principale
616 2487 757 2528 fuisse
789 2499 829 2528 n.
856 2489 936 2527 442
975 2498 1068 2527 non
1109 2487 1217 2527 sinit
1246 2486 1458 2527 dubitari.
1516 2485 1603 2526 Sed
1631 2485 1789 2525 utrum
1827 2486 1956 2537 pater
1994 2495 2050 2525 an
2082 2483 2203 2524 filius

217 2573 272 2601 an
294 2562 487 2613 uterque
520 2560 583 2612 (ut
604 2560 648 2600 in
670 2559 932 2600 nominibus
952 2552 1151 2614 Ἡρώδης
1173 2560 1218 2599 et
1236 2553 1419 2602 Ἀττικός
1445 2557 1537 2598 filio
1559 2558 1604 2597 et
1624 2557 1743 2610 patri
1764 2555 2085 2597 communibus
2106 2563 2204 2596 cer-

217 2634 314 2673 tum
347 2632 428 2684 est)
460 2634 694 2685 praeterea
735 2633 871 2672 etiam
903 2632 1097 2672 alterum
1135 2630 1338 2683 gesserit,
1377 2630 1454 2671 vix
1485 2640 1569 2682 pro
1612 2629 1738 2669 certo
1778 2628 1915 2681 dicas,
1953 2628 2040 2669 nisi
2079 2629 2202 2681 quod

217 2704 562 2757 Philopappum‚
585 2704 715 2744 cuius
736 2704 885 2743 totum
909 2703 1260 2744 monumentum
1282 2703 1364 2755 est,
1381 2702 1427 2742 in
1448 2701 1572 2742 nullo
1597 2711 1652 2741 ex
1674 2699 1823 2741 tribus
1844 2700 1987 2741 titulis
2009 2700 2202 2753 Epipha-

216 2787 320 2816 nem
346 2776 501 2817 vocari
532 2775 677 2816 multo
708 2775 898 2816 maioris
929 2775 1150 2816 momenti
1171 2775 1254 2827 est,
1284 2785 1424 2826 quam
1445 2773 1740 2826 Epiphanem‚
1771 2773 1851 2825 qui
1881 2784 1975 2814 non
2004 2783 2203 2815 comme-

217 2849 425 2888 moratur
454 2848 542 2888 nisi
572 2847 651 2887 filii
682 2857 831 2900 causa,
869 2847 956 2887 hoc
987 2847 1084 2888 solo
1115 2846 1297 2887 nomine
1329 2844 1583 2898 significari,
1623 2845 1760 2885 etiam
1791 2844 1830 2885 si
1869 2844 2063 2885 alterum
2092 2845 2202 2886 item

216 2920 390 2961 habuit.
442 2920 590 2972 Ipsius
622 2919 906 2960 monumenti
926 2918 1205 2972 sepulcralis,
1228 2917 1354 2970 quod
1378 2918 1491 2958 baec
1511 2917 1729 2969 inscripta
1749 2916 1899 2970 habet,
1924 2918 2202 2958 mentionem
2244 2919 2246 2921 ’

217 2992 323 3034 facit
352 2993 594 3033 Pausanias
616 2993 647 3045 I,
672 2995 743 3045 25,
766 2996 811 3033 8:
855 2989 942 3033 ἔστι
980 2989 1027 3032 δὲ
1058 2989 1174 3037 ἐντὸς
1209 2992 1285 3032 τοῦ
1315 2987 1544 3045 περιβόλου
1575 2991 1650 3030 τοῦ
1681 2985 1862 3047 ἀρχαίου
1892 2987 1939 3030 τὸ
1972 2984 2201 3044 Μουσεῖον,
2248 3027 2250 3030 .

216 3062 452 3119 ἀπαντικρὺ
493 3068 570 3120 τῆς
609 3061 885 3118 ἀκροπόλεως
924 3061 1072 3118 λόφος,
1110 3059 1215 3106 ἔνθα
1251 3057 1472 3104 Μουσαῖον
1511 3051 1628 3118 ᾅδειν
1667 3060 1740 3102 ’καὶ
1781 3057 2049 3102 ἀποθανόντα
2089 3059 2202 3118 γήρᾳ
2246 3058 2272 3109 s<

214 3139 402 3192 ταφῆναι
451 3133 669 3192 λέγουσιν·
727 3132 898 3192 ὕστερον
949 3133 998 3176 δὲ
1044 3132 1118 3176 ’καὶ
1170 3138 1318 3191 μνῆμα
1366 3129 1514 3175 αὐτόθι
1572 3131 1692 3189 ἀνδρὶ
1741 3125 2010 3188 ᾠκοδομήθη
2062 3129 2200 3190 Σύρῳ.
2247 3162 2250 3166 -

212 3212 242 3259 ,2
283 3208 505 3249 Postremi
544 3208 867 3259 Commagenes
906 3208 1024 3259 regis
1066 3207 1275 3248 Antiochi
1306 3206 1363 3246 IV
1410 3206 1529 3246 filius
1575 3206 1686 3246 natu
1729 3205 1886 3257 maior,
1932 3205 2201 3258 Philopappi
2269 3211 2274 3227 ²

218 3282 358 3332 pater.
420 3279 480 3320 Cf.
513 3280 688 3332 Ioseph.
718 3279 823 3320 Bell.
846 3279 897 3333 V,
928 3282 1031 3320 46οε
1070 3277 1113 3320 ἐν
1155 3277 1202 3319 δὲ
1231 3275 1368 3334 τούτῳ
1398 3275 1472 3319 καὶ
1503 3271 1790 3331 ὁἘπιφανὴς
1819 3270 2029 3334 Ἀντίοχος
2061 3280 2198 3331 παρῆν
2242 3325 2247 3330 ‚

217 3350 374 3397 ἄλλους
403 3365 448 3392 τε
481 3348 654 3396 ὁπλίτας
686 3349 866 3409 συχνοὺς
899 3348 1011 3407 ἔχων
1050 3348 1122 3392 καὶ
1158 3348 1253 3408 περὶ
1281 3347 1406 3390 αὑτὸν
1446 3350 1593 3404 στῖφος
1627 3342 1901 3389 Μακεδόνων.
1963 3348 2063 3388 Tac.
2094 3347 2198 3389 hist.
2243 3359 2246 3363 ’

217 3424 268 3476 ΙΙ,
292 3427 366 3464 25:
407 3421 674 3465 vulneratur
700 3435 780 3464 rex
808 3420 1085 3477 BhoipIzanes,
1123 3419 1320 3477 impiyre
1341 3433 1430 3475 pro
1465 3417 1632 3462 Othone
1664 3430 1876 3474 pugnam
1905 3416 2031 3461 ciens
2061 3420 2112 3472 (a.
2146 3423 2197 3460 69
2240 3430 2245 3437 ‘

217 3505 260 3545 p.
281 3495 382 3535 Chr.
404 3495 476 3546 n.).
526 3494 658 3548 Apud
690 3506 825 3547 quem
858 3496 961 3549 iam,
993 3496 1046 3536 ut
1075 3495 1121 3535 in
1151 3494 1294 3534 titulis
1319 3496 1398 3533 440
1423 3494 1467 3533 et
1491 3495 1586 3545 442,
1618 3490 1746 3543 quod
1777 3501 2026 3542 cognomen
2058 3491 2200 3532 hono-
2235 3478 2240 3487 “

218 3565 395 3606 rificum
429 3566 586 3620 fuerat,
628 3567 674 3607 in
706 3568 943 3620 proprium
986 3568 1031 3607 et
1069 3565 1319 3619 principale
1356 3565 1556 3606 hominis
1593 3573 1760 3603 nomen
1801 3562 1925 3603 abiit.
1984 3563 2111 3603 Anno
2145 3565 2227 3618 72-

218 3648 325 3677 cum
355 3639 485 3690 pater
515 3649 653 3690 regno
687 3640 931 3679 exueretur
962 3639 1069 3690 (not.
1098 3638 1150 3691 3),
1183 3638 1255 3678 ille
1286 3637 1425 3678 armis
1457 3637 1677 3677 obsistere
1707 3635 1896 3675 conatus
1927 3646 2032 3675 cum
2065 3634 2198 3676 fratre
2226 3632 2231 3642 ⁷
